时间,成交价,价格变动,成交量,成交额,买卖盘性质,股票代码,采集时间
09:25:00,11.72,0.16,14335,16801089,买盘,000006,2025-10-17 22:53:18
09:30:00,11.87,0.15,4309,5076152,买盘,000006,2025-10-17 22:53:18
09:30:03,11.9,0.03,10802,12807126,买盘,000006,2025-10-17 22:53:18
09:30:06,11.99,0.09,4209,5039797,买盘,000006,2025-10-17 22:53:18
09:30:09,12.03,0.04,3524,4233872,买盘,000006,2025-10-17 22:53:18
09:30:12,12.05,0.02,1918,2312946,买盘,000006,2025-10-17 22:53:18
09:30:15,12.15,0.1,2443,2954340,买盘,000006,2025-10-17 22:53:18
09:30:18,12.16,0.01,4899,5940524,买盘,000006,2025-10-17 22:53:18
09:30:21,12.1,-0.06,3222,3918506,卖盘,000006,2025-10-17 22:53:18
09:30:24,12.05,-0.05,5082,6133197,卖盘,000006,2025-10-17 22:53:18
09:30:27,12.0,-0.05,5946,7150653,卖盘,000006,2025-10-17 22:53:18
09:30:30,11.93,-0.07,4323,5185963,卖盘,000006,2025-10-17 22:53:18
09:30:33,11.95,0.02,3031,3629006,买盘,000006,2025-10-17 22:53:18
09:30:36,12.15,0.2,6574,7919614,买盘,000006,2025-10-17 22:53:18
09:30:39,12.16,0.01,3645,4413028,买盘,000006,2025-10-17 22:53:18
09:30:42,12.16,0.0,4702,5712925,买盘,000006,2025-10-17 22:53:18
09:30:45,12.16,0.0,5585,6803314,买盘,000006,2025-10-17 22:53:18
09:30:48,12.2,0.04,2653,3227679,买盘,000006,2025-10-17 22:53:18
09:30:51,12.16,-0.04,5728,6982249,中性盘,000006,2025-10-17 22:53:18
09:30:54,12.21,0.05,3896,4754958,买盘,000006,2025-10-17 22:53:18
09:30:57,12.2,-0.01,4204,5137285,卖盘,000006,2025-10-17 22:53:18
09:31:00,12.17,-0.03,3247,3975091,卖盘,000006,2025-10-17 22:53:18
09:31:03,12.17,0.0,3911,4781560,卖盘,000006,2025-10-17 22:53:18
09:31:06,12.17,0.0,4476,5457218,卖盘,000006,2025-10-17 22:53:18
09:31:09,12.17,0.0,2710,3304234,卖盘,000006,2025-10-17 22:53:18
09:31:12,12.17,0.0,5192,6325872,卖盘,000006,2025-10-17 22:53:18
09:31:15,12.15,-0.02,2748,3341811,卖盘,000006,2025-10-17 22:53:18
09:31:18,12.15,0.0,2595,3155126,买盘,000006,2025-10-17 22:53:18
09:31:21,12.17,0.02,2419,2939215,买盘,000006,2025-10-17 22:53:18
09:31:24,12.17,0.0,3305,4011508,买盘,000006,2025-10-17 22:53:18
09:31:27,12.15,-0.02,3582,4359584,中性盘,000006,2025-10-17 22:53:18
09:31:30,12.14,-0.01,2584,3145924,卖盘,000006,2025-10-17 22:53:18
09:31:33,12.15,0.01,4737,5762294,卖盘,000006,2025-10-17 22:53:18
09:31:36,12.16,0.01,2154,2620584,中性盘,000006,2025-10-17 22:53:18
09:31:39,12.15,-0.01,1688,2052174,卖盘,000006,2025-10-17 22:53:18
09:31:42,12.19,0.04,2855,3471789,买盘,000006,2025-10-17 22:53:18
09:31:45,12.18,-0.01,1425,1735341,卖盘,000006,2025-10-17 22:53:18
09:31:48,12.18,0.0,1427,1739010,买盘,000006,2025-10-17 22:53:18
09:31:51,12.24,0.06,967,1180390,买盘,000006,2025-10-17 22:53:18
09:31:54,12.2,-0.04,1746,2137973,卖盘,000006,2025-10-17 22:53:18
09:31:57,12.24,0.04,1391,1702149,买盘,000006,2025-10-17 22:53:18
09:32:00,12.23,-0.01,1733,2119955,卖盘,000006,2025-10-17 22:53:18
09:32:03,12.24,0.01,2163,2651222,买盘,000006,2025-10-17 22:53:18
09:32:06,12.21,-0.03,2467,3016181,卖盘,000006,2025-10-17 22:53:18
09:32:09,12.22,0.01,2483,3034602,买盘,000006,2025-10-17 22:53:18
09:32:12,12.21,-0.01,1426,1742961,卖盘,000006,2025-10-17 22:53:18
09:32:15,12.26,0.05,2324,2842354,买盘,000006,2025-10-17 22:53:18
09:32:18,12.31,0.05,4357,5355996,买盘,000006,2025-10-17 22:53:18
09:32:21,12.28,-0.03,2550,3136469,卖盘,000006,2025-10-17 22:53:18
09:32:24,12.31,0.03,799,983903,中性盘,000006,2025-10-17 22:53:18
09:32:27,12.37,0.06,4017,4970463,买盘,000006,2025-10-17 22:53:18
09:32:30,12.43,0.06,1673,2071455,买盘,000006,2025-10-17 22:53:18
09:32:33,12.48,0.05,2133,2652104,买盘,000006,2025-10-17 22:53:18
09:32:36,12.5,0.02,2851,3558346,买盘,000006,2025-10-17 22:53:18
09:32:39,12.49,-0.01,2026,2530193,中性盘,000006,2025-10-17 22:53:18
09:32:42,12.48,-0.01,2110,2632765,中性盘,000006,2025-10-17 22:53:18
09:32:45,12.46,-0.02,2952,3682540,中性盘,000006,2025-10-17 22:53:18
09:32:48,12.44,-0.02,3092,3851385,卖盘,000006,2025-10-17 22:53:18
09:32:51,12.45,0.01,2618,3261663,买盘,000006,2025-10-17 22:53:18
09:32:54,12.45,0.0,6047,7531663,买盘,000006,2025-10-17 22:53:18
09:32:57,12.45,0.0,7205,8968075,买盘,000006,2025-10-17 22:53:18
09:33:00,12.47,0.02,2275,2832386,买盘,000006,2025-10-17 22:53:18
09:33:03,12.48,0.01,1487,1854147,买盘,000006,2025-10-17 22:53:18
09:33:06,12.47,-0.01,5035,6283795,卖盘,000006,2025-10-17 22:53:18
09:33:09,12.5,0.03,3064,3838343,买盘,000006,2025-10-17 22:53:18
09:33:12,12.6,0.1,25449,32054728,买盘,000006,2025-10-17 22:53:18
09:33:15,12.6,0.0,4160,5241600,卖盘,000006,2025-10-17 22:53:18
09:33:18,12.6,0.0,2159,2720340,卖盘,000006,2025-10-17 22:53:18
09:33:21,12.6,0.0,2888,3638880,卖盘,000006,2025-10-17 22:53:18
09:33:24,12.6,0.0,5292,6668084,卖盘,000006,2025-10-17 22:53:18
09:33:27,12.6,0.0,4072,5130720,卖盘,000006,2025-10-17 22:53:18
09:33:30,12.54,-0.06,7778,9779931,卖盘,000006,2025-10-17 22:53:18
09:33:33,12.5,-0.04,2840,3554021,卖盘,000006,2025-10-17 22:53:18
09:33:36,12.5,0.0,1231,1538364,买盘,000006,2025-10-17 22:53:18
09:33:39,12.49,-0.01,1416,1770807,卖盘,000006,2025-10-17 22:53:18
09:33:42,12.51,0.02,1258,1574166,买盘,000006,2025-10-17 22:53:18
09:33:45,12.51,0.0,2505,3134346,卖盘,000006,2025-10-17 22:53:18
09:33:48,12.51,0.0,1358,1698700,卖盘,000006,2025-10-17 22:53:18
09:33:51,12.51,0.0,2305,2878862,买盘,000006,2025-10-17 22:53:18
09:33:54,12.44,-0.07,4347,5417831,卖盘,000006,2025-10-17 22:53:18
09:33:57,12.43,-0.01,2964,3701346,卖盘,000006,2025-10-17 22:53:18
09:34:00,12.44,0.01,1031,1281736,买盘,000006,2025-10-17 22:53:18
09:34:03,12.44,0.0,818,1018440,买盘,000006,2025-10-17 22:53:18
09:34:06,12.43,-0.01,1513,1880378,卖盘,000006,2025-10-17 22:53:18
09:34:09,12.43,0.0,1202,1493482,卖盘,000006,2025-10-17 22:53:18
09:34:12,12.42,-0.01,650,807655,卖盘,000006,2025-10-17 22:53:18
09:34:15,12.42,0.0,1723,2138993,卖盘,000006,2025-10-17 22:53:18
09:34:18,12.41,-0.01,1224,1519658,卖盘,000006,2025-10-17 22:53:18
09:34:21,12.43,0.02,1567,1946067,买盘,000006,2025-10-17 22:53:18
09:34:24,12.42,-0.01,1560,1936948,卖盘,000006,2025-10-17 22:53:18
09:34:27,12.41,-0.01,1334,1656286,卖盘,000006,2025-10-17 22:53:18
09:34:30,12.43,0.02,3000,3729177,买盘,000006,2025-10-17 22:53:18
09:34:33,12.49,0.06,2189,2726110,买盘,000006,2025-10-17 22:53:18
09:34:36,12.5,0.01,1500,1871391,买盘,000006,2025-10-17 22:53:18
09:34:39,12.49,-0.01,1856,2319580,中性盘,000006,2025-10-17 22:53:18
09:34:42,12.55,0.06,900,1126083,买盘,000006,2025-10-17 22:53:18
09:34:45,12.56,0.01,1161,1455973,买盘,000006,2025-10-17 22:53:18
09:34:48,12.57,0.01,1923,2413409,买盘,000006,2025-10-17 22:53:18
09:34:51,12.57,0.0,1141,1433794,买盘,000006,2025-10-17 22:53:18
09:34:54,12.51,-0.06,1937,2433373,卖盘,000006,2025-10-17 22:53:18
09:34:57,12.58,0.07,1886,2371610,买盘,000006,2025-10-17 22:53:18
09:35:00,12.56,-0.02,2747,3453692,卖盘,000006,2025-10-17 22:53:18
09:35:03,12.54,-0.02,3323,4169325,卖盘,000006,2025-10-17 22:53:18
09:35:06,12.5,-0.04,4887,6109592,卖盘,000006,2025-10-17 22:53:18
09:35:09,12.48,-0.02,507,632599,中性盘,000006,2025-10-17 22:53:18
09:35:12,12.48,0.0,1132,1411774,买盘,000006,2025-10-17 22:53:18
09:35:15,12.49,0.01,1177,1467459,买盘,000006,2025-10-17 22:53:18
09:35:18,12.48,-0.01,1029,1283270,卖盘,000006,2025-10-17 22:53:18
09:35:21,12.48,0.0,1353,1686440,卖盘,000006,2025-10-17 22:53:18
09:35:24,12.47,-0.01,436,543832,中性盘,000006,2025-10-17 22:53:18
09:35:27,12.45,-0.02,772,961625,中性盘,000006,2025-10-17 22:53:18
09:35:30,12.42,-0.03,661,821861,卖盘,000006,2025-10-17 22:53:18
09:35:33,12.43,0.01,722,896792,买盘,000006,2025-10-17 22:53:18
09:35:36,12.43,0.0,2981,3707878,买盘,000006,2025-10-17 22:53:18
09:35:39,12.45,0.02,560,695896,卖盘,000006,2025-10-17 22:53:18
09:35:42,12.44,-0.01,410,509926,中性盘,000006,2025-10-17 22:53:18
09:35:45,12.43,-0.01,1093,1359949,卖盘,000006,2025-10-17 22:53:18
09:35:48,12.47,0.04,1531,1905174,买盘,000006,2025-10-17 22:53:18
09:35:51,12.51,0.04,2436,3042906,买盘,000006,2025-10-17 22:53:18
09:35:54,12.49,-0.02,321,401468,卖盘,000006,2025-10-17 22:53:18
09:35:57,12.5,0.01,2338,2920674,买盘,000006,2025-10-17 22:53:18
09:36:00,12.5,0.0,1456,1819341,买盘,000006,2025-10-17 22:53:18
09:36:03,12.49,-0.01,2505,3129872,买盘,000006,2025-10-17 22:53:18
09:36:06,12.5,0.01,2936,3675486,中性盘,000006,2025-10-17 22:53:18
09:36:09,12.5,0.0,494,618069,卖盘,000006,2025-10-17 22:53:18
09:36:12,12.5,0.0,2432,3041424,卖盘,000006,2025-10-17 22:53:18
09:36:15,12.51,0.01,622,777890,买盘,000006,2025-10-17 22:53:18
09:36:18,12.51,0.0,580,725830,卖盘,000006,2025-10-17 22:53:18
09:36:21,12.53,0.02,1598,2002703,买盘,000006,2025-10-17 22:53:18
09:36:24,12.57,0.04,1776,2231165,买盘,000006,2025-10-17 22:53:18
09:36:27,12.58,0.01,3628,4560371,买盘,000006,2025-10-17 22:53:18
09:36:30,12.58,0.0,1889,2375686,买盘,000006,2025-10-17 22:53:18
09:36:33,12.56,-0.02,1302,1637645,卖盘,000006,2025-10-17 22:53:18
09:36:36,12.57,0.01,893,1123034,中性盘,000006,2025-10-17 22:53:18
09:36:39,12.55,-0.02,1566,1969694,卖盘,000006,2025-10-17 22:53:18
09:36:42,12.58,0.03,1247,1566892,买盘,000006,2025-10-17 22:53:18
09:36:45,12.57,-0.01,2433,3055535,买盘,000006,2025-10-17 22:53:18
09:36:48,12.57,0.0,904,1136326,买盘,000006,2025-10-17 22:53:18
09:36:51,12.57,0.0,1250,1571839,卖盘,000006,2025-10-17 22:53:18
09:36:54,12.58,0.01,1350,1697516,买盘,000006,2025-10-17 22:53:18
09:36:57,12.58,0.0,1918,2412698,卖盘,000006,2025-10-17 22:53:18
09:37:00,12.59,0.01,1352,1701407,买盘,000006,2025-10-17 22:53:18
09:37:03,12.58,-0.01,2872,3612251,买盘,000006,2025-10-17 22:53:18
09:37:06,12.57,-0.01,1896,2381797,买盘,000006,2025-10-17 22:53:18
09:37:09,12.53,-0.04,2052,2573097,卖盘,000006,2025-10-17 22:53:18
09:37:12,12.47,-0.06,1598,1998094,卖盘,000006,2025-10-17 22:53:18
09:37:15,12.47,0.0,291,363895,卖盘,000006,2025-10-17 22:53:18
09:37:18,12.5,0.03,224,279456,买盘,000006,2025-10-17 22:53:18
09:37:21,12.49,-0.01,1083,1351613,买盘,000006,2025-10-17 22:53:18
09:37:24,12.51,0.02,1479,1846587,买盘,000006,2025-10-17 22:53:18
09:37:27,12.5,-0.01,720,900861,卖盘,000006,2025-10-17 22:53:18
09:37:30,12.5,0.0,919,1148738,卖盘,000006,2025-10-17 22:53:18
09:37:33,12.49,-0.01,294,367459,中性盘,000006,2025-10-17 22:53:18
09:37:36,12.5,0.01,886,1106977,买盘,000006,2025-10-17 22:53:18
09:37:39,12.49,-0.01,1083,1355197,卖盘,000006,2025-10-17 22:53:18
09:37:42,12.55,0.06,472,590985,买盘,000006,2025-10-17 22:53:18
09:37:45,12.54,-0.01,4462,5606845,中性盘,000006,2025-10-17 22:53:18
09:37:48,12.6,0.06,35673,44944796,买盘,000006,2025-10-17 22:53:18
09:37:51,12.6,0.0,325,409500,卖盘,000006,2025-10-17 22:53:18
09:37:54,12.6,0.0,1313,1654380,卖盘,000006,2025-10-17 22:53:18
09:37:57,12.6,0.0,5492,6919920,卖盘,000006,2025-10-17 22:53:18
09:38:00,12.56,-0.04,2608,3285001,卖盘,000006,2025-10-17 22:53:18
09:38:03,12.56,0.0,487,611045,买盘,000006,2025-10-17 22:53:18
09:38:06,12.55,-0.01,921,1155169,中性盘,000006,2025-10-17 22:53:18
09:38:09,12.56,0.01,614,770398,买盘,000006,2025-10-17 22:53:18
09:38:12,12.55,-0.01,576,723684,卖盘,000006,2025-10-17 22:53:18
09:38:15,12.56,0.01,1068,1341669,中性盘,000006,2025-10-17 22:53:18
09:38:18,12.56,0.0,1363,1713421,卖盘,000006,2025-10-17 22:53:18
09:38:21,12.56,0.0,1836,2306854,卖盘,000006,2025-10-17 22:53:18
09:38:24,12.56,0.0,854,1074072,卖盘,000006,2025-10-17 22:53:18
09:38:27,12.58,0.02,644,809905,买盘,000006,2025-10-17 22:53:18
09:38:30,12.58,0.0,2340,2946717,买盘,000006,2025-10-17 22:53:18
09:38:33,12.6,0.02,2070,2607537,买盘,000006,2025-10-17 22:53:18
09:38:36,12.6,0.0,2515,3168668,买盘,000006,2025-10-17 22:53:18
09:38:39,12.6,0.0,4478,5642004,买盘,000006,2025-10-17 22:53:18
09:38:42,12.6,0.0,2625,3307500,卖盘,000006,2025-10-17 22:53:18
09:38:45,12.6,0.0,1661,2092860,卖盘,000006,2025-10-17 22:53:18
09:38:48,12.6,0.0,1074,1353240,卖盘,000006,2025-10-17 22:53:18
09:38:51,12.6,0.0,1040,1310400,卖盘,000006,2025-10-17 22:53:18
09:38:54,12.6,0.0,635,800478,卖盘,000006,2025-10-17 22:53:18
09:38:57,12.6,0.0,2141,2697660,卖盘,000006,2025-10-17 22:53:18
09:39:00,12.6,0.0,2968,3739680,卖盘,000006,2025-10-17 22:53:18
09:39:03,12.6,0.0,3335,4202100,卖盘,000006,2025-10-17 22:53:18
09:39:06,12.6,0.0,4229,5328754,卖盘,000006,2025-10-17 22:53:18
09:39:09,12.59,-0.01,2318,2920678,卖盘,000006,2025-10-17 22:53:18
09:39:12,12.6,0.01,1367,1722211,买盘,000006,2025-10-17 22:53:18
09:39:15,12.58,-0.02,3620,4550865,卖盘,000006,2025-10-17 22:53:18
09:39:18,12.57,-0.01,214,269134,中性盘,000006,2025-10-17 22:53:18
09:39:21,12.59,0.02,523,657797,买盘,000006,2025-10-17 22:53:18
09:39:24,12.59,0.0,582,732275,买盘,000006,2025-10-17 22:53:18
09:39:27,12.58,-0.01,638,802913,卖盘,000006,2025-10-17 22:53:18
09:39:30,12.58,0.0,986,1240478,卖盘,000006,2025-10-17 22:53:18
09:39:33,12.55,-0.03,3251,4080518,卖盘,000006,2025-10-17 22:53:18
09:39:36,12.53,-0.02,341,427768,卖盘,000006,2025-10-17 22:53:18
09:39:39,12.54,0.01,318,398800,中性盘,000006,2025-10-17 22:53:18
09:39:42,12.5,-0.04,5004,6260359,卖盘,000006,2025-10-17 22:53:18
09:39:45,12.54,0.04,393,491784,买盘,000006,2025-10-17 22:53:18
09:39:48,12.49,-0.05,695,868708,卖盘,000006,2025-10-17 22:53:18
09:39:51,12.5,0.01,503,628976,卖盘,000006,2025-10-17 22:53:18
09:39:54,12.51,0.01,1243,1555606,买盘,000006,2025-10-17 22:53:18
09:39:57,12.5,-0.01,330,412992,卖盘,000006,2025-10-17 22:53:18
09:40:00,12.5,0.0,970,1213044,卖盘,000006,2025-10-17 22:53:18
09:40:03,12.48,-0.02,4608,5753911,卖盘,000006,2025-10-17 22:53:18
09:40:06,12.45,-0.03,1727,2151403,卖盘,000006,2025-10-17 22:53:18
09:40:09,12.46,0.01,635,790672,买盘,000006,2025-10-17 22:53:18
09:40:12,12.43,-0.03,1336,1662258,卖盘,000006,2025-10-17 22:53:18
09:40:15,12.46,0.03,1327,1652620,买盘,000006,2025-10-17 22:53:18
09:40:18,12.46,0.0,1631,2030589,买盘,000006,2025-10-17 22:53:18
09:40:21,12.47,0.01,547,681873,买盘,000006,2025-10-17 22:53:18
09:40:24,12.49,0.02,247,308245,买盘,000006,2025-10-17 22:53:18
09:40:27,12.5,0.01,2647,3306283,买盘,000006,2025-10-17 22:53:18
09:40:30,12.47,-0.03,237,296052,中性盘,000006,2025-10-17 22:53:18
09:40:33,12.48,0.01,616,769193,买盘,000006,2025-10-17 22:53:18
09:40:36,12.49,0.01,338,421619,买盘,000006,2025-10-17 22:53:18
09:40:39,12.46,-0.03,1220,1520660,卖盘,000006,2025-10-17 22:53:18
09:40:42,12.45,-0.01,1032,1286776,卖盘,000006,2025-10-17 22:53:18
09:40:45,12.46,0.01,735,915342,买盘,000006,2025-10-17 22:53:18
09:40:48,12.44,-0.02,1282,1596113,卖盘,000006,2025-10-17 22:53:18
09:40:51,12.45,0.01,1146,1426537,买盘,000006,2025-10-17 22:53:18
09:40:54,12.44,-0.01,734,913857,卖盘,000006,2025-10-17 22:53:18
09:40:57,12.45,0.01,1022,1272837,买盘,000006,2025-10-17 22:53:18
09:41:00,12.45,0.0,406,505579,卖盘,000006,2025-10-17 22:53:18
09:41:03,12.46,0.01,631,785875,买盘,000006,2025-10-17 22:53:18
09:41:06,12.47,0.01,802,998908,买盘,000006,2025-10-17 22:53:18
09:41:09,12.45,-0.02,1315,1638120,卖盘,000006,2025-10-17 22:53:18
09:41:12,12.48,0.03,977,1217549,买盘,000006,2025-10-17 22:53:18
09:41:15,12.46,-0.02,8370,10461133,卖盘,000006,2025-10-17 22:53:18
09:41:18,12.46,0.0,1297,1616441,中性盘,000006,2025-10-17 22:53:18
09:41:21,12.45,-0.01,5546,6899019,卖盘,000006,2025-10-17 22:53:18
09:41:24,12.44,-0.01,1767,2198794,卖盘,000006,2025-10-17 22:53:18
09:41:27,12.43,-0.01,487,605663,卖盘,000006,2025-10-17 22:53:18
09:41:30,12.43,0.0,516,641830,卖盘,000006,2025-10-17 22:53:18
09:41:33,12.43,0.0,963,1197039,卖盘,000006,2025-10-17 22:53:18
09:41:36,12.44,0.01,834,1036948,买盘,000006,2025-10-17 22:53:18
09:41:39,12.43,-0.01,169,210149,卖盘,000006,2025-10-17 22:53:18
09:41:42,12.43,0.0,576,716411,卖盘,000006,2025-10-17 22:53:18
09:41:45,12.43,0.0,433,538169,买盘,000006,2025-10-17 22:53:18
09:41:48,12.4,-0.03,2572,3191631,卖盘,000006,2025-10-17 22:53:18
09:41:51,12.37,-0.03,3904,4837361,卖盘,000006,2025-10-17 22:53:18
09:41:54,12.42,0.05,1062,1317940,买盘,000006,2025-10-17 22:53:18
09:41:57,12.42,0.0,2264,2808647,卖盘,000006,2025-10-17 22:53:18
09:42:00,12.42,0.0,552,685503,卖盘,000006,2025-10-17 22:53:18
09:42:03,12.42,0.0,3243,4032659,卖盘,000006,2025-10-17 22:53:18
09:42:06,12.42,0.0,1962,2438613,卖盘,000006,2025-10-17 22:53:18
09:42:09,12.44,0.02,128,159296,中性盘,000006,2025-10-17 22:53:18
09:42:12,12.46,0.02,214,266544,买盘,000006,2025-10-17 22:53:18
09:42:15,12.46,0.0,302,376105,买盘,000006,2025-10-17 22:53:18
09:42:18,12.45,-0.01,244,303978,卖盘,000006,2025-10-17 22:53:18
09:42:21,12.46,0.01,475,591762,买盘,000006,2025-10-17 22:53:18
09:42:24,12.46,0.0,915,1139388,卖盘,000006,2025-10-17 22:53:18
09:42:27,12.45,-0.01,460,573205,卖盘,000006,2025-10-17 22:53:18
09:42:30,12.47,0.02,723,901418,买盘,000006,2025-10-17 22:53:18
09:42:33,12.47,0.0,214,266960,卖盘,000006,2025-10-17 22:53:18
09:42:36,12.47,0.0,817,1018888,卖盘,000006,2025-10-17 22:53:18
09:42:39,12.47,0.0,354,441562,卖盘,000006,2025-10-17 22:53:18
09:42:42,12.46,-0.01,220,274203,卖盘,000006,2025-10-17 22:53:18
09:42:45,12.46,0.0,427,532234,卖盘,000006,2025-10-17 22:53:18
09:42:48,12.46,0.0,206,256719,买盘,000006,2025-10-17 22:53:18
09:42:51,12.47,0.01,283,352603,买盘,000006,2025-10-17 22:53:18
09:42:54,12.46,-0.01,1078,1343191,卖盘,000006,2025-10-17 22:53:18
09:42:57,12.46,0.0,1082,1348100,买盘,000006,2025-10-17 22:53:18
09:43:00,12.47,0.01,239,297796,买盘,000006,2025-10-17 22:53:18
09:43:03,12.47,0.0,172,214336,买盘,000006,2025-10-17 22:53:18
09:43:06,12.47,0.0,242,301654,买盘,000006,2025-10-17 22:53:18
09:43:09,12.48,0.01,510,636089,买盘,000006,2025-10-17 22:53:18
09:43:12,12.48,0.0,1001,1247345,买盘,000006,2025-10-17 22:53:18
09:43:15,12.48,0.0,385,480261,买盘,000006,2025-10-17 22:53:18
09:43:18,12.48,0.0,574,715859,买盘,000006,2025-10-17 22:53:18
09:43:21,12.48,0.0,72,89904,卖盘,000006,2025-10-17 22:53:18
09:43:24,12.5,0.02,572,714063,买盘,000006,2025-10-17 22:53:18
09:43:27,12.49,-0.01,255,318559,中性盘,000006,2025-10-17 22:53:18
09:43:30,12.49,0.0,630,787436,卖盘,000006,2025-10-17 22:53:18
09:43:33,12.5,0.01,1801,2251144,买盘,000006,2025-10-17 22:53:18
09:43:36,12.5,0.0,193,241287,买盘,000006,2025-10-17 22:53:18
09:43:39,12.5,0.0,299,373945,卖盘,000006,2025-10-17 22:53:18
09:43:42,12.52,0.02,363,453936,买盘,000006,2025-10-17 22:53:18
09:43:45,12.51,-0.01,319,399115,卖盘,000006,2025-10-17 22:53:18
09:43:48,12.52,0.01,768,961321,买盘,000006,2025-10-17 22:53:18
09:43:51,12.54,0.02,453,567081,买盘,000006,2025-10-17 22:53:18
09:43:54,12.52,-0.02,699,875957,卖盘,000006,2025-10-17 22:53:18
09:43:57,12.54,0.02,1882,2359663,买盘,000006,2025-10-17 22:53:18
09:44:00,12.54,0.0,1067,1338416,卖盘,000006,2025-10-17 22:53:18
09:44:03,12.49,-0.05,5164,6444785,卖盘,000006,2025-10-17 22:53:18
09:44:06,12.46,-0.03,295,368224,卖盘,000006,2025-10-17 22:53:18
09:44:09,12.49,0.03,104,129781,买盘,000006,2025-10-17 22:53:18
09:44:12,12.48,-0.01,234,292071,卖盘,000006,2025-10-17 22:53:18
09:44:15,12.48,0.0,252,314806,卖盘,000006,2025-10-17 22:53:18
09:44:18,12.49,0.01,476,594511,中性盘,000006,2025-10-17 22:53:18
09:44:21,12.48,-0.01,427,532926,卖盘,000006,2025-10-17 22:53:18
09:44:24,12.5,0.02,492,614753,买盘,000006,2025-10-17 22:53:18
09:44:27,12.5,0.0,498,622500,卖盘,000006,2025-10-17 22:53:18
09:44:30,12.5,0.0,705,881099,买盘,000006,2025-10-17 22:53:18
09:44:33,12.5,0.0,561,701243,卖盘,000006,2025-10-17 22:53:18
09:44:36,12.51,0.01,484,605338,买盘,000006,2025-10-17 22:53:18
09:44:39,12.51,0.0,906,1132730,买盘,000006,2025-10-17 22:53:18
09:44:42,12.5,-0.01,806,1008437,卖盘,000006,2025-10-17 22:53:18
09:44:45,12.5,0.0,378,473091,卖盘,000006,2025-10-17 22:53:18
09:44:48,12.5,0.0,61,76277,卖盘,000006,2025-10-17 22:53:18
09:44:51,12.53,0.03,1669,2089456,买盘,000006,2025-10-17 22:53:18
09:44:54,12.53,0.0,280,350842,卖盘,000006,2025-10-17 22:53:18
09:44:57,12.54,0.01,572,717450,买盘,000006,2025-10-17 22:53:18
09:45:00,12.55,0.01,402,504197,中性盘,000006,2025-10-17 22:53:18
09:45:03,12.54,-0.01,238,298385,卖盘,000006,2025-10-17 22:53:18
09:45:06,12.53,-0.01,362,453853,卖盘,000006,2025-10-17 22:53:18
09:45:09,12.53,0.0,99,124158,买盘,000006,2025-10-17 22:53:18
09:45:12,12.53,0.0,647,810312,买盘,000006,2025-10-17 22:53:18
09:45:15,12.52,-0.01,723,905447,卖盘,000006,2025-10-17 22:53:18
09:45:18,12.53,0.01,845,1058572,买盘,000006,2025-10-17 22:53:18
09:45:21,12.52,-0.01,258,323254,卖盘,000006,2025-10-17 22:53:18
09:45:24,12.53,0.01,703,880787,买盘,000006,2025-10-17 22:53:18
09:45:27,12.52,-0.01,599,750055,卖盘,000006,2025-10-17 22:53:18
09:45:30,12.52,0.0,158,197883,买盘,000006,2025-10-17 22:53:18
09:45:33,12.52,0.0,371,464654,卖盘,000006,2025-10-17 22:53:18
09:45:36,12.52,0.0,152,190301,买盘,000006,2025-10-17 22:53:18
09:45:39,12.53,0.01,609,762715,买盘,000006,2025-10-17 22:53:18
09:45:42,12.53,0.0,662,828901,买盘,000006,2025-10-17 22:53:18
09:45:45,12.52,-0.01,1226,1534246,卖盘,000006,2025-10-17 22:53:18
09:45:48,12.52,0.0,173,216669,买盘,000006,2025-10-17 22:53:18
09:45:51,12.51,-0.01,320,400505,卖盘,000006,2025-10-17 22:53:18
09:45:54,12.52,0.01,671,840518,买盘,000006,2025-10-17 22:53:18
09:45:57,12.53,0.01,361,452303,买盘,000006,2025-10-17 22:53:18
09:46:00,12.53,0.0,186,232968,卖盘,000006,2025-10-17 22:53:18
09:46:03,12.53,0.0,91,114007,买盘,000006,2025-10-17 22:53:18
09:46:06,12.52,-0.01,275,344352,卖盘,000006,2025-10-17 22:53:18
09:46:09,12.52,0.0,157,196628,卖盘,000006,2025-10-17 22:53:18
09:46:12,12.52,0.0,290,363172,卖盘,000006,2025-10-17 22:53:18
09:46:15,12.52,0.0,423,529784,卖盘,000006,2025-10-17 22:53:18
09:46:18,12.51,-0.01,865,1082743,卖盘,000006,2025-10-17 22:53:18
09:46:21,12.51,0.0,195,243913,买盘,000006,2025-10-17 22:53:18
09:46:24,12.5,-0.01,90,112515,卖盘,000006,2025-10-17 22:53:18
09:46:27,12.5,0.0,152,190080,卖盘,000006,2025-10-17 22:53:18
09:46:30,12.5,0.0,788,985166,卖盘,000006,2025-10-17 22:53:18
09:46:33,12.5,0.0,804,1004941,买盘,000006,2025-10-17 22:53:18
09:46:36,12.5,0.0,3489,4365988,卖盘,000006,2025-10-17 22:53:18
09:46:39,12.53,0.03,338,423239,买盘,000006,2025-10-17 22:53:18
09:46:42,12.52,-0.01,355,444219,卖盘,000006,2025-10-17 22:53:18
09:46:45,12.54,0.02,1318,1651157,买盘,000006,2025-10-17 22:53:18
09:46:48,12.55,0.01,3140,3939136,买盘,000006,2025-10-17 22:53:18
09:46:51,12.55,0.0,2703,3396434,买盘,000006,2025-10-17 22:53:18
09:46:54,12.59,0.04,1230,1546769,买盘,000006,2025-10-17 22:53:18
09:46:57,12.58,-0.01,1445,1818706,中性盘,000006,2025-10-17 22:53:18
09:47:00,12.58,0.0,485,610110,买盘,000006,2025-10-17 22:53:18
09:47:03,12.58,0.0,2312,2902270,买盘,000006,2025-10-17 22:53:18
09:47:06,12.53,-0.05,796,998412,中性盘,000006,2025-10-17 22:53:18
09:47:09,12.5,-0.03,804,1006366,卖盘,000006,2025-10-17 22:53:18
09:47:12,12.48,-0.02,928,1159222,卖盘,000006,2025-10-17 22:53:18
09:47:15,12.48,0.0,307,383113,买盘,000006,2025-10-17 22:53:18
09:47:18,12.47,-0.01,431,537705,卖盘,000006,2025-10-17 22:53:18
09:47:21,12.48,0.01,426,531434,买盘,000006,2025-10-17 22:53:18
09:47:24,12.48,0.0,97,121073,卖盘,000006,2025-10-17 22:53:18
09:47:27,12.49,0.01,415,518535,买盘,000006,2025-10-17 22:53:18
09:47:30,12.5,0.01,735,918565,买盘,000006,2025-10-17 22:53:18
09:47:33,12.48,-0.02,676,844458,卖盘,000006,2025-10-17 22:53:18
09:47:36,12.49,0.01,632,789162,买盘,000006,2025-10-17 22:53:18
09:47:39,12.5,0.01,668,833478,买盘,000006,2025-10-17 22:53:18
09:47:42,12.48,-0.02,1789,2234244,卖盘,000006,2025-10-17 22:53:18
09:47:45,12.48,0.0,292,364406,买盘,000006,2025-10-17 22:53:18
09:47:48,12.47,-0.01,416,518897,卖盘,000006,2025-10-17 22:53:18
09:47:51,12.47,0.0,307,382990,卖盘,000006,2025-10-17 22:53:18
09:47:54,12.47,0.0,338,421504,卖盘,000006,2025-10-17 22:53:18
09:47:57,12.48,0.01,211,263200,买盘,000006,2025-10-17 22:53:18
09:48:00,12.48,0.0,50,62409,卖盘,000006,2025-10-17 22:53:18
09:48:03,12.48,0.0,1328,1656551,卖盘,000006,2025-10-17 22:53:18
09:48:06,12.49,0.01,466,581621,买盘,000006,2025-10-17 22:53:18
09:48:09,12.47,-0.02,347,433264,卖盘,000006,2025-10-17 22:53:18
09:48:12,12.47,0.0,509,634986,卖盘,000006,2025-10-17 22:53:18
09:48:15,12.49,0.02,447,558459,买盘,000006,2025-10-17 22:53:18
09:48:18,12.48,-0.01,627,782244,卖盘,000006,2025-10-17 22:53:18
09:48:21,12.48,0.0,572,713485,买盘,000006,2025-10-17 22:53:18
09:48:24,12.49,0.01,403,503242,买盘,000006,2025-10-17 22:53:18
09:48:27,12.48,-0.01,178,222150,卖盘,000006,2025-10-17 22:53:18
09:48:30,12.48,0.0,158,197185,卖盘,000006,2025-10-17 22:53:18
09:48:33,12.48,0.0,68,84816,买盘,000006,2025-10-17 22:53:18
09:48:36,12.47,-0.01,106,132204,卖盘,000006,2025-10-17 22:53:18
09:48:39,12.47,0.0,217,270705,卖盘,000006,2025-10-17 22:53:18
09:48:42,12.46,-0.01,460,573726,卖盘,000006,2025-10-17 22:53:18
09:48:45,12.47,0.01,186,231938,买盘,000006,2025-10-17 22:53:18
09:48:48,12.46,-0.01,186,231789,卖盘,000006,2025-10-17 22:53:18
09:48:51,12.47,0.01,285,355172,买盘,000006,2025-10-17 22:53:18
09:48:54,12.47,0.0,70,87230,买盘,000006,2025-10-17 22:53:18
09:48:57,12.46,-0.01,1217,1515770,卖盘,000006,2025-10-17 22:53:18
09:49:00,12.44,-0.02,13,16194,卖盘,000006,2025-10-17 22:53:18
09:49:03,12.44,0.0,322,400690,卖盘,000006,2025-10-17 22:53:18
09:49:06,12.44,0.0,134,166696,买盘,000006,2025-10-17 22:53:18
09:49:09,12.45,0.01,249,309689,买盘,000006,2025-10-17 22:53:18
09:49:12,12.45,0.0,617,768661,卖盘,000006,2025-10-17 22:53:18
09:49:15,12.45,0.0,1045,1302351,卖盘,000006,2025-10-17 22:53:18
09:49:18,12.46,0.01,371,461975,中性盘,000006,2025-10-17 22:53:18
09:49:21,12.47,0.01,386,481307,买盘,000006,2025-10-17 22:53:18
09:49:24,12.46,-0.01,344,428859,卖盘,000006,2025-10-17 22:53:18
09:49:27,12.47,0.01,301,375209,买盘,000006,2025-10-17 22:53:18
09:49:30,12.47,0.0,2318,2884698,卖盘,000006,2025-10-17 22:53:18
09:49:33,12.47,0.0,663,827114,买盘,000006,2025-10-17 22:53:18
09:49:36,12.46,-0.01,96,119547,卖盘,000006,2025-10-17 22:53:18
09:49:39,12.46,0.0,152,189224,买盘,000006,2025-10-17 22:53:18
09:49:42,12.45,-0.01,78,97145,卖盘,000006,2025-10-17 22:53:18
09:49:45,12.44,-0.01,75,93261,中性盘,000006,2025-10-17 22:53:18
09:49:48,12.43,-0.01,2403,2984495,卖盘,000006,2025-10-17 22:53:18
09:49:51,12.42,-0.01,279,346748,买盘,000006,2025-10-17 22:53:18
09:49:54,12.41,-0.01,60,74468,卖盘,000006,2025-10-17 22:53:18
09:49:57,12.41,0.0,579,718843,卖盘,000006,2025-10-17 22:53:18
09:50:00,12.4,-0.01,150,186213,卖盘,000006,2025-10-17 22:53:18
09:50:03,12.41,0.01,1855,2302886,买盘,000006,2025-10-17 22:53:18
09:50:06,12.41,0.0,657,815441,卖盘,000006,2025-10-17 22:53:18
09:50:09,12.4,-0.01,365,453050,卖盘,000006,2025-10-17 22:53:18
09:50:12,12.46,0.06,435,541080,买盘,000006,2025-10-17 22:53:18
09:50:15,12.44,-0.02,1480,1837793,中性盘,000006,2025-10-17 22:53:18
09:50:18,12.45,0.01,193,240097,买盘,000006,2025-10-17 22:53:18
09:50:21,12.45,0.0,158,196633,买盘,000006,2025-10-17 22:53:18
09:50:24,12.45,0.0,175,217861,买盘,000006,2025-10-17 22:53:18
09:50:27,12.46,0.01,162,201692,买盘,000006,2025-10-17 22:53:18
09:50:30,12.46,0.0,597,743940,买盘,000006,2025-10-17 22:53:18
09:50:33,12.47,0.01,426,531107,买盘,000006,2025-10-17 22:53:18
09:50:36,12.46,-0.01,1423,1773113,卖盘,000006,2025-10-17 22:53:18
09:50:39,12.44,-0.02,1779,2215723,卖盘,000006,2025-10-17 22:53:18
09:50:42,12.44,0.0,434,540579,卖盘,000006,2025-10-17 22:53:18
09:50:45,12.44,0.0,65,80986,卖盘,000006,2025-10-17 22:53:18
09:50:48,12.45,0.01,549,683209,买盘,000006,2025-10-17 22:53:18
09:50:51,12.44,-0.01,211,262403,卖盘,000006,2025-10-17 22:53:18
09:50:54,12.44,0.0,58,72122,买盘,000006,2025-10-17 22:53:18
09:50:57,12.44,0.0,359,446486,买盘,000006,2025-10-17 22:53:18
09:51:00,12.48,0.04,654,815423,买盘,000006,2025-10-17 22:53:18
09:51:03,12.47,-0.01,42,52360,买盘,000006,2025-10-17 22:53:18
09:51:06,12.45,-0.02,148,184212,卖盘,000006,2025-10-17 22:53:18
09:51:09,12.44,-0.01,244,303543,卖盘,000006,2025-10-17 22:53:18
09:51:12,12.43,-0.01,209,259933,卖盘,000006,2025-10-17 22:53:18
09:51:15,12.43,0.0,567,704776,卖盘,000006,2025-10-17 22:53:18
09:51:18,12.43,0.0,166,206210,买盘,000006,2025-10-17 22:53:18
09:51:21,12.43,0.0,508,631461,买盘,000006,2025-10-17 22:53:18
09:51:24,12.43,0.0,168,208818,卖盘,000006,2025-10-17 22:53:18
09:51:27,12.44,0.01,348,432763,买盘,000006,2025-10-17 22:53:18
09:51:30,12.44,0.0,95,118186,卖盘,000006,2025-10-17 22:53:18
09:51:33,12.45,0.01,260,323598,买盘,000006,2025-10-17 22:53:18
09:51:36,12.46,0.01,810,1008128,买盘,000006,2025-10-17 22:53:18
09:51:39,12.44,-0.02,24,29867,卖盘,000006,2025-10-17 22:53:18
09:51:42,12.44,0.0,560,696694,买盘,000006,2025-10-17 22:53:18
09:51:45,12.44,0.0,30,37320,买盘,000006,2025-10-17 22:53:18
09:51:48,12.44,0.0,2533,3161243,买盘,000006,2025-10-17 22:53:18
09:51:51,12.47,0.03,1728,2148880,买盘,000006,2025-10-17 22:53:18
09:51:54,12.47,0.0,53,66093,买盘,000006,2025-10-17 22:53:18
09:51:57,12.45,-0.02,264,328929,卖盘,000006,2025-10-17 22:53:18
09:52:00,12.46,0.01,147,183022,买盘,000006,2025-10-17 22:53:18
09:52:03,12.44,-0.02,220,273881,卖盘,000006,2025-10-17 22:53:18
09:52:06,12.44,0.0,181,225235,卖盘,000006,2025-10-17 22:53:18
09:52:09,12.44,0.0,1890,2353555,卖盘,000006,2025-10-17 22:53:18
09:52:12,12.46,0.02,406,505369,买盘,000006,2025-10-17 22:53:18
09:52:15,12.47,0.01,530,660375,买盘,000006,2025-10-17 22:53:18
09:52:18,12.46,-0.01,546,680576,卖盘,000006,2025-10-17 22:53:18
09:52:21,12.46,0.0,216,269133,卖盘,000006,2025-10-17 22:53:18
09:52:24,12.46,0.0,129,160741,买盘,000006,2025-10-17 22:53:18
09:52:27,12.46,0.0,108,134568,买盘,000006,2025-10-17 22:53:18
09:52:30,12.45,-0.01,1433,1785400,卖盘,000006,2025-10-17 22:53:18
09:52:33,12.46,0.01,471,586784,买盘,000006,2025-10-17 22:53:18
09:52:36,12.46,0.0,71,88472,卖盘,000006,2025-10-17 22:53:18
09:52:39,12.46,0.0,93,115887,卖盘,000006,2025-10-17 22:53:18
09:52:42,12.47,0.01,501,624396,买盘,000006,2025-10-17 22:53:18
09:52:45,12.46,-0.01,491,611276,买盘,000006,2025-10-17 22:53:18
09:52:48,12.45,-0.01,78,97181,卖盘,000006,2025-10-17 22:53:18
09:52:51,12.47,0.02,99,123308,买盘,000006,2025-10-17 22:53:18
09:52:54,12.47,0.0,198,246657,买盘,000006,2025-10-17 22:53:18
09:52:57,12.47,0.0,203,253044,买盘,000006,2025-10-17 22:53:18
09:53:00,12.46,-0.01,111,138374,中性盘,000006,2025-10-17 22:53:18
09:53:03,12.47,0.01,318,396409,买盘,000006,2025-10-17 22:53:18
09:53:06,12.46,-0.01,958,1193413,卖盘,000006,2025-10-17 22:53:18
09:53:09,12.47,0.01,72,89700,买盘,000006,2025-10-17 22:53:18
09:53:12,12.49,0.02,4204,5250505,买盘,000006,2025-10-17 22:53:18
09:53:15,12.5,0.01,87,108686,买盘,000006,2025-10-17 22:53:18
09:53:18,12.5,0.0,289,361128,买盘,000006,2025-10-17 22:53:18
09:53:21,12.49,-0.01,278,347295,卖盘,000006,2025-10-17 22:53:18
09:53:24,12.49,0.0,521,650817,卖盘,000006,2025-10-17 22:53:18
09:53:27,12.5,0.01,718,897011,买盘,000006,2025-10-17 22:53:18
09:53:30,12.46,-0.04,282,351715,卖盘,000006,2025-10-17 22:53:18
09:53:33,12.49,0.03,60,74940,买盘,000006,2025-10-17 22:53:18
09:53:36,12.49,0.0,9,11235,买盘,000006,2025-10-17 22:53:18
09:53:39,12.49,0.0,129,161053,买盘,000006,2025-10-17 22:53:18
09:53:42,12.48,-0.01,86,107401,中性盘,000006,2025-10-17 22:53:18
09:53:45,12.46,-0.02,37,46109,卖盘,000006,2025-10-17 22:53:18
09:53:48,12.47,0.01,292,363939,买盘,000006,2025-10-17 22:53:18
09:53:51,12.47,0.0,339,422850,卖盘,000006,2025-10-17 22:53:18
09:53:54,12.49,0.02,231,288192,买盘,000006,2025-10-17 22:53:18
09:53:57,12.49,0.0,18,22482,买盘,000006,2025-10-17 22:53:18
09:54:00,12.48,-0.01,60,74904,卖盘,000006,2025-10-17 22:53:18
09:54:03,12.48,0.0,383,478006,卖盘,000006,2025-10-17 22:53:18
09:54:06,12.47,-0.01,144,179551,卖盘,000006,2025-10-17 22:53:18
09:54:09,12.47,0.0,176,219456,卖盘,000006,2025-10-17 22:53:18
09:54:12,12.47,0.0,566,705857,买盘,000006,2025-10-17 22:53:18
09:54:15,12.48,0.01,164,204671,买盘,000006,2025-10-17 22:53:18
09:54:18,12.47,-0.01,173,215732,卖盘,000006,2025-10-17 22:53:18
09:54:21,12.47,0.0,289,360579,卖盘,000006,2025-10-17 22:53:18
09:54:24,12.47,0.0,227,283286,卖盘,000006,2025-10-17 22:53:18
09:54:27,12.47,0.0,246,306606,卖盘,000006,2025-10-17 22:53:18
09:54:30,12.49,0.02,720,898637,买盘,000006,2025-10-17 22:53:18
09:54:33,12.48,-0.01,43,53703,卖盘,000006,2025-10-17 22:53:18
09:54:36,12.48,0.0,421,525668,卖盘,000006,2025-10-17 22:53:18
09:54:39,12.49,0.01,55,68690,买盘,000006,2025-10-17 22:53:18
09:54:42,12.49,0.0,211,263395,买盘,000006,2025-10-17 22:53:18
09:54:45,12.48,-0.01,244,304728,卖盘,000006,2025-10-17 22:53:18
09:54:48,12.49,0.01,526,656555,买盘,000006,2025-10-17 22:53:18
09:54:51,12.48,-0.01,348,434356,卖盘,000006,2025-10-17 22:53:18
09:54:54,12.48,0.0,111,138612,卖盘,000006,2025-10-17 22:53:18
09:54:57,12.48,0.0,247,308033,卖盘,000006,2025-10-17 22:53:18
09:55:00,12.48,0.0,269,335948,卖盘,000006,2025-10-17 22:53:18
09:55:03,12.48,0.0,21,26208,买盘,000006,2025-10-17 22:53:18
09:55:06,12.47,-0.01,553,689630,卖盘,000006,2025-10-17 22:53:18
09:55:09,12.46,-0.01,1074,1338230,卖盘,000006,2025-10-17 22:53:18
09:55:12,12.45,-0.01,383,476907,卖盘,000006,2025-10-17 22:53:18
09:55:15,12.44,-0.01,559,695391,卖盘,000006,2025-10-17 22:53:18
09:55:18,12.43,-0.01,62,77088,卖盘,000006,2025-10-17 22:53:18
09:55:21,12.43,0.0,111,137982,卖盘,000006,2025-10-17 22:53:18
09:55:24,12.44,0.01,285,354264,买盘,000006,2025-10-17 22:53:18
09:55:27,12.43,-0.01,202,251109,卖盘,000006,2025-10-17 22:53:18
09:55:30,12.44,0.01,410,510021,买盘,000006,2025-10-17 22:53:18
09:55:33,12.46,0.02,1145,1425323,买盘,000006,2025-10-17 22:53:18
09:55:36,12.46,0.0,679,845794,买盘,000006,2025-10-17 22:53:18
09:55:39,12.46,0.0,112,139630,卖盘,000006,2025-10-17 22:53:18
09:55:42,12.45,-0.01,126,157041,卖盘,000006,2025-10-17 22:53:18
09:55:45,12.46,0.01,135,168147,买盘,000006,2025-10-17 22:53:18
09:55:48,12.46,0.0,287,357524,买盘,000006,2025-10-17 22:53:18
09:55:51,12.45,-0.01,439,546673,卖盘,000006,2025-10-17 22:53:18
09:55:54,12.45,0.0,212,263989,卖盘,000006,2025-10-17 22:53:18
09:55:57,12.44,-0.01,83,103299,卖盘,000006,2025-10-17 22:53:18
09:56:00,12.44,0.0,48,59731,卖盘,000006,2025-10-17 22:53:18
09:56:03,12.44,0.0,499,620798,卖盘,000006,2025-10-17 22:53:18
09:56:06,12.44,0.0,494,614116,买盘,000006,2025-10-17 22:53:18
09:56:09,12.43,-0.01,173,215138,卖盘,000006,2025-10-17 22:53:18
09:56:12,12.44,0.01,1374,1709560,买盘,000006,2025-10-17 22:53:18
09:56:15,12.43,-0.01,295,366686,卖盘,000006,2025-10-17 22:53:18
09:56:18,12.43,0.0,102,126795,卖盘,000006,2025-10-17 22:53:18
09:56:21,12.43,0.0,139,172772,买盘,000006,2025-10-17 22:53:18
09:56:24,12.42,-0.01,430,534142,卖盘,000006,2025-10-17 22:53:18
09:56:27,12.42,0.0,334,414991,卖盘,000006,2025-10-17 22:53:18
09:56:30,12.43,0.01,108,134183,买盘,000006,2025-10-17 22:53:18
09:56:33,12.42,-0.01,160,198810,卖盘,000006,2025-10-17 22:53:18
09:56:36,12.42,0.0,109,135397,卖盘,000006,2025-10-17 22:53:18
09:56:39,12.42,0.0,1208,1499825,卖盘,000006,2025-10-17 22:53:18
09:56:42,12.42,0.0,172,213606,买盘,000006,2025-10-17 22:53:18
09:56:45,12.42,0.0,21,26077,买盘,000006,2025-10-17 22:53:18
09:56:48,12.41,-0.01,1901,2359144,卖盘,000006,2025-10-17 22:53:18
09:56:51,12.41,0.0,94,116605,买盘,000006,2025-10-17 22:53:18
09:56:54,12.41,0.0,425,527352,买盘,000006,2025-10-17 22:53:18
09:56:57,12.41,0.0,649,805167,买盘,000006,2025-10-17 22:53:18
09:57:00,12.4,-0.01,565,700836,卖盘,000006,2025-10-17 22:53:18
09:57:03,12.4,0.0,249,308781,卖盘,000006,2025-10-17 22:53:18
09:57:06,12.4,0.0,269,333570,卖盘,000006,2025-10-17 22:53:18
09:57:09,12.4,0.0,933,1157405,卖盘,000006,2025-10-17 22:53:18
09:57:12,12.39,-0.01,543,673122,卖盘,000006,2025-10-17 22:53:18
09:57:15,12.39,0.0,337,418200,卖盘,000006,2025-10-17 22:53:18
09:57:18,12.39,0.0,429,531825,卖盘,000006,2025-10-17 22:53:18
09:57:21,12.39,0.0,129,159886,卖盘,000006,2025-10-17 22:53:18
09:57:24,12.39,0.0,305,378170,卖盘,000006,2025-10-17 22:53:18
09:57:27,12.4,0.01,430,532524,买盘,000006,2025-10-17 22:53:18
09:57:30,12.4,0.0,139,172318,卖盘,000006,2025-10-17 22:53:18
09:57:33,12.4,0.0,295,365717,买盘,000006,2025-10-17 22:53:18
09:57:36,12.4,0.0,651,807194,买盘,000006,2025-10-17 22:53:18
09:57:39,12.39,-0.01,619,767424,卖盘,000006,2025-10-17 22:53:18
09:57:42,12.39,0.0,85,105348,卖盘,000006,2025-10-17 22:53:18
09:57:45,12.39,0.0,228,282558,卖盘,000006,2025-10-17 22:53:18
09:57:48,12.39,0.0,761,943045,卖盘,000006,2025-10-17 22:53:18
09:57:51,12.39,0.0,1617,2002135,卖盘,000006,2025-10-17 22:53:18
09:57:54,12.38,-0.01,247,305885,卖盘,000006,2025-10-17 22:53:18
09:57:57,12.39,0.01,1240,1534512,买盘,000006,2025-10-17 22:53:18
09:58:00,12.37,-0.02,1019,1260685,卖盘,000006,2025-10-17 22:53:18
09:58:03,12.37,0.0,724,895702,卖盘,000006,2025-10-17 22:53:18
09:58:06,12.38,0.01,629,778361,买盘,000006,2025-10-17 22:53:18
09:58:09,12.38,0.0,201,248731,买盘,000006,2025-10-17 22:53:18
09:58:12,12.37,-0.01,919,1137150,卖盘,000006,2025-10-17 22:53:18
09:58:15,12.37,0.0,250,309462,卖盘,000006,2025-10-17 22:53:18
09:58:18,12.37,0.0,1147,1419007,卖盘,000006,2025-10-17 22:53:18
09:58:21,12.37,0.0,444,549250,卖盘,000006,2025-10-17 22:53:18
09:58:24,12.37,0.0,621,768321,卖盘,000006,2025-10-17 22:53:18
09:58:27,12.37,0.0,411,508491,卖盘,000006,2025-10-17 22:53:18
09:58:30,12.37,0.0,1033,1277973,卖盘,000006,2025-10-17 22:53:18
09:58:33,12.37,0.0,1458,1803605,卖盘,000006,2025-10-17 22:53:18
09:58:36,12.37,0.0,6087,7530428,卖盘,000006,2025-10-17 22:53:18
09:58:39,12.37,0.0,1718,2125562,卖盘,000006,2025-10-17 22:53:18
09:58:42,12.37,0.0,465,575228,卖盘,000006,2025-10-17 22:53:18
09:58:45,12.37,0.0,382,472585,卖盘,000006,2025-10-17 22:53:18
09:58:48,12.37,0.0,948,1172908,卖盘,000006,2025-10-17 22:53:18
09:58:51,12.37,0.0,703,869611,卖盘,000006,2025-10-17 22:53:18
09:58:54,12.37,0.0,217,268233,买盘,000006,2025-10-17 22:53:18
09:58:57,12.36,-0.01,742,916568,卖盘,000006,2025-10-17 22:53:18
09:59:00,12.35,-0.01,220,271742,卖盘,000006,2025-10-17 22:53:18
09:59:03,12.33,-0.02,798,984825,卖盘,000006,2025-10-17 22:53:18
09:59:06,12.31,-0.02,700,862159,卖盘,000006,2025-10-17 22:53:18
09:59:09,12.31,0.0,298,366944,卖盘,000006,2025-10-17 22:53:18
09:59:12,12.36,0.05,2110,2602253,买盘,000006,2025-10-17 22:53:18
09:59:15,12.32,-0.04,1321,1630496,卖盘,000006,2025-10-17 22:53:18
09:59:18,12.32,0.0,93,114652,卖盘,000006,2025-10-17 22:53:18
09:59:21,12.33,0.01,909,1119070,卖盘,000006,2025-10-17 22:53:18
09:59:24,12.32,-0.01,82,101045,卖盘,000006,2025-10-17 22:53:18
09:59:27,12.32,0.0,380,467845,买盘,000006,2025-10-17 22:53:18
09:59:30,12.31,-0.01,293,360832,中性盘,000006,2025-10-17 22:53:18
09:59:33,12.3,-0.01,427,525079,卖盘,000006,2025-10-17 22:53:18
09:59:36,12.3,0.0,223,274258,买盘,000006,2025-10-17 22:53:18
09:59:39,12.29,-0.01,292,358953,卖盘,000006,2025-10-17 22:53:18
09:59:42,12.29,0.0,221,271475,买盘,000006,2025-10-17 22:53:18
09:59:45,12.28,-0.01,371,455402,卖盘,000006,2025-10-17 22:53:18
09:59:48,12.27,-0.01,327,401379,卖盘,000006,2025-10-17 22:53:18
09:59:51,12.27,0.0,1652,2027023,卖盘,000006,2025-10-17 22:53:18
09:59:54,12.26,-0.01,290,355486,卖盘,000006,2025-10-17 22:53:18
09:59:57,12.25,-0.01,293,358976,卖盘,000006,2025-10-17 22:53:18
10:00:00,12.24,-0.01,224,274212,卖盘,000006,2025-10-17 22:53:18
10:00:03,12.24,0.0,1376,1683318,买盘,000006,2025-10-17 22:53:18
10:00:06,12.24,0.0,1005,1229812,买盘,000006,2025-10-17 22:53:18
10:00:09,12.25,0.01,952,1165588,买盘,000006,2025-10-17 22:53:18
10:00:12,12.25,0.0,2378,2913926,买盘,000006,2025-10-17 22:53:18
10:00:15,12.26,0.01,1676,2056743,中性盘,000006,2025-10-17 22:53:18
10:00:18,12.28,0.02,609,746678,买盘,000006,2025-10-17 22:53:18
10:00:21,12.28,0.0,868,1064016,买盘,000006,2025-10-17 22:53:18
10:00:24,12.28,0.0,2918,3576235,买盘,000006,2025-10-17 22:53:18
10:00:27,12.31,0.03,3887,4773557,买盘,000006,2025-10-17 22:53:18
10:00:30,12.32,0.01,174,214214,买盘,000006,2025-10-17 22:53:18
10:00:33,12.33,0.01,221,272323,买盘,000006,2025-10-17 22:53:18
10:00:36,12.34,0.01,299,368747,买盘,000006,2025-10-17 22:53:18
10:00:39,12.34,0.0,590,727738,卖盘,000006,2025-10-17 22:53:18
10:00:42,12.32,-0.02,320,394399,卖盘,000006,2025-10-17 22:53:18
10:00:45,12.33,0.01,907,1118224,买盘,000006,2025-10-17 22:53:18
10:00:48,12.32,-0.01,221,272311,卖盘,000006,2025-10-17 22:53:18
10:00:51,12.32,0.0,767,946523,卖盘,000006,2025-10-17 22:53:18
10:00:54,12.35,0.03,458,564197,买盘,000006,2025-10-17 22:53:18
10:00:57,12.32,-0.03,599,738572,买盘,000006,2025-10-17 22:53:18
10:01:00,12.32,0.0,68,83920,卖盘,000006,2025-10-17 22:53:18
10:01:03,12.35,0.03,124,152972,买盘,000006,2025-10-17 22:53:18
10:01:06,12.35,0.0,2030,2506967,买盘,000006,2025-10-17 22:53:18
10:01:09,12.33,-0.02,686,846182,卖盘,000006,2025-10-17 22:53:18
10:01:12,12.33,0.0,199,245351,买盘,000006,2025-10-17 22:53:18
10:01:15,12.33,0.0,55,67815,买盘,000006,2025-10-17 22:53:18
10:01:18,12.32,-0.01,45,55481,卖盘,000006,2025-10-17 22:53:18
10:01:21,12.33,0.01,129,159002,买盘,000006,2025-10-17 22:53:18
10:01:24,12.32,-0.01,208,256275,卖盘,000006,2025-10-17 22:53:18
10:01:27,12.32,0.0,234,288456,卖盘,000006,2025-10-17 22:53:18
10:01:30,12.32,0.0,67,82550,买盘,000006,2025-10-17 22:53:18
10:01:33,12.31,-0.01,240,295509,卖盘,000006,2025-10-17 22:53:18
10:01:36,12.31,0.0,28,34488,卖盘,000006,2025-10-17 22:53:18
10:01:39,12.31,0.0,340,418558,卖盘,000006,2025-10-17 22:53:18
10:01:42,12.31,0.0,134,164919,买盘,000006,2025-10-17 22:53:18
10:01:45,12.31,0.0,474,583256,买盘,000006,2025-10-17 22:53:18
10:01:48,12.3,-0.01,278,342027,卖盘,000006,2025-10-17 22:53:18
10:01:51,12.31,0.01,281,345811,买盘,000006,2025-10-17 22:53:18
10:01:54,12.3,-0.01,278,341959,卖盘,000006,2025-10-17 22:53:18
10:01:57,12.3,0.0,85,104571,买盘,000006,2025-10-17 22:53:18
10:02:00,12.3,0.0,240,295195,卖盘,000006,2025-10-17 22:53:18
10:02:03,12.3,0.0,139,170965,买盘,000006,2025-10-17 22:53:18
10:02:06,12.29,-0.01,1717,2110282,卖盘,000006,2025-10-17 22:53:18
10:02:09,12.29,0.0,91,111851,卖盘,000006,2025-10-17 22:53:18
10:02:12,12.32,0.03,5226,6429702,买盘,000006,2025-10-17 22:53:18
10:02:15,12.3,-0.02,398,490047,卖盘,000006,2025-10-17 22:53:18
10:02:18,12.33,0.03,191,235460,买盘,000006,2025-10-17 22:53:18
10:02:21,12.35,0.02,105,129503,买盘,000006,2025-10-17 22:53:18
10:02:24,12.35,0.0,441,543895,买盘,000006,2025-10-17 22:53:18
10:02:27,12.35,0.0,87,107523,卖盘,000006,2025-10-17 22:53:18
10:02:30,12.34,-0.01,112,138318,卖盘,000006,2025-10-17 22:53:18
10:02:33,12.36,0.02,212,261869,买盘,000006,2025-10-17 22:53:18
10:02:36,12.36,0.0,1250,1546089,买盘,000006,2025-10-17 22:53:18
10:02:39,12.36,0.0,77,95199,卖盘,000006,2025-10-17 22:53:18
10:02:42,12.38,0.02,101,124984,买盘,000006,2025-10-17 22:53:18
10:02:45,12.38,0.0,86,106423,买盘,000006,2025-10-17 22:53:18
10:02:48,12.38,0.0,152,188255,买盘,000006,2025-10-17 22:53:18
10:02:51,12.39,0.01,201,248921,买盘,000006,2025-10-17 22:53:18
10:02:54,12.39,0.0,45,55732,买盘,000006,2025-10-17 22:53:18
10:02:57,12.4,0.01,326,404174,买盘,000006,2025-10-17 22:53:18
10:03:00,12.4,0.0,46,57036,买盘,000006,2025-10-17 22:53:18
10:03:03,12.4,0.0,283,350891,买盘,000006,2025-10-17 22:53:18
10:03:06,12.39,-0.01,506,627003,卖盘,000006,2025-10-17 22:53:18
10:03:09,12.39,0.0,85,105323,卖盘,000006,2025-10-17 22:53:18
10:03:12,12.39,0.0,61,75579,买盘,000006,2025-10-17 22:53:18
10:03:15,12.39,0.0,135,167226,买盘,000006,2025-10-17 22:53:18
10:03:18,12.39,0.0,72,89194,买盘,000006,2025-10-17 22:53:18
10:03:21,12.38,-0.01,731,905081,卖盘,000006,2025-10-17 22:53:18
10:03:24,12.37,-0.01,120,148528,卖盘,000006,2025-10-17 22:53:18
10:03:27,12.37,0.0,82,101434,买盘,000006,2025-10-17 22:53:18
10:03:30,12.36,-0.01,57,70504,卖盘,000006,2025-10-17 22:53:18
10:03:33,12.35,-0.01,97,119887,卖盘,000006,2025-10-17 22:53:18
10:03:36,12.36,0.01,74,91462,买盘,000006,2025-10-17 22:53:18
10:03:39,12.36,0.0,38,46952,买盘,000006,2025-10-17 22:53:18
10:03:42,12.36,0.0,271,334916,买盘,000006,2025-10-17 22:53:18
10:03:45,12.37,0.01,339,419080,买盘,000006,2025-10-17 22:53:18
10:03:48,12.37,0.0,160,197722,买盘,000006,2025-10-17 22:53:18
10:03:51,12.37,0.0,38,46954,买盘,000006,2025-10-17 22:53:18
10:03:54,12.36,-0.01,168,207669,卖盘,000006,2025-10-17 22:53:18
10:03:57,12.35,-0.01,45,55593,卖盘,000006,2025-10-17 22:53:18
10:04:00,12.37,0.02,35,43279,买盘,000006,2025-10-17 22:53:18
10:04:03,12.36,-0.01,518,640551,卖盘,000006,2025-10-17 22:53:18
10:04:06,12.36,0.0,398,491928,买盘,000006,2025-10-17 22:53:18
10:04:09,12.35,-0.01,73,90197,卖盘,000006,2025-10-17 22:53:18
10:04:12,12.36,0.01,56,69216,买盘,000006,2025-10-17 22:53:18
10:04:15,12.37,0.01,155,191621,买盘,000006,2025-10-17 22:53:18
10:04:18,12.36,-0.01,31,38338,卖盘,000006,2025-10-17 22:53:18
10:04:21,12.36,0.0,102,126156,卖盘,000006,2025-10-17 22:53:18
10:04:24,12.37,0.01,94,116283,卖盘,000006,2025-10-17 22:53:18
10:04:27,12.36,-0.01,299,369598,卖盘,000006,2025-10-17 22:53:18
10:04:30,12.36,0.0,123,152018,买盘,000006,2025-10-17 22:53:18
10:04:33,12.36,0.0,64,79105,买盘,000006,2025-10-17 22:53:18
10:04:36,12.36,0.0,56,69231,卖盘,000006,2025-10-17 22:53:18
10:04:39,12.36,0.0,155,191650,卖盘,000006,2025-10-17 22:53:18
10:04:42,12.37,0.01,33,40808,买盘,000006,2025-10-17 22:53:18
10:04:45,12.36,-0.01,109,134786,卖盘,000006,2025-10-17 22:53:18
10:04:48,12.36,0.0,98,121150,卖盘,000006,2025-10-17 22:53:18
10:04:51,12.37,0.01,381,471226,买盘,000006,2025-10-17 22:53:18
10:04:54,12.39,0.02,6731,8328790,买盘,000006,2025-10-17 22:53:18
10:04:57,12.38,-0.01,726,899466,卖盘,000006,2025-10-17 22:53:18
10:05:00,12.39,0.01,46,57039,中性盘,000006,2025-10-17 22:53:18
10:05:03,12.44,0.05,6562,8137543,买盘,000006,2025-10-17 22:53:18
10:05:06,12.47,0.03,984,1225825,买盘,000006,2025-10-17 22:53:18
10:05:09,12.47,0.0,320,399022,中性盘,000006,2025-10-17 22:53:18
10:05:12,12.46,-0.01,156,194535,卖盘,000006,2025-10-17 22:53:18
10:05:15,12.47,0.01,287,357688,买盘,000006,2025-10-17 22:53:18
10:05:18,12.45,-0.02,183,227875,卖盘,000006,2025-10-17 22:53:18
10:05:21,12.45,0.0,67,83415,买盘,000006,2025-10-17 22:53:18
10:05:24,12.47,0.02,1240,1546348,买盘,000006,2025-10-17 22:53:18
10:05:27,12.46,-0.01,160,199413,卖盘,000006,2025-10-17 22:53:18
10:05:30,12.47,0.01,1007,1253835,买盘,000006,2025-10-17 22:53:18
10:05:33,12.47,0.0,117,145854,买盘,000006,2025-10-17 22:53:18
10:05:36,12.46,-0.01,385,479823,卖盘,000006,2025-10-17 22:53:18
10:05:39,12.47,0.01,201,250695,买盘,000006,2025-10-17 22:53:18
10:05:42,12.48,0.01,128,159710,买盘,000006,2025-10-17 22:53:18
10:05:45,12.49,0.01,73,91130,买盘,000006,2025-10-17 22:53:18
10:05:48,12.49,0.0,312,389675,买盘,000006,2025-10-17 22:53:18
10:05:51,12.5,0.01,5239,6548685,买盘,000006,2025-10-17 22:53:18
10:05:54,12.5,0.0,572,714788,买盘,000006,2025-10-17 22:53:18
10:05:57,12.51,0.01,1962,2452656,买盘,000006,2025-10-17 22:53:18
10:06:00,12.51,0.0,361,451520,买盘,000006,2025-10-17 22:53:18
10:06:03,12.52,0.01,217,271472,买盘,000006,2025-10-17 22:53:18
10:06:06,12.54,0.02,412,515764,买盘,000006,2025-10-17 22:53:18
10:06:09,12.53,-0.01,84,105268,中性盘,000006,2025-10-17 22:53:18
10:06:12,12.54,0.01,640,802855,买盘,000006,2025-10-17 22:53:18
10:06:15,12.55,0.01,480,602090,买盘,000006,2025-10-17 22:53:18
10:06:18,12.55,0.0,1134,1423164,买盘,000006,2025-10-17 22:53:18
10:06:21,12.56,0.01,2256,2832075,买盘,000006,2025-10-17 22:53:18
10:06:24,12.57,0.01,582,731098,买盘,000006,2025-10-17 22:53:18
10:06:27,12.57,0.0,529,664859,买盘,000006,2025-10-17 22:53:18
10:06:30,12.56,-0.01,2107,2647856,卖盘,000006,2025-10-17 22:53:18
10:06:33,12.58,0.02,808,1016073,买盘,000006,2025-10-17 22:53:18
10:06:36,12.58,0.0,628,789620,买盘,000006,2025-10-17 22:53:18
10:06:39,12.57,-0.01,1186,1491654,卖盘,000006,2025-10-17 22:53:18
10:06:42,12.58,0.01,1014,1274903,买盘,000006,2025-10-17 22:53:18
10:06:45,12.56,-0.02,1078,1354632,卖盘,000006,2025-10-17 22:53:18
10:06:48,12.56,0.0,143,179612,买盘,000006,2025-10-17 22:53:18
10:06:51,12.56,0.0,396,497303,买盘,000006,2025-10-17 22:53:18
10:06:54,12.56,0.0,757,950751,买盘,000006,2025-10-17 22:53:18
10:06:57,12.57,0.01,425,533982,买盘,000006,2025-10-17 22:53:18
10:07:00,12.57,0.0,267,335404,买盘,000006,2025-10-17 22:53:18
10:07:03,12.56,-0.01,1163,1460733,卖盘,000006,2025-10-17 22:53:18
10:07:06,12.55,-0.01,811,1018018,卖盘,000006,2025-10-17 22:53:18
10:07:09,12.55,0.0,757,950176,卖盘,000006,2025-10-17 22:53:18
10:07:12,12.55,0.0,827,1038348,卖盘,000006,2025-10-17 22:53:18
10:07:15,12.55,0.0,330,414188,卖盘,000006,2025-10-17 22:53:18
10:07:18,12.55,0.0,469,588735,卖盘,000006,2025-10-17 22:53:18
10:07:21,12.55,0.0,204,255991,买盘,000006,2025-10-17 22:53:18
10:07:24,12.52,-0.03,285,357551,卖盘,000006,2025-10-17 22:53:18
10:07:27,12.54,0.02,128,160491,买盘,000006,2025-10-17 22:53:18
10:07:30,12.52,-0.02,84,105246,卖盘,000006,2025-10-17 22:53:18
10:07:33,12.54,0.02,628,786341,买盘,000006,2025-10-17 22:53:18
10:07:36,12.52,-0.02,228,285590,卖盘,000006,2025-10-17 22:53:18
10:07:39,12.54,0.02,128,160397,买盘,000006,2025-10-17 22:53:18
10:07:42,12.54,0.0,99,124072,买盘,000006,2025-10-17 22:53:18
10:07:45,12.52,-0.02,106,132867,卖盘,000006,2025-10-17 22:53:18
10:07:48,12.51,-0.01,329,411995,卖盘,000006,2025-10-17 22:53:18
10:07:51,12.52,0.01,88,110118,中性盘,000006,2025-10-17 22:53:18
10:07:54,12.51,-0.01,115,143930,卖盘,000006,2025-10-17 22:53:18
10:07:57,12.52,0.01,34,42555,买盘,000006,2025-10-17 22:53:18
10:08:00,12.52,0.0,331,414343,买盘,000006,2025-10-17 22:53:18
10:08:03,12.52,0.0,275,344207,卖盘,000006,2025-10-17 22:53:18
10:08:06,12.52,0.0,133,166514,买盘,000006,2025-10-17 22:53:18
10:08:09,12.52,0.0,291,364223,买盘,000006,2025-10-17 22:53:18
10:08:12,12.52,0.0,99,123913,买盘,000006,2025-10-17 22:53:18
10:08:15,12.51,-0.01,159,198956,卖盘,000006,2025-10-17 22:53:18
10:08:18,12.52,0.01,553,692005,买盘,000006,2025-10-17 22:53:18
10:08:21,12.51,-0.01,254,317789,卖盘,000006,2025-10-17 22:53:18
10:08:24,12.51,0.0,58,72558,买盘,000006,2025-10-17 22:53:18
10:08:27,12.51,0.0,385,481499,买盘,000006,2025-10-17 22:53:18
10:08:30,12.5,-0.01,8,10007,卖盘,000006,2025-10-17 22:53:18
10:08:33,12.5,0.0,379,473786,卖盘,000006,2025-10-17 22:53:18
10:08:36,12.5,0.0,57,71264,卖盘,000006,2025-10-17 22:53:18
10:08:39,12.5,0.0,757,946436,卖盘,000006,2025-10-17 22:53:18
10:08:42,12.49,-0.01,943,1177809,卖盘,000006,2025-10-17 22:53:18
10:08:45,12.49,0.0,180,224863,买盘,000006,2025-10-17 22:53:18
10:08:48,12.56,0.07,12170,15248436,买盘,000006,2025-10-17 22:53:18
10:08:51,12.56,0.0,141,177049,买盘,000006,2025-10-17 22:53:18
10:08:54,12.55,-0.01,230,288802,卖盘,000006,2025-10-17 22:53:18
10:08:57,12.56,0.01,547,686684,买盘,000006,2025-10-17 22:53:18
10:09:00,12.56,0.0,240,301437,买盘,000006,2025-10-17 22:53:18
10:09:03,12.56,0.0,337,423215,买盘,000006,2025-10-17 22:53:18
10:09:06,12.56,0.0,954,1197880,买盘,000006,2025-10-17 22:53:18
10:09:09,12.6,0.04,24870,31323355,买盘,000006,2025-10-17 22:53:18
10:09:12,12.6,0.0,18497,23304714,买盘,000006,2025-10-17 22:53:18
10:09:15,12.6,0.0,456,574560,卖盘,000006,2025-10-17 22:53:18
10:09:18,12.6,0.0,340,428400,卖盘,000006,2025-10-17 22:53:18
10:09:21,12.6,0.0,503,633780,卖盘,000006,2025-10-17 22:53:18
10:09:24,12.6,0.0,1098,1383480,卖盘,000006,2025-10-17 22:53:18
10:09:27,12.6,0.0,163,205380,卖盘,000006,2025-10-17 22:53:18
10:09:30,12.6,0.0,171,215460,卖盘,000006,2025-10-17 22:53:18
10:09:33,12.6,0.0,141,177660,卖盘,000006,2025-10-17 22:53:18
10:09:36,12.6,0.0,97,122220,卖盘,000006,2025-10-17 22:53:18
10:09:39,12.6,0.0,49,61740,卖盘,000006,2025-10-17 22:53:18
10:09:42,12.6,0.0,88,110880,卖盘,000006,2025-10-17 22:53:18
10:09:45,12.6,0.0,778,980280,卖盘,000006,2025-10-17 22:53:18
10:09:48,12.6,0.0,503,633780,卖盘,000006,2025-10-17 22:53:18
10:09:51,12.6,0.0,118,148680,卖盘,000006,2025-10-17 22:53:18
10:09:54,12.6,0.0,218,274680,卖盘,000006,2025-10-17 22:53:18
10:09:57,12.6,0.0,103,129780,卖盘,000006,2025-10-17 22:53:18
10:10:00,12.6,0.0,223,280980,卖盘,000006,2025-10-17 22:53:18
10:10:03,12.6,0.0,463,583380,卖盘,000006,2025-10-17 22:53:18
10:10:06,12.6,0.0,46,57960,卖盘,000006,2025-10-17 22:53:18
10:10:09,12.6,0.0,79,99540,卖盘,000006,2025-10-17 22:53:18
10:10:12,12.6,0.0,62,78120,卖盘,000006,2025-10-17 22:53:18
10:10:15,12.6,0.0,103,129780,卖盘,000006,2025-10-17 22:53:18
10:10:18,12.6,0.0,279,351540,卖盘,000006,2025-10-17 22:53:18
10:10:21,12.6,0.0,357,449820,卖盘,000006,2025-10-17 22:53:18
10:10:24,12.6,0.0,87,109620,卖盘,000006,2025-10-17 22:53:18
10:10:27,12.6,0.0,58,73080,卖盘,000006,2025-10-17 22:53:18
10:10:30,12.6,0.0,21,26460,卖盘,000006,2025-10-17 22:53:18
10:10:33,12.6,0.0,107,134820,卖盘,000006,2025-10-17 22:53:18
10:10:36,12.6,0.0,1,1260,卖盘,000006,2025-10-17 22:53:18
10:10:39,12.6,0.0,29,36540,卖盘,000006,2025-10-17 22:53:18
10:10:42,12.6,0.0,41,51660,卖盘,000006,2025-10-17 22:53:18
10:10:45,12.6,0.0,72,90720,卖盘,000006,2025-10-17 22:53:18
10:10:48,12.6,0.0,67,84420,卖盘,000006,2025-10-17 22:53:18
10:10:51,12.6,0.0,188,236880,卖盘,000006,2025-10-17 22:53:18
10:10:54,12.6,0.0,48,60480,卖盘,000006,2025-10-17 22:53:18
10:10:57,12.6,0.0,194,244440,卖盘,000006,2025-10-17 22:53:18
10:11:00,12.6,0.0,512,645120,卖盘,000006,2025-10-17 22:53:18
10:11:03,12.6,0.0,56,70560,卖盘,000006,2025-10-17 22:53:18
10:11:06,12.6,0.0,166,209160,卖盘,000006,2025-10-17 22:53:18
10:11:09,12.6,0.0,30,37800,卖盘,000006,2025-10-17 22:53:18
10:11:12,12.6,0.0,7,8820,卖盘,000006,2025-10-17 22:53:18
10:11:15,12.6,0.0,109,137340,卖盘,000006,2025-10-17 22:53:18
10:11:18,12.6,0.0,13,16380,卖盘,000006,2025-10-17 22:53:18
10:11:21,12.6,0.0,69,86940,卖盘,000006,2025-10-17 22:53:18
10:11:24,12.6,0.0,36,45360,卖盘,000006,2025-10-17 22:53:18
10:11:27,12.6,0.0,34,42840,卖盘,000006,2025-10-17 22:53:18
10:11:30,12.6,0.0,773,973980,卖盘,000006,2025-10-17 22:53:18
10:11:33,12.6,0.0,11,13860,卖盘,000006,2025-10-17 22:53:18
10:11:39,12.6,0.0,1,1260,卖盘,000006,2025-10-17 22:53:18
10:11:42,12.6,0.0,91,114660,卖盘,000006,2025-10-17 22:53:18
10:11:45,12.6,0.0,21,26460,卖盘,000006,2025-10-17 22:53:18
10:11:48,12.6,0.0,110,138600,卖盘,000006,2025-10-17 22:53:18
10:11:51,12.6,0.0,20,25200,卖盘,000006,2025-10-17 22:53:18
10:11:54,12.6,0.0,16,20160,卖盘,000006,2025-10-17 22:53:18
10:11:57,12.6,0.0,54,68040,卖盘,000006,2025-10-17 22:53:18
10:12:00,12.6,0.0,62,78120,卖盘,000006,2025-10-17 22:53:18
10:12:03,12.6,0.0,17,21420,卖盘,000006,2025-10-17 22:53:18
10:12:06,12.6,0.0,165,207900,卖盘,000006,2025-10-17 22:53:18
10:12:09,12.6,0.0,94,118440,卖盘,000006,2025-10-17 22:53:18
10:12:12,12.6,0.0,193,243180,卖盘,000006,2025-10-17 22:53:18
10:12:15,12.6,0.0,68,85680,卖盘,000006,2025-10-17 22:53:18
10:12:18,12.6,0.0,20,25200,卖盘,000006,2025-10-17 22:53:18
10:12:21,12.6,0.0,409,515340,卖盘,000006,2025-10-17 22:53:18
10:12:24,12.6,0.0,29,36540,卖盘,000006,2025-10-17 22:53:18
10:12:27,12.6,0.0,20,25200,卖盘,000006,2025-10-17 22:53:18
10:12:30,12.6,0.0,56,70560,卖盘,000006,2025-10-17 22:53:18
10:12:33,12.6,0.0,215,270900,卖盘,000006,2025-10-17 22:53:18
10:12:36,12.6,0.0,11,13860,卖盘,000006,2025-10-17 22:53:18
10:12:39,12.6,0.0,33,41580,卖盘,000006,2025-10-17 22:53:18
10:12:42,12.6,0.0,116,146160,卖盘,000006,2025-10-17 22:53:18
10:12:45,12.6,0.0,30,37800,卖盘,000006,2025-10-17 22:53:18
10:12:48,12.6,0.0,76,95760,卖盘,000006,2025-10-17 22:53:18
10:12:51,12.6,0.0,13,16380,卖盘,000006,2025-10-17 22:53:18
10:12:54,12.6,0.0,56,70560,卖盘,000006,2025-10-17 22:53:18
10:12:57,12.6,0.0,546,687960,卖盘,000006,2025-10-17 22:53:18
10:13:00,12.6,0.0,108,136080,卖盘,000006,2025-10-17 22:53:18
10:13:03,12.6,0.0,20,25200,卖盘,000006,2025-10-17 22:53:18
10:13:06,12.6,0.0,381,480060,卖盘,000006,2025-10-17 22:53:18
10:13:09,12.6,0.0,101,127260,卖盘,000006,2025-10-17 22:53:18
10:13:12,12.6,0.0,342,430920,卖盘,000006,2025-10-17 22:53:18
10:13:15,12.6,0.0,12,15120,卖盘,000006,2025-10-17 22:53:18
10:13:18,12.6,0.0,114,143640,卖盘,000006,2025-10-17 22:53:18
10:13:21,12.6,0.0,698,879480,卖盘,000006,2025-10-17 22:53:18
10:13:24,12.6,0.0,10,12600,卖盘,000006,2025-10-17 22:53:18
10:13:27,12.6,0.0,292,367920,卖盘,000006,2025-10-17 22:53:18
10:13:30,12.6,0.0,402,506520,卖盘,000006,2025-10-17 22:53:18
10:13:33,12.6,0.0,269,338940,卖盘,000006,2025-10-17 22:53:18
10:13:36,12.6,0.0,35,44100,卖盘,000006,2025-10-17 22:53:18
10:13:39,12.6,0.0,37,46620,卖盘,000006,2025-10-17 22:53:18
10:13:42,12.6,0.0,204,257040,卖盘,000006,2025-10-17 22:53:18
10:13:45,12.6,0.0,156,196560,卖盘,000006,2025-10-17 22:53:18
10:13:48,12.6,0.0,41,51660,卖盘,000006,2025-10-17 22:53:18
10:13:51,12.6,0.0,68,85680,卖盘,000006,2025-10-17 22:53:18
10:13:54,12.6,0.0,6,7560,卖盘,000006,2025-10-17 22:53:18
10:13:57,12.6,0.0,28,35280,卖盘,000006,2025-10-17 22:53:18
10:14:00,12.6,0.0,4,5040,卖盘,000006,2025-10-17 22:53:18
10:14:03,12.6,0.0,40,50400,卖盘,000006,2025-10-17 22:53:18
10:14:06,12.6,0.0,145,182700,卖盘,000006,2025-10-17 22:53:18
10:14:09,12.6,0.0,22,27720,卖盘,000006,2025-10-17 22:53:18
10:14:12,12.6,0.0,14,17640,卖盘,000006,2025-10-17 22:53:18
10:14:18,12.6,0.0,58,73080,卖盘,000006,2025-10-17 22:53:18
10:14:21,12.6,0.0,29,36540,卖盘,000006,2025-10-17 22:53:18
10:14:27,12.6,0.0,46,57960,卖盘,000006,2025-10-17 22:53:18
10:14:30,12.6,0.0,27,34020,卖盘,000006,2025-10-17 22:53:18
10:14:33,12.6,0.0,43,54180,卖盘,000006,2025-10-17 22:53:18
10:14:36,12.6,0.0,17,21420,卖盘,000006,2025-10-17 22:53:18
10:14:39,12.6,0.0,1,1235,卖盘,000006,2025-10-17 22:53:18
10:14:42,12.6,0.0,11,13860,卖盘,000006,2025-10-17 22:53:18
10:14:45,12.6,0.0,1,1260,卖盘,000006,2025-10-17 22:53:18
10:14:54,12.6,0.0,35,44100,卖盘,000006,2025-10-17 22:53:18
10:14:57,12.6,0.0,16,20160,卖盘,000006,2025-10-17 22:53:18
10:15:03,12.6,0.0,29,36540,卖盘,000006,2025-10-17 22:53:18
10:15:06,12.6,0.0,48,60480,卖盘,000006,2025-10-17 22:53:18
10:15:09,12.6,0.0,8,10080,卖盘,000006,2025-10-17 22:53:18
10:15:12,12.6,0.0,14,17640,卖盘,000006,2025-10-17 22:53:18
10:15:18,12.6,0.0,27,34020,卖盘,000006,2025-10-17 22:53:18
10:15:21,12.6,0.0,43,54180,卖盘,000006,2025-10-17 22:53:18
10:15:27,12.6,0.0,36,45360,卖盘,000006,2025-10-17 22:53:18
10:15:30,12.6,0.0,44,55440,卖盘,000006,2025-10-17 22:53:18
10:15:33,12.6,0.0,4,5040,卖盘,000006,2025-10-17 22:53:18
10:15:36,12.6,0.0,45,56700,卖盘,000006,2025-10-17 22:53:18
10:15:39,12.6,0.0,149,187740,卖盘,000006,2025-10-17 22:53:18
10:15:42,12.6,0.0,110,138600,卖盘,000006,2025-10-17 22:53:18
10:15:51,12.6,0.0,328,413318,卖盘,000006,2025-10-17 22:53:18
10:15:54,12.6,0.0,7,8820,卖盘,000006,2025-10-17 22:53:18
10:15:57,12.6,0.0,357,449820,卖盘,000006,2025-10-17 22:53:18
10:16:00,12.6,0.0,25,31500,卖盘,000006,2025-10-17 22:53:18
10:16:03,12.6,0.0,32,40320,卖盘,000006,2025-10-17 22:53:18
10:16:06,12.6,0.0,11,13860,卖盘,000006,2025-10-17 22:53:18
10:16:09,12.6,0.0,239,301140,卖盘,000006,2025-10-17 22:53:18
10:16:12,12.6,0.0,2,2520,卖盘,000006,2025-10-17 22:53:18
10:16:15,12.6,0.0,30,37800,卖盘,000006,2025-10-17 22:53:18
10:16:18,12.6,0.0,83,104580,卖盘,000006,2025-10-17 22:53:18
10:16:21,12.6,0.0,65,81900,卖盘,000006,2025-10-17 22:53:18
10:16:27,12.6,0.0,115,144900,卖盘,000006,2025-10-17 22:53:18
10:16:30,12.6,0.0,15,18900,卖盘,000006,2025-10-17 22:53:18
10:16:33,12.6,0.0,1,1260,卖盘,000006,2025-10-17 22:53:18
10:16:36,12.6,0.0,1,1260,卖盘,000006,2025-10-17 22:53:18
10:16:39,12.6,0.0,5,6300,卖盘,000006,2025-10-17 22:53:18
10:16:42,12.6,0.0,256,322560,卖盘,000006,2025-10-17 22:53:18
10:16:48,12.6,0.0,10,12600,卖盘,000006,2025-10-17 22:53:18
10:16:51,12.6,0.0,3,3780,卖盘,000006,2025-10-17 22:53:18
10:16:54,12.6,0.0,2,2520,卖盘,000006,2025-10-17 22:53:18
10:16:57,12.6,0.0,72,90720,卖盘,000006,2025-10-17 22:53:18
10:17:00,12.6,0.0,25,31500,卖盘,000006,2025-10-17 22:53:18
10:17:03,12.6,0.0,4,5040,卖盘,000006,2025-10-17 22:53:18
10:17:06,12.6,0.0,43,54180,卖盘,000006,2025-10-17 22:53:18
10:17:09,12.6,0.0,204,257040,卖盘,000006,2025-10-17 22:53:18
10:17:12,12.6,0.0,5,6300,卖盘,000006,2025-10-17 22:53:18
10:17:15,12.6,0.0,28,35280,卖盘,000006,2025-10-17 22:53:18
10:17:18,12.6,0.0,45,56700,卖盘,000006,2025-10-17 22:53:18
10:17:21,12.6,0.0,75,94500,卖盘,000006,2025-10-17 22:53:18
10:17:24,12.6,0.0,86,108360,卖盘,000006,2025-10-17 22:53:18
10:17:27,12.6,0.0,14,17640,卖盘,000006,2025-10-17 22:53:18
10:17:30,12.6,0.0,76,95760,卖盘,000006,2025-10-17 22:53:18
10:17:33,12.6,0.0,536,675360,卖盘,000006,2025-10-17 22:53:18
10:17:36,12.6,0.0,81,102060,卖盘,000006,2025-10-17 22:53:18
10:17:39,12.6,0.0,1,1260,卖盘,000006,2025-10-17 22:53:18
10:17:42,12.6,0.0,2,2520,卖盘,000006,2025-10-17 22:53:18
10:17:45,12.6,0.0,22,27720,卖盘,000006,2025-10-17 22:53:18
10:17:48,12.6,0.0,76,95760,卖盘,000006,2025-10-17 22:53:18
10:17:54,12.6,0.0,123,154980,卖盘,000006,2025-10-17 22:53:18
10:17:57,12.6,0.0,44,55440,卖盘,000006,2025-10-17 22:53:18
10:18:00,12.6,0.0,18,22680,卖盘,000006,2025-10-17 22:53:18
10:18:03,12.6,0.0,10,12600,卖盘,000006,2025-10-17 22:53:18
10:18:06,12.6,0.0,93,117180,卖盘,000006,2025-10-17 22:53:18
10:18:09,12.6,0.0,353,444780,卖盘,000006,2025-10-17 22:53:18
10:18:12,12.6,0.0,423,532980,卖盘,000006,2025-10-17 22:53:18
10:18:15,12.6,0.0,65,81900,卖盘,000006,2025-10-17 22:53:18
10:18:18,12.6,0.0,20,25200,卖盘,000006,2025-10-17 22:53:18
10:18:21,12.6,0.0,24,30240,卖盘,000006,2025-10-17 22:53:18
10:18:24,12.6,0.0,4,5040,卖盘,000006,2025-10-17 22:53:18
10:18:27,12.6,0.0,37,46620,卖盘,000006,2025-10-17 22:53:18
10:18:30,12.6,0.0,21,26460,卖盘,000006,2025-10-17 22:53:18
10:18:33,12.6,0.0,45,56700,卖盘,000006,2025-10-17 22:53:18
10:18:39,12.6,0.0,282,355320,卖盘,000006,2025-10-17 22:53:18
10:18:45,12.6,0.0,124,156240,卖盘,000006,2025-10-17 22:53:18
10:18:51,12.6,0.0,8,10080,卖盘,000006,2025-10-17 22:53:18
10:18:54,12.6,0.0,1,1260,卖盘,000006,2025-10-17 22:53:18
10:18:57,12.6,0.0,1,1260,卖盘,000006,2025-10-17 22:53:18
10:19:00,12.6,0.0,30,37800,卖盘,000006,2025-10-17 22:53:18
10:19:03,12.6,0.0,11,13860,卖盘,000006,2025-10-17 22:53:18
10:19:09,12.6,0.0,26,32760,卖盘,000006,2025-10-17 22:53:18
10:19:12,12.6,0.0,10,12600,卖盘,000006,2025-10-17 22:53:18
10:19:15,12.6,0.0,13,16380,卖盘,000006,2025-10-17 22:53:18
10:19:18,12.6,0.0,13,16380,卖盘,000006,2025-10-17 22:53:18
10:19:21,12.6,0.0,16,20160,卖盘,000006,2025-10-17 22:53:18
10:19:24,12.6,0.0,24,30240,卖盘,000006,2025-10-17 22:53:18
10:19:27,12.6,0.0,7,8820,卖盘,000006,2025-10-17 22:53:18
10:19:30,12.6,0.0,15,18900,卖盘,000006,2025-10-17 22:53:18
10:19:36,12.6,0.0,105,132300,卖盘,000006,2025-10-17 22:53:18
10:19:39,12.6,0.0,35,44100,卖盘,000006,2025-10-17 22:53:18
10:19:45,12.6,0.0,5,6300,卖盘,000006,2025-10-17 22:53:18
10:19:51,12.6,0.0,97,122220,卖盘,000006,2025-10-17 22:53:18
10:19:57,12.6,0.0,10,12600,卖盘,000006,2025-10-17 22:53:18
10:20:00,12.6,0.0,37,46620,卖盘,000006,2025-10-17 22:53:18
10:20:06,12.6,0.0,27,34020,卖盘,000006,2025-10-17 22:53:18
10:20:09,12.6,0.0,5,6300,卖盘,000006,2025-10-17 22:53:18
10:20:12,12.6,0.0,119,149940,卖盘,000006,2025-10-17 22:53:18
10:20:15,12.6,0.0,34,42840,卖盘,000006,2025-10-17 22:53:18
10:20:21,12.6,0.0,73,91980,卖盘,000006,2025-10-17 22:53:18
10:20:24,12.6,0.0,1,1260,卖盘,000006,2025-10-17 22:53:18
10:20:27,12.6,0.0,60,75600,卖盘,000006,2025-10-17 22:53:18
10:20:30,12.6,0.0,20,25200,卖盘,000006,2025-10-17 22:53:18
10:20:33,12.6,0.0,522,657720,卖盘,000006,2025-10-17 22:53:18
10:20:36,12.6,0.0,42,52920,卖盘,000006,2025-10-17 22:53:18
10:20:39,12.6,0.0,22,27720,卖盘,000006,2025-10-17 22:53:18
10:20:42,12.6,0.0,45,56700,卖盘,000006,2025-10-17 22:53:18
10:20:45,12.6,0.0,16,20160,卖盘,000006,2025-10-17 22:53:18
10:20:48,12.6,0.0,11,13860,卖盘,000006,2025-10-17 22:53:18
10:20:54,12.6,0.0,22,27720,卖盘,000006,2025-10-17 22:53:18
10:20:57,12.6,0.0,97,122220,卖盘,000006,2025-10-17 22:53:18
10:21:00,12.6,0.0,6,7560,卖盘,000006,2025-10-17 22:53:18
10:21:03,12.6,0.0,73,91980,卖盘,000006,2025-10-17 22:53:18
10:21:06,12.6,0.0,16,20160,卖盘,000006,2025-10-17 22:53:18
10:21:09,12.6,0.0,21,26460,卖盘,000006,2025-10-17 22:53:18
10:21:12,12.6,0.0,13,16380,卖盘,000006,2025-10-17 22:53:18
10:21:18,12.6,0.0,1,1260,卖盘,000006,2025-10-17 22:53:18
10:21:21,12.6,0.0,5,6300,卖盘,000006,2025-10-17 22:53:18
10:21:24,12.6,0.0,17,21420,卖盘,000006,2025-10-17 22:53:18
10:21:27,12.6,0.0,11,13860,卖盘,000006,2025-10-17 22:53:18
10:21:30,12.6,0.0,851,1072260,卖盘,000006,2025-10-17 22:53:18
10:21:33,12.6,0.0,4,5040,卖盘,000006,2025-10-17 22:53:18
10:21:36,12.6,0.0,109,137340,卖盘,000006,2025-10-17 22:53:18
10:21:39,12.6,0.0,95,119700,卖盘,000006,2025-10-17 22:53:18
10:21:42,12.6,0.0,1,1260,卖盘,000006,2025-10-17 22:53:18
10:21:45,12.6,0.0,104,131040,卖盘,000006,2025-10-17 22:53:18
10:21:48,12.6,0.0,545,686700,卖盘,000006,2025-10-17 22:53:18
10:21:51,12.6,0.0,21,26460,卖盘,000006,2025-10-17 22:53:18
10:21:54,12.6,0.0,236,297360,卖盘,000006,2025-10-17 22:53:18
10:21:57,12.6,0.0,2998,3777480,卖盘,000006,2025-10-17 22:53:18
10:22:00,12.6,0.0,1789,2254140,卖盘,000006,2025-10-17 22:53:18
10:22:03,12.6,0.0,3902,4916520,卖盘,000006,2025-10-17 22:53:18
10:22:06,12.6,0.0,2440,3074400,卖盘,000006,2025-10-17 22:53:18
10:22:09,12.6,0.0,2034,2562840,卖盘,000006,2025-10-17 22:53:18
10:22:12,12.6,0.0,1831,2307060,卖盘,000006,2025-10-17 22:53:18
10:22:15,12.6,0.0,4505,5676300,卖盘,000006,2025-10-17 22:53:18
10:22:18,12.58,-0.02,8793,11078729,卖盘,000006,2025-10-17 22:53:18
10:22:21,12.54,-0.04,553,693947,卖盘,000006,2025-10-17 22:53:18
10:22:24,12.54,0.0,508,636788,中性盘,000006,2025-10-17 22:53:18
10:22:27,12.54,0.0,260,326112,卖盘,000006,2025-10-17 22:53:18
10:22:30,12.53,-0.01,376,471315,卖盘,000006,2025-10-17 22:53:18
10:22:33,12.54,0.01,213,267026,买盘,000006,2025-10-17 22:53:18
10:22:36,12.54,0.0,2109,2643791,买盘,000006,2025-10-17 22:53:18
10:22:39,12.53,-0.01,1494,1872075,卖盘,000006,2025-10-17 22:53:18
10:22:42,12.53,0.0,543,680303,买盘,000006,2025-10-17 22:53:18
10:22:45,12.53,0.0,296,370652,买盘,000006,2025-10-17 22:53:18
10:22:48,12.52,-0.01,710,888874,卖盘,000006,2025-10-17 22:53:18
10:22:51,12.51,-0.01,85,106404,中性盘,000006,2025-10-17 22:53:18
10:22:54,12.51,0.0,987,1235509,卖盘,000006,2025-10-17 22:53:18
10:22:57,12.51,0.0,423,529309,卖盘,000006,2025-10-17 22:53:18
10:23:00,12.51,0.0,539,674350,卖盘,000006,2025-10-17 22:53:18
10:23:03,12.51,0.0,424,530361,买盘,000006,2025-10-17 22:53:18
10:23:06,12.51,0.0,781,976964,买盘,000006,2025-10-17 22:53:18
10:23:09,12.51,0.0,401,501607,买盘,000006,2025-10-17 22:53:18
10:23:12,12.51,0.0,751,938980,买盘,000006,2025-10-17 22:53:18
10:23:15,12.5,-0.01,214,267691,卖盘,000006,2025-10-17 22:53:18
10:23:18,12.51,0.01,1102,1377824,买盘,000006,2025-10-17 22:53:18
10:23:21,12.51,0.0,552,690517,买盘,000006,2025-10-17 22:53:18
10:23:24,12.51,0.0,906,1132746,买盘,000006,2025-10-17 22:53:18
10:23:27,12.51,0.0,588,735045,买盘,000006,2025-10-17 22:53:18
10:23:30,12.5,-0.01,424,530112,卖盘,000006,2025-10-17 22:53:18
10:23:33,12.51,0.01,435,544007,买盘,000006,2025-10-17 22:53:18
10:23:36,12.51,0.0,1117,1396796,买盘,000006,2025-10-17 22:53:18
10:23:39,12.51,0.0,998,1247705,买盘,000006,2025-10-17 22:53:18
10:23:42,12.49,-0.02,310,387492,卖盘,000006,2025-10-17 22:53:18
10:23:45,12.5,0.01,29,36250,买盘,000006,2025-10-17 22:53:18
10:23:48,12.49,-0.01,128,159877,卖盘,000006,2025-10-17 22:53:18
10:23:51,12.49,0.0,338,422258,买盘,000006,2025-10-17 22:53:18
10:23:54,12.48,-0.01,113,141046,卖盘,000006,2025-10-17 22:53:18
10:23:57,12.48,0.0,242,302232,卖盘,000006,2025-10-17 22:53:18
10:24:00,12.49,0.01,207,258340,买盘,000006,2025-10-17 22:53:18
10:24:03,12.49,0.0,1515,1893525,买盘,000006,2025-10-17 22:53:18
10:24:06,12.51,0.02,163,204010,中性盘,000006,2025-10-17 22:53:18
10:24:09,12.53,0.02,38,47582,买盘,000006,2025-10-17 22:53:18
10:24:12,12.53,0.0,274,343493,买盘,000006,2025-10-17 22:53:18
10:24:15,12.54,0.01,307,384774,买盘,000006,2025-10-17 22:53:18
10:24:18,12.53,-0.01,582,729642,卖盘,000006,2025-10-17 22:53:18
10:24:21,12.54,0.01,398,498965,买盘,000006,2025-10-17 22:53:18
10:24:24,12.55,0.01,148,185614,买盘,000006,2025-10-17 22:53:18
10:24:27,12.57,0.02,522,656054,买盘,000006,2025-10-17 22:53:18
10:24:30,12.57,0.0,252,316570,卖盘,000006,2025-10-17 22:53:18
10:24:33,12.57,0.0,735,923769,买盘,000006,2025-10-17 22:53:18
10:24:36,12.58,0.01,253,318106,买盘,000006,2025-10-17 22:53:18
10:24:39,12.58,0.0,630,792097,买盘,000006,2025-10-17 22:53:18
10:24:42,12.59,0.01,1130,1422741,买盘,000006,2025-10-17 22:53:18
10:24:45,12.59,0.0,1130,1422880,买盘,000006,2025-10-17 22:53:18
10:24:48,12.6,0.01,453,570484,买盘,000006,2025-10-17 22:53:18
10:24:51,12.6,0.0,1917,2413908,买盘,000006,2025-10-17 22:53:18
10:24:54,12.6,0.0,1274,1604854,买盘,000006,2025-10-17 22:53:18
10:24:57,12.59,-0.01,1389,1748958,卖盘,000006,2025-10-17 22:53:18
10:25:00,12.59,0.0,399,502541,买盘,000006,2025-10-17 22:53:18
10:25:03,12.57,-0.02,800,1005883,卖盘,000006,2025-10-17 22:53:18
10:25:06,12.55,-0.02,344,432215,卖盘,000006,2025-10-17 22:53:18
10:25:09,12.55,0.0,199,249685,卖盘,000006,2025-10-17 22:53:18
10:25:12,12.55,0.0,44,55220,买盘,000006,2025-10-17 22:53:18
10:25:15,12.5,-0.05,695,869544,卖盘,000006,2025-10-17 22:53:18
10:25:18,12.52,0.02,478,597596,买盘,000006,2025-10-17 22:53:18
10:25:21,12.52,0.0,28,35065,中性盘,000006,2025-10-17 22:53:18
10:25:24,12.52,0.0,204,255542,卖盘,000006,2025-10-17 22:53:18
10:25:27,12.51,-0.01,95,118886,卖盘,000006,2025-10-17 22:53:18
10:25:30,12.51,0.0,52,65058,买盘,000006,2025-10-17 22:53:18
10:25:33,12.51,0.0,348,435343,买盘,000006,2025-10-17 22:53:18
10:25:36,12.5,-0.01,508,635465,卖盘,000006,2025-10-17 22:53:18
10:25:39,12.51,0.01,83,103822,买盘,000006,2025-10-17 22:53:18
10:25:42,12.51,0.0,631,788878,买盘,000006,2025-10-17 22:53:18
10:25:45,12.51,0.0,81,101289,买盘,000006,2025-10-17 22:53:18
10:25:48,12.52,0.01,140,175173,买盘,000006,2025-10-17 22:53:18
10:25:51,12.53,0.01,80,100117,买盘,000006,2025-10-17 22:53:18
10:25:54,12.53,0.0,104,130306,买盘,000006,2025-10-17 22:53:18
10:25:57,12.54,0.01,71,89047,买盘,000006,2025-10-17 22:53:18
10:26:00,12.55,0.01,176,220877,买盘,000006,2025-10-17 22:53:18
10:26:03,12.55,0.0,45,56457,买盘,000006,2025-10-17 22:53:18
10:26:06,12.54,-0.01,220,275886,卖盘,000006,2025-10-17 22:53:18
10:26:09,12.51,-0.03,1179,1476795,卖盘,000006,2025-10-17 22:53:18
10:26:12,12.51,0.0,123,153919,卖盘,000006,2025-10-17 22:53:18
10:26:15,12.52,0.01,22,27524,买盘,000006,2025-10-17 22:53:18
10:26:18,12.53,0.01,43,53843,买盘,000006,2025-10-17 22:53:18
10:26:21,12.53,0.0,116,145234,买盘,000006,2025-10-17 22:53:18
10:26:24,12.52,-0.01,75,93926,卖盘,000006,2025-10-17 22:53:18
10:26:27,12.52,0.0,59,73915,卖盘,000006,2025-10-17 22:53:18
10:26:30,12.52,0.0,208,260416,卖盘,000006,2025-10-17 22:53:18
10:26:33,12.52,0.0,306,383112,买盘,000006,2025-10-17 22:53:18
10:26:36,12.52,0.0,73,91396,买盘,000006,2025-10-17 22:53:18
10:26:39,12.55,0.03,2160,2705821,买盘,000006,2025-10-17 22:53:18
10:26:42,12.59,0.04,796,1000656,买盘,000006,2025-10-17 22:53:18
10:26:45,12.6,0.01,1377,1733385,买盘,000006,2025-10-17 22:53:18
10:26:48,12.59,-0.01,1785,2248883,卖盘,000006,2025-10-17 22:53:18
10:26:51,12.6,0.01,1075,1353921,买盘,000006,2025-10-17 22:53:18
10:26:54,12.6,0.0,1409,1774152,买盘,000006,2025-10-17 22:53:18
10:26:57,12.58,-0.02,968,1218506,卖盘,000006,2025-10-17 22:53:18
10:27:00,12.58,0.0,1045,1315248,买盘,000006,2025-10-17 22:53:18
10:27:03,12.59,0.01,346,435285,买盘,000006,2025-10-17 22:53:18
10:27:06,12.59,0.0,275,345973,买盘,000006,2025-10-17 22:53:18
10:27:09,12.59,0.0,344,432847,买盘,000006,2025-10-17 22:53:18
10:27:12,12.58,-0.01,649,816448,卖盘,000006,2025-10-17 22:53:18
10:27:15,12.58,0.0,363,456470,买盘,000006,2025-10-17 22:53:18
10:27:18,12.58,0.0,428,538424,买盘,000006,2025-10-17 22:53:18
10:27:21,12.58,0.0,176,221330,买盘,000006,2025-10-17 22:53:18
10:27:24,12.55,-0.03,526,660892,卖盘,000006,2025-10-17 22:53:18
10:27:27,12.55,0.0,247,309985,买盘,000006,2025-10-17 22:53:18
10:27:30,12.53,-0.02,295,370392,卖盘,000006,2025-10-17 22:53:18
10:27:33,12.55,0.02,73,91561,买盘,000006,2025-10-17 22:53:18
10:27:36,12.56,0.01,202,253478,买盘,000006,2025-10-17 22:53:18
10:27:39,12.56,0.0,85,106685,买盘,000006,2025-10-17 22:53:18
10:27:42,12.55,-0.01,17,21345,卖盘,000006,2025-10-17 22:53:18
10:27:45,12.55,0.0,189,237252,卖盘,000006,2025-10-17 22:53:18
10:27:48,12.55,0.0,105,131777,卖盘,000006,2025-10-17 22:53:18
10:27:51,12.55,0.0,186,233501,卖盘,000006,2025-10-17 22:53:18
10:27:54,12.55,0.0,132,165726,卖盘,000006,2025-10-17 22:53:18
10:27:57,12.55,0.0,219,274896,卖盘,000006,2025-10-17 22:53:18
10:28:00,12.55,0.0,360,451800,买盘,000006,2025-10-17 22:53:18
10:28:03,12.55,0.0,176,220832,买盘,000006,2025-10-17 22:53:18
10:28:06,12.54,-0.01,279,350070,卖盘,000006,2025-10-17 22:53:18
10:28:09,12.54,0.0,372,466615,卖盘,000006,2025-10-17 22:53:18
10:28:12,12.54,0.0,139,174322,买盘,000006,2025-10-17 22:53:18
10:28:15,12.54,0.0,143,179317,买盘,000006,2025-10-17 22:53:18
10:28:18,12.55,0.01,252,316071,买盘,000006,2025-10-17 22:53:18
10:28:21,12.54,-0.01,204,255954,卖盘,000006,2025-10-17 22:53:18
10:28:24,12.55,0.01,301,377632,买盘,000006,2025-10-17 22:53:18
10:28:27,12.54,-0.01,351,440190,卖盘,000006,2025-10-17 22:53:18
10:28:30,12.53,-0.01,66,82762,卖盘,000006,2025-10-17 22:53:18
10:28:33,12.54,0.01,25,31350,买盘,000006,2025-10-17 22:53:18
10:28:36,12.53,-0.01,513,642826,卖盘,000006,2025-10-17 22:53:18
10:28:39,12.53,0.0,80,100240,卖盘,000006,2025-10-17 22:53:18
10:28:42,12.52,-0.01,398,498741,卖盘,000006,2025-10-17 22:53:18
10:28:45,12.53,0.01,95,118983,买盘,000006,2025-10-17 22:53:18
10:28:48,12.52,-0.01,270,338245,卖盘,000006,2025-10-17 22:53:18
10:28:51,12.53,0.01,123,154084,买盘,000006,2025-10-17 22:53:18
10:28:54,12.53,0.0,142,177860,买盘,000006,2025-10-17 22:53:18
10:28:57,12.52,-0.01,264,330579,卖盘,000006,2025-10-17 22:53:18
10:29:00,12.52,0.0,343,429519,卖盘,000006,2025-10-17 22:53:18
10:29:03,12.52,0.0,166,207832,买盘,000006,2025-10-17 22:53:18
10:29:06,12.52,0.0,819,1025363,买盘,000006,2025-10-17 22:53:18
10:29:09,12.53,0.01,109,136491,买盘,000006,2025-10-17 22:53:18
10:29:12,12.52,-0.01,128,160379,卖盘,000006,2025-10-17 22:53:18
10:29:15,12.54,0.02,66,82721,买盘,000006,2025-10-17 22:53:18
10:29:18,12.54,0.0,33,41380,买盘,000006,2025-10-17 22:53:18
10:29:21,12.54,0.0,186,233127,买盘,000006,2025-10-17 22:53:18
10:29:24,12.53,-0.01,129,161670,卖盘,000006,2025-10-17 22:53:18
10:29:27,12.54,0.01,23,28842,买盘,000006,2025-10-17 22:53:18
10:29:30,12.54,0.0,145,181825,卖盘,000006,2025-10-17 22:53:18
10:29:33,12.55,0.01,337,422736,买盘,000006,2025-10-17 22:53:18
10:29:36,12.55,0.0,1,1255,买盘,000006,2025-10-17 22:53:18
10:29:39,12.53,-0.02,1020,1278212,卖盘,000006,2025-10-17 22:53:18
10:29:42,12.53,0.0,25,31313,买盘,000006,2025-10-17 22:53:18
10:29:45,12.52,-0.01,864,1081729,卖盘,000006,2025-10-17 22:53:18
10:29:48,12.52,0.0,26,32552,买盘,000006,2025-10-17 22:53:18
10:29:51,12.51,-0.01,1179,1475065,卖盘,000006,2025-10-17 22:53:18
10:29:54,12.51,0.0,1032,1291288,买盘,000006,2025-10-17 22:53:18
10:29:57,12.51,0.0,31,38781,买盘,000006,2025-10-17 22:53:18
10:30:00,12.5,-0.01,151,188816,卖盘,000006,2025-10-17 22:53:18
10:30:03,12.51,0.01,163,203762,买盘,000006,2025-10-17 22:53:18
10:30:06,12.51,0.0,111,138860,买盘,000006,2025-10-17 22:53:18
10:30:09,12.5,-0.01,292,365015,卖盘,000006,2025-10-17 22:53:18
10:30:12,12.51,0.01,75,93764,买盘,000006,2025-10-17 22:53:18
10:30:15,12.51,0.0,534,668029,买盘,000006,2025-10-17 22:53:18
10:30:18,12.54,0.03,428,535814,买盘,000006,2025-10-17 22:53:18
10:30:21,12.55,0.01,53,66464,买盘,000006,2025-10-17 22:53:18
10:30:24,12.55,0.0,137,171807,买盘,000006,2025-10-17 22:53:18
10:30:27,12.55,0.0,5,6271,买盘,000006,2025-10-17 22:53:18
10:30:30,12.55,0.0,63,79061,买盘,000006,2025-10-17 22:53:18
10:30:33,12.55,0.0,81,101647,买盘,000006,2025-10-17 22:53:18
10:30:36,12.55,0.0,204,255861,买盘,000006,2025-10-17 22:53:18
10:30:39,12.55,0.0,361,452745,买盘,000006,2025-10-17 22:53:18
10:30:42,12.54,-0.01,6,7524,买盘,000006,2025-10-17 22:53:18
10:30:45,12.53,-0.01,72,90220,卖盘,000006,2025-10-17 22:53:18
10:30:48,12.53,0.0,310,388404,卖盘,000006,2025-10-17 22:53:18
10:30:51,12.52,-0.01,24,30052,卖盘,000006,2025-10-17 22:53:18
10:30:54,12.53,0.01,112,140319,买盘,000006,2025-10-17 22:53:18
10:30:57,12.53,0.0,63,78911,买盘,000006,2025-10-17 22:53:18
10:31:00,12.53,0.0,337,422275,买盘,000006,2025-10-17 22:53:18
10:31:03,12.53,0.0,41,51373,卖盘,000006,2025-10-17 22:53:18
10:31:06,12.53,0.0,123,154121,卖盘,000006,2025-10-17 22:53:18
10:31:09,12.53,0.0,136,170412,卖盘,000006,2025-10-17 22:53:18
10:31:12,12.54,0.01,93,116546,买盘,000006,2025-10-17 22:53:18
10:31:15,12.54,0.0,146,183069,买盘,000006,2025-10-17 22:53:18
10:31:18,12.53,-0.01,414,518955,卖盘,000006,2025-10-17 22:53:18
10:31:21,12.54,0.01,107,134155,买盘,000006,2025-10-17 22:53:18
10:31:24,12.53,-0.01,40,50123,卖盘,000006,2025-10-17 22:53:18
10:31:27,12.54,0.01,122,152928,买盘,000006,2025-10-17 22:53:18
10:31:30,12.54,0.0,1667,2091755,买盘,000006,2025-10-17 22:53:18
10:31:33,12.54,0.0,47,58954,卖盘,000006,2025-10-17 22:53:18
10:31:36,12.55,0.01,71,89103,买盘,000006,2025-10-17 22:53:18
10:31:39,12.54,-0.01,85,106640,卖盘,000006,2025-10-17 22:53:18
10:31:42,12.54,0.0,64,80301,卖盘,000006,2025-10-17 22:53:18
10:31:45,12.56,0.02,272,341330,买盘,000006,2025-10-17 22:53:18
10:31:48,12.56,0.0,13,16328,买盘,000006,2025-10-17 22:53:18
10:31:51,12.56,0.0,36,45208,买盘,000006,2025-10-17 22:53:18
10:31:54,12.55,-0.01,331,415598,卖盘,000006,2025-10-17 22:53:18
10:31:57,12.56,0.01,277,347880,买盘,000006,2025-10-17 22:53:18
10:32:00,12.57,0.01,877,1101487,买盘,000006,2025-10-17 22:53:18
10:32:03,12.57,0.0,77,96783,买盘,000006,2025-10-17 22:53:18
10:32:06,12.57,0.0,348,437436,买盘,000006,2025-10-17 22:53:18
10:32:09,12.57,0.0,81,101817,买盘,000006,2025-10-17 22:53:18
10:32:12,12.57,0.0,182,228770,买盘,000006,2025-10-17 22:53:18
10:32:15,12.57,0.0,517,649821,买盘,000006,2025-10-17 22:53:18
10:32:18,12.58,0.01,82,103075,买盘,000006,2025-10-17 22:53:18
10:32:21,12.58,0.0,67,84273,买盘,000006,2025-10-17 22:53:18
10:32:24,12.58,0.0,70,88060,买盘,000006,2025-10-17 22:53:18
10:32:27,12.58,0.0,135,169823,买盘,000006,2025-10-17 22:53:18
10:32:30,12.58,0.0,116,145928,买盘,000006,2025-10-17 22:53:18
10:32:33,12.58,0.0,1112,1399060,买盘,000006,2025-10-17 22:53:18
10:32:36,12.58,0.0,221,278031,卖盘,000006,2025-10-17 22:53:18
10:32:39,12.59,0.01,226,284483,买盘,000006,2025-10-17 22:53:18
10:32:42,12.58,-0.01,341,429258,卖盘,000006,2025-10-17 22:53:18
10:32:45,12.59,0.01,374,470838,买盘,000006,2025-10-17 22:53:18
10:32:48,12.58,-0.01,513,645812,卖盘,000006,2025-10-17 22:53:18
10:32:51,12.59,0.01,360,452985,买盘,000006,2025-10-17 22:53:18
10:32:54,12.58,-0.01,135,169955,卖盘,000006,2025-10-17 22:53:18
10:32:57,12.59,0.01,23,28957,买盘,000006,2025-10-17 22:53:18
10:33:00,12.59,0.0,242,304676,买盘,000006,2025-10-17 22:53:18
10:33:03,12.58,-0.01,628,790088,卖盘,000006,2025-10-17 22:53:18
10:33:06,12.58,0.0,1199,1509502,卖盘,000006,2025-10-17 22:53:18
10:33:09,12.59,0.01,74,93120,买盘,000006,2025-10-17 22:53:18
10:33:12,12.59,0.0,28,35246,买盘,000006,2025-10-17 22:53:18
10:33:15,12.59,0.0,23,28952,买盘,000006,2025-10-17 22:53:18
10:33:18,12.58,-0.01,54,67957,卖盘,000006,2025-10-17 22:53:18
10:33:21,12.59,0.01,257,323414,买盘,000006,2025-10-17 22:53:18
10:33:24,12.58,-0.01,33,41527,卖盘,000006,2025-10-17 22:53:18
10:33:27,12.59,0.01,115,144710,买盘,000006,2025-10-17 22:53:18
10:33:30,12.59,0.0,167,210235,买盘,000006,2025-10-17 22:53:18
10:33:33,12.58,-0.01,351,441409,卖盘,000006,2025-10-17 22:53:18
10:33:36,12.58,0.0,222,279271,买盘,000006,2025-10-17 22:53:18
10:33:39,12.58,0.0,797,1003192,买盘,000006,2025-10-17 22:53:18
10:33:42,12.58,0.0,159,200144,卖盘,000006,2025-10-17 22:53:18
10:33:45,12.58,0.0,193,242799,卖盘,000006,2025-10-17 22:53:18
10:33:48,12.58,0.0,27,33962,买盘,000006,2025-10-17 22:53:18
10:33:51,12.58,0.0,76,95608,买盘,000006,2025-10-17 22:53:18
10:33:54,12.58,0.0,391,491777,买盘,000006,2025-10-17 22:53:18
10:33:57,12.58,0.0,143,179900,卖盘,000006,2025-10-17 22:53:18
10:34:00,12.58,0.0,32,40264,卖盘,000006,2025-10-17 22:53:18
10:34:03,12.58,0.0,205,257960,卖盘,000006,2025-10-17 22:53:18
10:34:06,12.59,0.01,121,152224,买盘,000006,2025-10-17 22:53:18
10:34:09,12.58,-0.01,126,158512,卖盘,000006,2025-10-17 22:53:18
10:34:12,12.58,0.0,177,222666,买盘,000006,2025-10-17 22:53:18
10:34:15,12.58,0.0,122,153472,买盘,000006,2025-10-17 22:53:18
10:34:18,12.58,0.0,156,196265,买盘,000006,2025-10-17 22:53:18
10:34:21,12.58,0.0,164,206313,卖盘,000006,2025-10-17 22:53:18
10:34:24,12.59,0.01,74,93135,买盘,000006,2025-10-17 22:53:18
10:34:27,12.59,0.0,340,427898,买盘,000006,2025-10-17 22:53:18
10:34:30,12.59,0.0,142,178772,买盘,000006,2025-10-17 22:53:18
10:34:33,12.58,-0.01,451,567772,卖盘,000006,2025-10-17 22:53:18
10:34:36,12.59,0.01,40,50354,买盘,000006,2025-10-17 22:53:18
10:34:39,12.59,0.0,98,123348,买盘,000006,2025-10-17 22:53:18
10:34:42,12.58,-0.01,162,203922,卖盘,000006,2025-10-17 22:53:18
10:34:45,12.59,0.01,152,191368,买盘,000006,2025-10-17 22:53:18
10:34:48,12.59,0.0,347,436865,买盘,000006,2025-10-17 22:53:18
10:34:51,12.59,0.0,446,561498,买盘,000006,2025-10-17 22:53:18
10:34:54,12.59,0.0,216,271924,买盘,000006,2025-10-17 22:53:18
10:34:57,12.59,0.0,419,527520,买盘,000006,2025-10-17 22:53:18
10:35:00,12.58,-0.01,120,151075,卖盘,000006,2025-10-17 22:53:18
10:35:03,12.58,0.0,306,385247,卖盘,000006,2025-10-17 22:53:18
10:35:06,12.59,0.01,273,343665,买盘,000006,2025-10-17 22:53:18
10:35:09,12.59,0.0,656,826068,买盘,000006,2025-10-17 22:53:18
10:35:12,12.6,0.01,413,520352,买盘,000006,2025-10-17 22:53:18
10:35:15,12.6,0.0,216,272160,买盘,000006,2025-10-17 22:53:18
10:35:18,12.6,0.0,141,177656,买盘,000006,2025-10-17 22:53:18
10:35:21,12.6,0.0,92,115920,买盘,000006,2025-10-17 22:53:18
10:35:24,12.6,0.0,104,131017,买盘,000006,2025-10-17 22:53:18
10:35:27,12.6,0.0,173,217980,买盘,000006,2025-10-17 22:53:18
10:35:30,12.6,0.0,266,335150,买盘,000006,2025-10-17 22:53:18
10:35:33,12.59,-0.01,574,723168,卖盘,000006,2025-10-17 22:53:18
10:35:36,12.6,0.01,255,321198,买盘,000006,2025-10-17 22:53:18
10:35:39,12.6,0.0,417,525307,买盘,000006,2025-10-17 22:53:18
10:35:42,12.6,0.0,231,290980,买盘,000006,2025-10-17 22:53:18
10:35:45,12.6,0.0,207,260793,买盘,000006,2025-10-17 22:53:18
10:35:48,12.6,0.0,707,890799,买盘,000006,2025-10-17 22:53:18
10:35:51,12.59,-0.01,90,113376,卖盘,000006,2025-10-17 22:53:18
10:35:54,12.6,0.01,66,83150,买盘,000006,2025-10-17 22:53:18
10:35:57,12.6,0.0,176,221756,买盘,000006,2025-10-17 22:53:18
10:36:00,12.6,0.0,106,133559,买盘,000006,2025-10-17 22:53:18
10:36:03,12.6,0.0,52,65518,买盘,000006,2025-10-17 22:53:18
10:36:06,12.6,0.0,239,301119,买盘,000006,2025-10-17 22:53:18
10:36:09,12.6,0.0,666,839136,买盘,000006,2025-10-17 22:53:18
10:36:12,12.6,0.0,75,94484,买盘,000006,2025-10-17 22:53:18
10:36:15,12.6,0.0,467,588412,买盘,000006,2025-10-17 22:53:18
10:36:18,12.6,0.0,205,258284,买盘,000006,2025-10-17 22:53:18
10:36:21,12.6,0.0,325,409493,买盘,000006,2025-10-17 22:53:18
10:36:24,12.6,0.0,315,396869,买盘,000006,2025-10-17 22:53:18
10:36:27,12.59,-0.01,146,183927,卖盘,000006,2025-10-17 22:53:18
10:36:30,12.6,0.01,337,424588,买盘,000006,2025-10-17 22:53:18
10:36:33,12.6,0.0,218,274510,买盘,000006,2025-10-17 22:53:18
10:36:36,12.59,-0.01,194,244284,卖盘,000006,2025-10-17 22:53:18
10:36:39,12.6,0.01,365,459581,买盘,000006,2025-10-17 22:53:18
10:36:42,12.59,-0.01,273,343818,卖盘,000006,2025-10-17 22:53:18
10:36:45,12.6,0.01,184,231688,买盘,000006,2025-10-17 22:53:18
10:36:48,12.6,0.0,84,105798,买盘,000006,2025-10-17 22:53:18
10:36:51,12.6,0.0,425,535083,买盘,000006,2025-10-17 22:53:18
10:36:54,12.6,0.0,65,81871,买盘,000006,2025-10-17 22:53:18
10:36:57,12.6,0.0,189,238140,买盘,000006,2025-10-17 22:53:18
10:37:00,12.6,0.0,12,15120,买盘,000006,2025-10-17 22:53:18
10:37:03,12.6,0.0,32,40292,买盘,000006,2025-10-17 22:53:18
10:37:06,12.59,-0.01,49,61713,卖盘,000006,2025-10-17 22:53:18
10:37:09,12.59,0.0,106,133317,卖盘,000006,2025-10-17 22:53:18
10:37:12,12.59,0.0,160,201435,买盘,000006,2025-10-17 22:53:18
10:37:15,12.58,-0.01,51,64158,卖盘,000006,2025-10-17 22:53:18
10:37:18,12.59,0.01,55,69244,买盘,000006,2025-10-17 22:53:18
10:37:21,12.59,0.0,16,20140,买盘,000006,2025-10-17 22:53:18
10:37:24,12.59,0.0,31,39014,买盘,000006,2025-10-17 22:53:18
10:37:27,12.59,0.0,116,146032,买盘,000006,2025-10-17 22:53:18
10:37:30,12.59,0.0,18,22656,买盘,000006,2025-10-17 22:53:18
10:37:33,12.59,0.0,634,797730,买盘,000006,2025-10-17 22:53:18
10:37:36,12.59,0.0,138,173732,买盘,000006,2025-10-17 22:53:18
10:37:39,12.59,0.0,36,45324,买盘,000006,2025-10-17 22:53:18
10:37:42,12.58,-0.01,80,100681,卖盘,000006,2025-10-17 22:53:18
10:37:45,12.58,0.0,367,461688,卖盘,000006,2025-10-17 22:53:18
10:37:48,12.58,0.0,120,150914,买盘,000006,2025-10-17 22:53:18
10:37:51,12.58,0.0,102,128316,买盘,000006,2025-10-17 22:53:18
10:37:54,12.58,0.0,60,75480,买盘,000006,2025-10-17 22:53:18
10:37:57,12.58,0.0,2,2516,买盘,000006,2025-10-17 22:53:18
10:38:00,12.58,0.0,18,22644,买盘,000006,2025-10-17 22:53:18
10:38:03,12.58,0.0,10,12573,买盘,000006,2025-10-17 22:53:18
10:38:06,12.56,-0.02,1373,1725867,卖盘,000006,2025-10-17 22:53:18
10:38:09,12.56,0.0,139,174712,卖盘,000006,2025-10-17 22:53:18
10:38:12,12.57,0.01,5,6284,买盘,000006,2025-10-17 22:53:18
10:38:15,12.57,0.0,73,91711,买盘,000006,2025-10-17 22:53:18
10:38:18,12.55,-0.02,485,609174,卖盘,000006,2025-10-17 22:53:18
10:38:21,12.55,0.0,48,60250,卖盘,000006,2025-10-17 22:53:18
10:38:24,12.55,0.0,86,107929,卖盘,000006,2025-10-17 22:53:18
10:38:27,12.55,0.0,2,2510,买盘,000006,2025-10-17 22:53:18
10:38:30,12.55,0.0,120,150599,买盘,000006,2025-10-17 22:53:18
10:38:33,12.55,0.0,8,10036,买盘,000006,2025-10-17 22:53:18
10:38:36,12.55,0.0,107,134274,买盘,000006,2025-10-17 22:53:18
10:38:39,12.55,0.0,168,210840,买盘,000006,2025-10-17 22:53:18
10:38:42,12.55,0.0,332,416410,卖盘,000006,2025-10-17 22:53:18
10:38:45,12.56,0.01,84,105497,买盘,000006,2025-10-17 22:53:18
10:38:48,12.56,0.0,112,140615,买盘,000006,2025-10-17 22:53:18
10:38:51,12.56,0.0,49,61544,买盘,000006,2025-10-17 22:53:18
10:38:54,12.55,-0.01,223,279897,卖盘,000006,2025-10-17 22:53:18
10:38:57,12.56,0.01,194,243660,买盘,000006,2025-10-17 22:53:18
10:39:00,12.57,0.01,72,90482,买盘,000006,2025-10-17 22:53:18
10:39:03,12.56,-0.01,462,580286,卖盘,000006,2025-10-17 22:53:18
10:39:06,12.57,0.01,134,168431,买盘,000006,2025-10-17 22:53:18
10:39:09,12.57,0.0,142,178483,买盘,000006,2025-10-17 22:53:18
10:39:12,12.58,0.01,582,731985,买盘,000006,2025-10-17 22:53:18
10:39:15,12.58,0.0,115,144665,买盘,000006,2025-10-17 22:53:18
10:39:18,12.58,0.0,118,148444,买盘,000006,2025-10-17 22:53:18
10:39:21,12.58,0.0,30,37740,买盘,000006,2025-10-17 22:53:18
10:39:24,12.58,0.0,267,335884,买盘,000006,2025-10-17 22:53:18
10:39:27,12.58,0.0,33,41511,买盘,000006,2025-10-17 22:53:18
10:39:30,12.58,0.0,240,301879,买盘,000006,2025-10-17 22:53:18
10:39:33,12.58,0.0,27,33958,买盘,000006,2025-10-17 22:53:18
10:39:36,12.58,0.0,301,378655,买盘,000006,2025-10-17 22:53:18
10:39:39,12.58,0.0,32,40268,卖盘,000006,2025-10-17 22:53:18
10:39:42,12.59,0.01,42,52877,买盘,000006,2025-10-17 22:53:18
10:39:45,12.58,-0.01,66,83054,卖盘,000006,2025-10-17 22:53:18
10:39:48,12.59,0.01,45,56641,买盘,000006,2025-10-17 22:53:18
10:39:51,12.58,-0.01,240,302035,卖盘,000006,2025-10-17 22:53:18
10:39:54,12.59,0.01,89,112051,买盘,000006,2025-10-17 22:53:18
10:39:57,12.59,0.0,97,122115,买盘,000006,2025-10-17 22:53:18
10:40:00,12.59,0.0,276,347423,买盘,000006,2025-10-17 22:53:18
10:40:03,12.59,0.0,64,80562,买盘,000006,2025-10-17 22:53:18
10:40:06,12.59,0.0,332,417834,买盘,000006,2025-10-17 22:53:18
10:40:09,12.59,0.0,127,159893,买盘,000006,2025-10-17 22:53:18
10:40:12,12.59,0.0,180,226620,买盘,000006,2025-10-17 22:53:18
10:40:15,12.59,0.0,133,167447,买盘,000006,2025-10-17 22:53:18
10:40:18,12.59,0.0,256,322304,买盘,000006,2025-10-17 22:53:18
10:40:21,12.6,0.01,86,108295,买盘,000006,2025-10-17 22:53:18
10:40:24,12.6,0.0,2,2519,买盘,000006,2025-10-17 22:53:18
10:40:27,12.6,0.0,150,189000,买盘,000006,2025-10-17 22:53:18
10:40:30,12.6,0.0,38,47880,买盘,000006,2025-10-17 22:53:18
10:40:33,12.59,-0.01,129,162493,卖盘,000006,2025-10-17 22:53:18
10:40:36,12.6,0.01,147,185220,买盘,000006,2025-10-17 22:53:18
10:40:39,12.6,0.0,90,113340,买盘,000006,2025-10-17 22:53:18
10:40:42,12.6,0.0,180,226800,买盘,000006,2025-10-17 22:53:18
10:40:45,12.6,0.0,66,83149,买盘,000006,2025-10-17 22:53:18
10:40:48,12.6,0.0,110,138544,买盘,000006,2025-10-17 22:53:18
10:40:51,12.59,-0.01,94,118385,卖盘,000006,2025-10-17 22:53:18
10:40:54,12.6,0.01,58,73060,买盘,000006,2025-10-17 22:53:18
10:40:57,12.59,-0.01,100,125924,卖盘,000006,2025-10-17 22:53:18
10:41:00,12.6,0.01,33,41564,买盘,000006,2025-10-17 22:53:18
10:41:03,12.59,-0.01,189,238065,卖盘,000006,2025-10-17 22:53:18
10:41:06,12.6,0.01,21,26455,买盘,000006,2025-10-17 22:53:18
10:41:09,12.6,0.0,70,88174,买盘,000006,2025-10-17 22:53:18
10:41:12,12.6,0.0,24,30229,买盘,000006,2025-10-17 22:53:18
10:41:15,12.59,-0.01,48,60469,卖盘,000006,2025-10-17 22:53:18
10:41:18,12.6,0.01,135,170067,买盘,000006,2025-10-17 22:53:18
10:41:21,12.6,0.0,306,385560,买盘,000006,2025-10-17 22:53:18
10:41:24,12.59,-0.01,290,365364,卖盘,000006,2025-10-17 22:53:18
10:41:27,12.6,0.01,207,260810,买盘,000006,2025-10-17 22:53:18
10:41:30,12.6,0.0,245,308700,买盘,000006,2025-10-17 22:53:18
10:41:33,12.6,0.0,277,348878,买盘,000006,2025-10-17 22:53:18
10:41:36,12.59,-0.01,1,1259,卖盘,000006,2025-10-17 22:53:18
10:41:39,12.59,0.0,200,251811,卖盘,000006,2025-10-17 22:53:18
10:41:42,12.6,0.01,130,163786,买盘,000006,2025-10-17 22:53:18
10:41:45,12.6,0.0,8,10075,买盘,000006,2025-10-17 22:53:18
10:41:48,12.6,0.0,59,74338,买盘,000006,2025-10-17 22:53:18
10:41:51,12.59,-0.01,69,86871,卖盘,000006,2025-10-17 22:53:18
10:41:54,12.59,0.0,172,216549,卖盘,000006,2025-10-17 22:53:18
10:41:57,12.59,0.0,510,642150,卖盘,000006,2025-10-17 22:53:18
10:42:00,12.59,0.0,79,99527,卖盘,000006,2025-10-17 22:53:18
10:42:03,12.6,0.01,187,235495,买盘,000006,2025-10-17 22:53:18
10:42:06,12.59,-0.01,185,232931,卖盘,000006,2025-10-17 22:53:18
10:42:09,12.59,0.0,250,314808,卖盘,000006,2025-10-17 22:53:18
10:42:12,12.6,0.01,197,248101,买盘,000006,2025-10-17 22:53:18
10:42:15,12.59,-0.01,156,196404,卖盘,000006,2025-10-17 22:53:18
10:42:18,12.59,0.0,112,141113,卖盘,000006,2025-10-17 22:53:18
10:42:21,12.6,0.01,554,697496,买盘,000006,2025-10-17 22:53:18
10:42:24,12.6,0.0,351,441971,买盘,000006,2025-10-17 22:53:18
10:42:27,12.59,-0.01,236,297186,卖盘,000006,2025-10-17 22:53:18
10:42:33,12.6,0.01,54,68024,买盘,000006,2025-10-17 22:53:18
10:42:36,12.59,-0.01,26,32750,卖盘,000006,2025-10-17 22:53:18
10:42:39,12.59,0.0,902,1135081,卖盘,000006,2025-10-17 22:53:18
10:42:42,12.59,0.0,18,22647,买盘,000006,2025-10-17 22:53:18
10:42:45,12.59,0.0,85,106998,买盘,000006,2025-10-17 22:53:18
10:42:48,12.59,0.0,153,192627,买盘,000006,2025-10-17 22:53:18
10:42:51,12.59,0.0,20,25180,买盘,000006,2025-10-17 22:53:18
10:42:54,12.59,0.0,66,83094,买盘,000006,2025-10-17 22:53:18
10:42:57,12.59,0.0,19,23921,买盘,000006,2025-10-17 22:53:18
10:43:00,12.59,0.0,5,6295,买盘,000006,2025-10-17 22:53:18
10:43:03,12.59,0.0,144,181279,买盘,000006,2025-10-17 22:53:18
10:43:06,12.58,-0.01,83,104489,卖盘,000006,2025-10-17 22:53:18
10:43:09,12.59,0.01,102,128408,买盘,000006,2025-10-17 22:53:18
10:43:12,12.59,0.0,929,1169647,买盘,000006,2025-10-17 22:53:18
10:43:15,12.59,0.0,98,123382,卖盘,000006,2025-10-17 22:53:18
10:43:18,12.6,0.01,83,104541,买盘,000006,2025-10-17 22:53:18
10:43:21,12.6,0.0,177,222854,买盘,000006,2025-10-17 22:53:18
10:43:24,12.6,0.0,169,212855,买盘,000006,2025-10-17 22:53:18
10:43:27,12.59,-0.01,11,13856,卖盘,000006,2025-10-17 22:53:18
10:43:30,12.59,0.0,31,39038,卖盘,000006,2025-10-17 22:53:18
10:43:33,12.59,0.0,143,180116,卖盘,000006,2025-10-17 22:53:18
10:43:36,12.59,0.0,226,284548,卖盘,000006,2025-10-17 22:53:18
10:43:39,12.6,0.01,139,175009,买盘,000006,2025-10-17 22:53:18
10:43:42,12.59,-0.01,107,134714,卖盘,000006,2025-10-17 22:53:18
10:43:45,12.59,0.0,201,253061,卖盘,000006,2025-10-17 22:53:18
10:43:48,12.6,0.01,38,47880,买盘,000006,2025-10-17 22:53:18
10:43:51,12.59,-0.01,3,3777,卖盘,000006,2025-10-17 22:53:18
10:43:54,12.59,0.0,108,135972,卖盘,000006,2025-10-17 22:53:18
10:43:57,12.6,0.01,661,832260,买盘,000006,2025-10-17 22:53:18
10:44:00,12.6,0.0,115,144788,买盘,000006,2025-10-17 22:53:18
10:44:03,12.59,-0.01,622,783120,卖盘,000006,2025-10-17 22:53:18
10:44:06,12.59,0.0,193,242732,卖盘,000006,2025-10-17 22:53:18
10:44:09,12.59,0.0,244,307196,买盘,000006,2025-10-17 22:53:18
10:44:12,12.58,-0.01,55,69241,卖盘,000006,2025-10-17 22:53:18
10:44:15,12.59,0.01,25,31475,买盘,000006,2025-10-17 22:53:18
10:44:18,12.59,0.0,327,411857,买盘,000006,2025-10-17 22:53:18
10:44:21,12.6,0.01,234,294675,买盘,000006,2025-10-17 22:53:18
10:44:24,12.6,0.0,150,188861,买盘,000006,2025-10-17 22:53:18
10:44:27,12.59,-0.01,29,36536,卖盘,000006,2025-10-17 22:53:18
10:44:30,12.58,-0.01,288,362566,卖盘,000006,2025-10-17 22:53:18
10:44:33,12.59,0.01,45,56667,卖盘,000006,2025-10-17 22:53:18
10:44:36,12.59,0.0,90,113310,买盘,000006,2025-10-17 22:53:18
10:44:39,12.59,0.0,68,85612,买盘,000006,2025-10-17 22:53:18
10:44:42,12.59,0.0,18,22662,买盘,000006,2025-10-17 22:53:18
10:44:45,12.59,0.0,102,128373,买盘,000006,2025-10-17 22:53:18
10:44:48,12.59,0.0,42,52878,买盘,000006,2025-10-17 22:53:18
10:44:51,12.59,0.0,25,31470,买盘,000006,2025-10-17 22:53:18
10:44:54,12.59,0.0,67,84353,买盘,000006,2025-10-17 22:53:18
10:44:57,12.59,0.0,57,71763,买盘,000006,2025-10-17 22:53:18
10:45:00,12.59,0.0,78,98202,买盘,000006,2025-10-17 22:53:18
10:45:03,12.59,0.0,28,35247,买盘,000006,2025-10-17 22:53:18
10:45:06,12.59,0.0,262,329858,买盘,000006,2025-10-17 22:53:18
10:45:09,12.6,0.01,135,170022,买盘,000006,2025-10-17 22:53:18
10:45:12,12.6,0.0,47,59185,买盘,000006,2025-10-17 22:53:18
10:45:15,12.6,0.0,32,40298,买盘,000006,2025-10-17 22:53:18
10:45:18,12.59,-0.01,25,31478,卖盘,000006,2025-10-17 22:53:18
10:45:21,12.59,0.0,339,426801,卖盘,000006,2025-10-17 22:53:18
10:45:24,12.6,0.01,13,16380,买盘,000006,2025-10-17 22:53:18
10:45:27,12.6,0.0,93,117107,买盘,000006,2025-10-17 22:53:18
10:45:30,12.6,0.0,1162,1463701,买盘,000006,2025-10-17 22:53:18
10:45:33,12.6,0.0,262,330088,买盘,000006,2025-10-17 22:53:18
10:45:36,12.6,0.0,26,32755,买盘,000006,2025-10-17 22:53:18
10:45:39,12.6,0.0,39,49122,买盘,000006,2025-10-17 22:53:18
10:45:42,12.6,0.0,197,248191,买盘,000006,2025-10-17 22:53:18
10:45:45,12.59,-0.01,256,322509,卖盘,000006,2025-10-17 22:53:18
10:45:48,12.6,0.01,51,64242,买盘,000006,2025-10-17 22:53:18
10:45:51,12.6,0.0,847,1067097,买盘,000006,2025-10-17 22:53:18
10:45:54,12.6,0.0,276,347754,买盘,000006,2025-10-17 22:53:18
10:45:57,12.59,-0.01,256,322550,卖盘,000006,2025-10-17 22:53:18
10:46:00,12.6,0.01,62,78097,买盘,000006,2025-10-17 22:53:18
10:46:03,12.6,0.0,202,254520,买盘,000006,2025-10-17 22:53:18
10:46:06,12.6,0.0,364,458361,买盘,000006,2025-10-17 22:53:18
10:46:09,12.6,0.0,51,64230,买盘,000006,2025-10-17 22:53:18
10:46:12,12.6,0.0,30,37800,买盘,000006,2025-10-17 22:53:18
10:46:15,12.6,0.0,35,44088,买盘,000006,2025-10-17 22:53:18
10:46:18,12.6,0.0,6,7560,买盘,000006,2025-10-17 22:53:18
10:46:21,12.6,0.0,23,28980,买盘,000006,2025-10-17 22:53:18
10:46:24,12.6,0.0,98,123473,买盘,000006,2025-10-17 22:53:18
10:46:27,12.59,-0.01,195,245684,卖盘,000006,2025-10-17 22:53:18
10:46:30,12.59,0.0,88,110848,卖盘,000006,2025-10-17 22:53:18
10:46:33,12.6,0.01,52,65516,买盘,000006,2025-10-17 22:53:18
10:46:36,12.59,-0.01,51,64240,卖盘,000006,2025-10-17 22:53:18
10:46:39,12.6,0.01,113,142348,买盘,000006,2025-10-17 22:53:18
10:46:42,12.6,0.0,89,112118,买盘,000006,2025-10-17 22:53:18
10:46:45,12.59,-0.01,132,166259,卖盘,000006,2025-10-17 22:53:18
10:46:48,12.59,0.0,141,177630,卖盘,000006,2025-10-17 22:53:18
10:46:51,12.6,0.01,159,200298,买盘,000006,2025-10-17 22:53:18
10:46:54,12.6,0.0,39,49133,买盘,000006,2025-10-17 22:53:18
10:46:57,12.6,0.0,428,539265,买盘,000006,2025-10-17 22:53:18
10:47:00,12.6,0.0,188,236828,买盘,000006,2025-10-17 22:53:18
10:47:03,12.6,0.0,136,171249,买盘,000006,2025-10-17 22:53:18
10:47:06,12.6,0.0,66,83160,买盘,000006,2025-10-17 22:53:18
10:47:09,12.59,-0.01,35,44080,卖盘,000006,2025-10-17 22:53:18
10:47:12,12.6,0.01,515,648896,买盘,000006,2025-10-17 22:53:18
10:47:15,12.6,0.0,62,78119,买盘,000006,2025-10-17 22:53:18
10:47:18,12.6,0.0,282,355314,买盘,000006,2025-10-17 22:53:18
10:47:21,12.6,0.0,81,102053,买盘,000006,2025-10-17 22:53:18
10:47:24,12.6,0.0,1260,1587600,买盘,000006,2025-10-17 22:53:18
10:47:27,12.6,0.0,2087,2629581,买盘,000006,2025-10-17 22:53:18
10:47:30,12.6,0.0,5500,6929960,买盘,000006,2025-10-17 22:53:18
10:47:33,12.6,0.0,3216,4052160,买盘,000006,2025-10-17 22:53:18
10:47:36,12.6,0.0,47,59220,卖盘,000006,2025-10-17 22:53:18
10:47:39,12.6,0.0,41,51660,卖盘,000006,2025-10-17 22:53:18
10:47:42,12.6,0.0,1,1260,卖盘,000006,2025-10-17 22:53:18
10:47:45,12.6,0.0,571,719460,卖盘,000006,2025-10-17 22:53:18
10:47:48,12.6,0.0,61,76860,卖盘,000006,2025-10-17 22:53:18
10:47:51,12.6,0.0,427,538020,卖盘,000006,2025-10-17 22:53:18
10:47:54,12.6,0.0,170,214200,卖盘,000006,2025-10-17 22:53:18
10:47:57,12.6,0.0,91,114660,卖盘,000006,2025-10-17 22:53:18
10:48:00,12.6,0.0,135,170100,卖盘,000006,2025-10-17 22:53:18
10:48:03,12.6,0.0,210,264600,卖盘,000006,2025-10-17 22:53:18
10:48:06,12.6,0.0,71,89460,卖盘,000006,2025-10-17 22:53:18
10:48:09,12.6,0.0,11,13860,卖盘,000006,2025-10-17 22:53:18
10:48:12,12.6,0.0,26,32760,卖盘,000006,2025-10-17 22:53:18
10:48:15,12.6,0.0,95,119700,卖盘,000006,2025-10-17 22:53:18
10:48:18,12.6,0.0,38,47880,卖盘,000006,2025-10-17 22:53:18
10:48:21,12.6,0.0,230,289800,卖盘,000006,2025-10-17 22:53:18
10:48:24,12.6,0.0,225,283500,卖盘,000006,2025-10-17 22:53:18
10:48:27,12.6,0.0,58,73080,卖盘,000006,2025-10-17 22:53:18
10:48:30,12.6,0.0,48,60480,卖盘,000006,2025-10-17 22:53:18
10:48:33,12.6,0.0,4,5040,卖盘,000006,2025-10-17 22:53:18
10:48:39,12.6,0.0,150,189000,卖盘,000006,2025-10-17 22:53:18
10:48:42,12.6,0.0,18,22680,卖盘,000006,2025-10-17 22:53:18
10:48:45,12.6,0.0,437,550620,卖盘,000006,2025-10-17 22:53:18
10:48:48,12.6,0.0,10,12600,卖盘,000006,2025-10-17 22:53:18
10:48:51,12.6,0.0,16,20160,卖盘,000006,2025-10-17 22:53:18
10:48:54,12.6,0.0,9,11340,卖盘,000006,2025-10-17 22:53:18
10:48:57,12.6,0.0,13,16380,卖盘,000006,2025-10-17 22:53:18
10:49:00,12.6,0.0,458,577080,卖盘,000006,2025-10-17 22:53:18
10:49:03,12.6,0.0,2,2520,卖盘,000006,2025-10-17 22:53:18
10:49:06,12.6,0.0,20,25200,卖盘,000006,2025-10-17 22:53:18
10:49:09,12.6,0.0,10,12600,卖盘,000006,2025-10-17 22:53:18
10:49:18,12.6,0.0,4,5040,卖盘,000006,2025-10-17 22:53:18
10:49:21,12.6,0.0,21,26460,卖盘,000006,2025-10-17 22:53:18
10:49:27,12.6,0.0,5,6300,卖盘,000006,2025-10-17 22:53:18
10:49:30,12.6,0.0,1,1260,卖盘,000006,2025-10-17 22:53:18
10:49:39,12.6,0.0,20,25200,卖盘,000006,2025-10-17 22:53:18
10:49:42,12.6,0.0,8,10080,卖盘,000006,2025-10-17 22:53:18
10:49:45,12.6,0.0,52,65520,卖盘,000006,2025-10-17 22:53:18
10:49:51,12.6,0.0,5,6300,卖盘,000006,2025-10-17 22:53:18
10:49:57,12.6,0.0,13,16380,卖盘,000006,2025-10-17 22:53:18
10:50:00,12.6,0.0,5,6300,卖盘,000006,2025-10-17 22:53:18
10:50:03,12.6,0.0,2,2520,卖盘,000006,2025-10-17 22:53:18
10:50:12,12.6,0.0,14,17640,卖盘,000006,2025-10-17 22:53:18
10:50:15,12.6,0.0,17,21420,卖盘,000006,2025-10-17 22:53:18
10:50:18,12.6,0.0,16,20160,卖盘,000006,2025-10-17 22:53:18
10:50:21,12.6,0.0,20,25200,卖盘,000006,2025-10-17 22:53:18
10:50:24,12.6,0.0,16,20160,卖盘,000006,2025-10-17 22:53:18
10:50:30,12.6,0.0,20,25200,卖盘,000006,2025-10-17 22:53:18
10:50:33,12.6,0.0,22,27720,卖盘,000006,2025-10-17 22:53:18
10:50:36,12.6,0.0,62,78120,卖盘,000006,2025-10-17 22:53:18
10:50:39,12.6,0.0,49,61740,卖盘,000006,2025-10-17 22:53:18
10:50:42,12.6,0.0,26,32760,卖盘,000006,2025-10-17 22:53:18
10:50:45,12.6,0.0,28,35280,卖盘,000006,2025-10-17 22:53:18
10:50:48,12.6,0.0,1,1260,卖盘,000006,2025-10-17 22:53:18
10:50:51,12.6,0.0,69,86940,卖盘,000006,2025-10-17 22:53:18
10:50:54,12.6,0.0,4,5040,卖盘,000006,2025-10-17 22:53:18
10:51:00,12.6,0.0,1,1260,卖盘,000006,2025-10-17 22:53:18
10:51:12,12.6,0.0,10,12600,卖盘,000006,2025-10-17 22:53:18
10:51:15,12.6,0.0,1,1260,卖盘,000006,2025-10-17 22:53:18
10:51:33,12.6,0.0,2,2520,卖盘,000006,2025-10-17 22:53:18
10:51:39,12.6,0.0,2,2520,卖盘,000006,2025-10-17 22:53:18
10:51:42,12.6,0.0,1,1260,卖盘,000006,2025-10-17 22:53:18
10:51:45,12.6,0.0,15,18900,卖盘,000006,2025-10-17 22:53:18
10:51:48,12.6,0.0,2,2520,卖盘,000006,2025-10-17 22:53:18
10:51:51,12.6,0.0,1,1260,卖盘,000006,2025-10-17 22:53:18
10:51:54,12.6,0.0,8,10080,卖盘,000006,2025-10-17 22:53:18
10:51:57,12.6,0.0,91,114660,卖盘,000006,2025-10-17 22:53:18
10:52:00,12.6,0.0,22,27720,卖盘,000006,2025-10-17 22:53:18
10:52:12,12.6,0.0,37,46620,卖盘,000006,2025-10-17 22:53:18
10:52:15,12.6,0.0,529,666540,卖盘,000006,2025-10-17 22:53:18
10:52:18,12.6,0.0,366,461160,卖盘,000006,2025-10-17 22:53:18
10:52:24,12.6,0.0,33,41580,卖盘,000006,2025-10-17 22:53:18
10:52:30,12.6,0.0,3,3780,卖盘,000006,2025-10-17 22:53:18
10:52:33,12.6,0.0,39,49140,卖盘,000006,2025-10-17 22:53:18
10:52:36,12.6,0.0,2,2520,卖盘,000006,2025-10-17 22:53:18
10:52:39,12.6,0.0,58,73080,卖盘,000006,2025-10-17 22:53:18
10:52:42,12.6,0.0,119,149940,卖盘,000006,2025-10-17 22:53:18
10:52:45,12.6,0.0,10,12600,卖盘,000006,2025-10-17 22:53:18
10:52:48,12.6,0.0,142,178920,卖盘,000006,2025-10-17 22:53:18
10:52:51,12.6,0.0,72,90720,卖盘,000006,2025-10-17 22:53:18
10:52:54,12.6,0.0,2,2520,卖盘,000006,2025-10-17 22:53:18
10:52:57,12.6,0.0,1,1260,卖盘,000006,2025-10-17 22:53:18
10:53:00,12.6,0.0,29,36540,卖盘,000006,2025-10-17 22:53:18
10:53:12,12.6,0.0,1,1260,卖盘,000006,2025-10-17 22:53:18
10:53:18,12.6,0.0,24,30240,卖盘,000006,2025-10-17 22:53:18
10:53:21,12.6,0.0,4,5040,卖盘,000006,2025-10-17 22:53:18
10:53:24,12.6,0.0,9,11340,卖盘,000006,2025-10-17 22:53:18
10:53:30,12.6,0.0,3,3780,卖盘,000006,2025-10-17 22:53:18
10:53:36,12.6,0.0,29,36540,卖盘,000006,2025-10-17 22:53:18
10:53:39,12.6,0.0,286,360360,卖盘,000006,2025-10-17 22:53:18
10:53:42,12.6,0.0,78,98280,卖盘,000006,2025-10-17 22:53:18
10:53:45,12.6,0.0,34,42840,卖盘,000006,2025-10-17 22:53:18
10:53:51,12.6,0.0,1,1260,卖盘,000006,2025-10-17 22:53:18
10:53:54,12.6,0.0,1,1260,卖盘,000006,2025-10-17 22:53:18
10:54:03,12.6,0.0,1,1260,卖盘,000006,2025-10-17 22:53:18
10:54:09,12.6,0.0,1,1260,卖盘,000006,2025-10-17 22:53:18
10:54:15,12.6,0.0,10,12600,卖盘,000006,2025-10-17 22:53:18
10:54:18,12.6,0.0,15,18900,卖盘,000006,2025-10-17 22:53:18
10:54:21,12.6,0.0,74,93240,卖盘,000006,2025-10-17 22:53:18
10:54:27,12.6,0.0,7,8820,卖盘,000006,2025-10-17 22:53:18
10:54:30,12.6,0.0,3,3780,卖盘,000006,2025-10-17 22:53:18
10:54:33,12.6,0.0,2,2520,卖盘,000006,2025-10-17 22:53:18
10:54:39,12.6,0.0,16,20160,卖盘,000006,2025-10-17 22:53:18
10:54:45,12.6,0.0,12,15120,卖盘,000006,2025-10-17 22:53:18
10:54:51,12.6,0.0,5,6300,卖盘,000006,2025-10-17 22:53:18
10:54:57,12.6,0.0,5,6300,卖盘,000006,2025-10-17 22:53:18
10:55:06,12.6,0.0,9,11340,卖盘,000006,2025-10-17 22:53:18
10:55:09,12.6,0.0,4,5040,卖盘,000006,2025-10-17 22:53:18
10:55:18,12.6,0.0,20,25200,卖盘,000006,2025-10-17 22:53:18
10:55:21,12.6,0.0,318,400680,卖盘,000006,2025-10-17 22:53:18
10:55:24,12.6,0.0,63,79380,卖盘,000006,2025-10-17 22:53:18
10:55:27,12.6,0.0,50,63000,卖盘,000006,2025-10-17 22:53:18
10:55:30,12.6,0.0,16,20160,卖盘,000006,2025-10-17 22:53:18
10:55:36,12.6,0.0,3,3780,卖盘,000006,2025-10-17 22:53:18
10:55:42,12.6,0.0,30,37800,卖盘,000006,2025-10-17 22:53:18
10:55:51,12.6,0.0,2,2520,卖盘,000006,2025-10-17 22:53:18
10:55:54,12.6,0.0,6,7560,卖盘,000006,2025-10-17 22:53:18
10:56:06,12.6,0.0,5,6300,卖盘,000006,2025-10-17 22:53:18
10:56:09,12.6,0.0,25,31500,卖盘,000006,2025-10-17 22:53:18
10:56:12,12.6,0.0,3,3780,卖盘,000006,2025-10-17 22:53:18
10:56:15,12.6,0.0,49,61740,卖盘,000006,2025-10-17 22:53:18
10:56:18,12.6,0.0,1,1260,卖盘,000006,2025-10-17 22:53:18
10:56:21,12.6,0.0,1,1260,卖盘,000006,2025-10-17 22:53:18
10:56:27,12.6,0.0,1,1260,卖盘,000006,2025-10-17 22:53:18
10:56:30,12.6,0.0,13,16380,卖盘,000006,2025-10-17 22:53:18
10:56:36,12.6,0.0,3,3780,卖盘,000006,2025-10-17 22:53:18
10:56:39,12.6,0.0,5,6300,卖盘,000006,2025-10-17 22:53:18
10:57:00,12.6,0.0,110,138600,卖盘,000006,2025-10-17 22:53:18
10:57:09,12.6,0.0,5,6300,卖盘,000006,2025-10-17 22:53:18
10:57:18,12.6,0.0,4,5040,卖盘,000006,2025-10-17 22:53:18
10:57:48,12.6,0.0,5,6300,卖盘,000006,2025-10-17 22:53:18
10:57:51,12.6,0.0,10,12600,卖盘,000006,2025-10-17 22:53:18
10:57:54,12.6,0.0,1,1260,卖盘,000006,2025-10-17 22:53:18
10:57:57,12.6,0.0,11,13860,卖盘,000006,2025-10-17 22:53:18
10:58:12,12.6,0.0,9,11340,卖盘,000006,2025-10-17 22:53:18
10:58:18,12.6,0.0,180,226800,卖盘,000006,2025-10-17 22:53:18
10:58:21,12.6,0.0,44,55440,卖盘,000006,2025-10-17 22:53:18
10:58:36,12.6,0.0,2,2520,卖盘,000006,2025-10-17 22:53:18
10:58:42,12.6,0.0,58,73080,卖盘,000006,2025-10-17 22:53:18
10:58:48,12.6,0.0,2,2520,卖盘,000006,2025-10-17 22:53:18
