时间,成交价,价格变动,成交量,成交额,买卖盘性质,股票代码,采集时间
09:25:00,6.39,0.0,6520,4166280,卖盘,000002,2025-10-17 22:31:42
09:30:00,6.39,0.0,1712,1093563,买盘,000002,2025-10-17 22:31:42
09:30:03,6.39,0.0,9054,5782319,买盘,000002,2025-10-17 22:31:42
09:30:06,6.39,0.0,3159,2016070,卖盘,000002,2025-10-17 22:31:42
09:30:09,6.4,0.01,244,155976,买盘,000002,2025-10-17 22:31:42
09:30:12,6.39,-0.01,87,55593,卖盘,000002,2025-10-17 22:31:42
09:30:15,6.39,0.0,375,239637,卖盘,000002,2025-10-17 22:31:42
09:30:18,6.39,0.0,227,145053,卖盘,000002,2025-10-17 22:31:42
09:30:21,6.39,0.0,303,193533,买盘,000002,2025-10-17 22:31:42
09:30:24,6.38,-0.01,1039,663051,卖盘,000002,2025-10-17 22:31:42
09:30:27,6.38,0.0,925,590454,卖盘,000002,2025-10-17 22:31:42
09:30:30,6.38,0.0,125,79750,卖盘,000002,2025-10-17 22:31:42
09:30:33,6.38,0.0,156,99601,卖盘,000002,2025-10-17 22:31:42
09:30:36,6.38,0.0,2074,1324327,卖盘,000002,2025-10-17 22:31:42
09:30:39,6.38,0.0,317,202246,卖盘,000002,2025-10-17 22:31:42
09:30:42,6.39,0.01,987,629717,买盘,000002,2025-10-17 22:31:42
09:30:45,6.38,-0.01,177,113031,卖盘,000002,2025-10-17 22:31:42
09:30:48,6.39,0.01,450,287120,买盘,000002,2025-10-17 22:31:42
09:30:51,6.39,0.0,5215,3331809,买盘,000002,2025-10-17 22:31:42
09:30:54,6.39,0.0,452,288818,卖盘,000002,2025-10-17 22:31:42
09:30:57,6.4,0.01,926,591753,买盘,000002,2025-10-17 22:31:42
09:31:00,6.4,0.0,805,514083,买盘,000002,2025-10-17 22:31:42
09:31:03,6.4,0.0,4303,2754501,买盘,000002,2025-10-17 22:31:42
09:31:06,6.4,0.0,27,17280,卖盘,000002,2025-10-17 22:31:42
09:31:09,6.4,0.0,365,233403,卖盘,000002,2025-10-17 22:31:42
09:31:12,6.4,0.0,138,88344,买盘,000002,2025-10-17 22:31:42
09:31:15,6.4,0.0,382,244415,卖盘,000002,2025-10-17 22:31:42
09:31:18,6.41,0.01,321,205480,买盘,000002,2025-10-17 22:31:42
09:31:21,6.4,-0.01,516,330245,卖盘,000002,2025-10-17 22:31:42
09:31:24,6.41,0.01,6088,3902542,买盘,000002,2025-10-17 22:31:42
09:31:27,6.42,0.01,25,16040,买盘,000002,2025-10-17 22:31:42
09:31:30,6.41,-0.01,417,267355,卖盘,000002,2025-10-17 22:31:42
09:31:33,6.42,0.01,1095,702209,买盘,000002,2025-10-17 22:31:42
09:31:36,6.42,0.0,138,88591,买盘,000002,2025-10-17 22:31:42
09:31:39,6.42,0.0,653,419164,买盘,000002,2025-10-17 22:31:42
09:31:42,6.41,-0.01,495,317480,卖盘,000002,2025-10-17 22:31:42
09:31:45,6.41,0.0,264,169394,卖盘,000002,2025-10-17 22:31:42
09:31:48,6.41,0.0,4,2564,卖盘,000002,2025-10-17 22:31:42
09:31:51,6.42,0.01,351,224995,买盘,000002,2025-10-17 22:31:42
09:31:54,6.42,0.0,874,560875,买盘,000002,2025-10-17 22:31:42
09:31:57,6.41,-0.01,188,120551,卖盘,000002,2025-10-17 22:31:42
09:32:00,6.42,0.01,8218,5276190,买盘,000002,2025-10-17 22:31:42
09:32:03,6.42,0.0,6262,4024807,卖盘,000002,2025-10-17 22:31:42
09:32:06,6.43,0.01,958,615847,买盘,000002,2025-10-17 22:31:42
09:32:09,6.43,0.0,88,56569,买盘,000002,2025-10-17 22:31:42
09:32:12,6.43,0.0,41,26358,买盘,000002,2025-10-17 22:31:42
09:32:15,6.43,0.0,468,300921,买盘,000002,2025-10-17 22:31:42
09:32:18,6.43,0.0,326,209522,买盘,000002,2025-10-17 22:31:42
09:32:21,6.43,0.0,302,194160,买盘,000002,2025-10-17 22:31:42
09:32:24,6.42,-0.01,308,197966,卖盘,000002,2025-10-17 22:31:42
09:32:27,6.42,0.0,404,259663,卖盘,000002,2025-10-17 22:31:42
09:32:30,6.43,0.01,2393,1538665,买盘,000002,2025-10-17 22:31:42
09:32:33,6.43,0.0,114,73239,买盘,000002,2025-10-17 22:31:42
09:32:36,6.43,0.0,58,37289,买盘,000002,2025-10-17 22:31:42
09:32:39,6.43,0.0,48,30862,买盘,000002,2025-10-17 22:31:42
09:32:42,6.43,0.0,773,496767,买盘,000002,2025-10-17 22:31:42
09:32:45,6.42,-0.01,82,52657,卖盘,000002,2025-10-17 22:31:42
09:32:48,6.43,0.01,26,16705,买盘,000002,2025-10-17 22:31:42
09:32:51,6.42,-0.01,197,126522,卖盘,000002,2025-10-17 22:31:42
09:32:54,6.42,0.0,1121,719769,卖盘,000002,2025-10-17 22:31:42
09:32:57,6.43,0.01,399,256172,买盘,000002,2025-10-17 22:31:42
09:33:00,6.42,-0.01,368,236314,卖盘,000002,2025-10-17 22:31:42
09:33:03,6.42,0.0,968,621486,卖盘,000002,2025-10-17 22:31:42
09:33:06,6.42,0.0,2320,1489714,卖盘,000002,2025-10-17 22:31:42
09:33:09,6.42,0.0,1156,742186,买盘,000002,2025-10-17 22:31:42
09:33:12,6.42,0.0,108,69336,买盘,000002,2025-10-17 22:31:42
09:33:15,6.42,0.0,151,96942,买盘,000002,2025-10-17 22:31:42
09:33:18,6.42,0.0,55,35310,买盘,000002,2025-10-17 22:31:42
09:33:21,6.41,-0.01,852,546886,卖盘,000002,2025-10-17 22:31:42
09:33:24,6.41,0.0,1702,1092677,卖盘,000002,2025-10-17 22:31:42
09:33:27,6.42,0.01,336,215626,买盘,000002,2025-10-17 22:31:42
09:33:30,6.42,0.0,145,93080,买盘,000002,2025-10-17 22:31:42
09:33:33,6.42,0.0,117,75114,买盘,000002,2025-10-17 22:31:42
09:33:36,6.42,0.0,369,236890,买盘,000002,2025-10-17 22:31:42
09:33:39,6.42,0.0,25,16046,买盘,000002,2025-10-17 22:31:42
09:33:42,6.42,0.0,179,114914,买盘,000002,2025-10-17 22:31:42
09:33:45,6.42,0.0,661,423766,买盘,000002,2025-10-17 22:31:42
09:33:48,6.42,0.0,30,19260,买盘,000002,2025-10-17 22:31:42
09:33:51,6.42,0.0,499,320208,买盘,000002,2025-10-17 22:31:42
09:33:54,6.42,0.0,48,30816,买盘,000002,2025-10-17 22:31:42
09:33:57,6.42,0.0,4182,2684908,买盘,000002,2025-10-17 22:31:42
09:34:00,6.42,0.0,151,96950,卖盘,000002,2025-10-17 22:31:42
09:34:03,6.42,0.0,325,208661,卖盘,000002,2025-10-17 22:31:42
09:34:06,6.42,0.0,1575,1011350,卖盘,000002,2025-10-17 22:31:42
09:34:09,6.42,0.0,373,239479,卖盘,000002,2025-10-17 22:31:42
09:34:12,6.42,0.0,400,256733,卖盘,000002,2025-10-17 22:31:42
09:34:15,6.42,0.0,51,32742,买盘,000002,2025-10-17 22:31:42
09:34:18,6.42,0.0,232,148839,买盘,000002,2025-10-17 22:31:42
09:34:21,6.42,0.0,103,66119,买盘,000002,2025-10-17 22:31:42
09:34:24,6.42,0.0,111,71261,买盘,000002,2025-10-17 22:31:42
09:34:27,6.42,0.0,426,273488,买盘,000002,2025-10-17 22:31:42
09:34:30,6.42,0.0,42,26939,买盘,000002,2025-10-17 22:31:42
09:34:33,6.41,-0.01,176,112820,卖盘,000002,2025-10-17 22:31:42
09:34:36,6.41,0.0,30,19246,卖盘,000002,2025-10-17 22:31:42
09:34:39,6.41,0.0,95,60903,卖盘,000002,2025-10-17 22:31:42
09:34:42,6.41,0.0,291,186561,卖盘,000002,2025-10-17 22:31:42
09:34:45,6.41,0.0,53,34011,卖盘,000002,2025-10-17 22:31:42
09:34:48,6.42,0.01,497,318604,买盘,000002,2025-10-17 22:31:42
09:34:51,6.41,-0.01,112,71808,卖盘,000002,2025-10-17 22:31:42
09:34:54,6.41,0.0,107,68587,卖盘,000002,2025-10-17 22:31:42
09:34:57,6.41,0.0,204,130846,卖盘,000002,2025-10-17 22:31:42
09:35:00,6.41,0.0,598,383874,卖盘,000002,2025-10-17 22:31:42
09:35:03,6.42,0.01,238,152794,买盘,000002,2025-10-17 22:31:42
09:35:06,6.42,0.0,28,17973,买盘,000002,2025-10-17 22:31:42
09:35:09,6.42,0.0,183,117450,买盘,000002,2025-10-17 22:31:42
09:35:12,6.41,-0.01,10,6410,卖盘,000002,2025-10-17 22:31:42
09:35:15,6.42,0.01,221,141755,买盘,000002,2025-10-17 22:31:42
09:35:18,6.41,-0.01,8263,5296583,卖盘,000002,2025-10-17 22:31:42
09:35:21,6.41,0.0,17,10890,买盘,000002,2025-10-17 22:31:42
09:35:24,6.41,0.0,167,106997,买盘,000002,2025-10-17 22:31:42
09:35:27,6.4,-0.01,313,200361,卖盘,000002,2025-10-17 22:31:42
09:35:30,6.4,0.0,37,23705,卖盘,000002,2025-10-17 22:31:42
09:35:33,6.41,0.01,166,106260,买盘,000002,2025-10-17 22:31:42
09:35:36,6.41,0.0,27,17307,买盘,000002,2025-10-17 22:31:42
09:35:39,6.41,0.0,8,5127,买盘,000002,2025-10-17 22:31:42
09:35:42,6.4,-0.01,40,25601,卖盘,000002,2025-10-17 22:31:42
09:35:45,6.41,0.01,223,142816,买盘,000002,2025-10-17 22:31:42
09:35:48,6.41,0.0,2043,1309543,买盘,000002,2025-10-17 22:31:42
09:35:51,6.41,0.0,4177,2678599,买盘,000002,2025-10-17 22:31:42
09:35:54,6.41,0.0,652,417926,买盘,000002,2025-10-17 22:31:42
09:35:57,6.41,0.0,146,93581,买盘,000002,2025-10-17 22:31:42
09:36:00,6.41,0.0,386,247426,买盘,000002,2025-10-17 22:31:42
09:36:03,6.41,0.0,597,382787,卖盘,000002,2025-10-17 22:31:42
09:36:06,6.41,0.0,1718,1101238,卖盘,000002,2025-10-17 22:31:42
09:36:09,6.41,0.0,3,1922,买盘,000002,2025-10-17 22:31:42
09:36:12,6.41,0.0,1023,655740,买盘,000002,2025-10-17 22:31:42
09:36:15,6.41,0.0,33,21153,买盘,000002,2025-10-17 22:31:42
09:36:18,6.4,-0.01,188,120498,卖盘,000002,2025-10-17 22:31:42
09:36:21,6.4,0.0,8,5120,卖盘,000002,2025-10-17 22:31:42
09:36:24,6.41,0.01,17,10897,买盘,000002,2025-10-17 22:31:42
09:36:27,6.41,0.0,38,24355,买盘,000002,2025-10-17 22:31:42
09:36:30,6.4,-0.01,206,131957,卖盘,000002,2025-10-17 22:31:42
09:36:33,6.41,0.01,344,220413,买盘,000002,2025-10-17 22:31:42
09:36:36,6.41,0.0,6,3846,买盘,000002,2025-10-17 22:31:42
09:36:39,6.41,0.0,72,46134,买盘,000002,2025-10-17 22:31:42
09:36:42,6.41,0.0,146,93556,买盘,000002,2025-10-17 22:31:42
09:36:45,6.41,0.0,38,24324,买盘,000002,2025-10-17 22:31:42
09:36:48,6.41,0.0,103,66022,买盘,000002,2025-10-17 22:31:42
09:36:51,6.41,0.0,138,88458,买盘,000002,2025-10-17 22:31:42
09:36:54,6.41,0.0,61,39101,买盘,000002,2025-10-17 22:31:42
09:36:57,6.41,0.0,295,189092,买盘,000002,2025-10-17 22:31:42
09:37:00,6.41,0.0,31,19870,买盘,000002,2025-10-17 22:31:42
09:37:03,6.41,0.0,65,41629,买盘,000002,2025-10-17 22:31:42
09:37:06,6.41,0.0,25,16022,买盘,000002,2025-10-17 22:31:42
09:37:09,6.41,0.0,81,51920,买盘,000002,2025-10-17 22:31:42
09:37:12,6.4,-0.01,143,91609,卖盘,000002,2025-10-17 22:31:42
09:37:15,6.41,0.01,263,168583,买盘,000002,2025-10-17 22:31:42
09:37:18,6.41,0.0,1135,727405,买盘,000002,2025-10-17 22:31:42
09:37:21,6.41,0.0,486,311526,买盘,000002,2025-10-17 22:31:42
09:37:24,6.41,0.0,252,161398,买盘,000002,2025-10-17 22:31:42
09:37:27,6.41,0.0,3142,2010977,买盘,000002,2025-10-17 22:31:42
09:37:30,6.41,0.0,490,313948,买盘,000002,2025-10-17 22:31:42
09:37:33,6.41,0.0,365,233765,买盘,000002,2025-10-17 22:31:42
09:37:36,6.41,0.0,286,183126,买盘,000002,2025-10-17 22:31:42
09:37:39,6.41,0.0,2399,1536376,买盘,000002,2025-10-17 22:31:42
09:37:42,6.4,-0.01,37,23690,卖盘,000002,2025-10-17 22:31:42
09:37:45,6.41,0.01,21,13461,买盘,000002,2025-10-17 22:31:42
09:37:48,6.41,0.0,87,55730,买盘,000002,2025-10-17 22:31:42
09:37:51,6.41,0.0,57,36529,买盘,000002,2025-10-17 22:31:42
09:37:54,6.41,0.0,1505,963326,买盘,000002,2025-10-17 22:31:42
09:37:57,6.41,0.0,223,142939,买盘,000002,2025-10-17 22:31:42
09:38:00,6.41,0.0,666,426888,买盘,000002,2025-10-17 22:31:42
09:38:03,6.41,0.0,1424,912793,买盘,000002,2025-10-17 22:31:42
09:38:06,6.41,0.0,19,12179,卖盘,000002,2025-10-17 22:31:42
09:38:09,6.41,0.0,54,34616,卖盘,000002,2025-10-17 22:31:42
09:38:12,6.41,0.0,8,5133,卖盘,000002,2025-10-17 22:31:42
09:38:15,6.41,0.0,32,20517,卖盘,000002,2025-10-17 22:31:42
09:38:18,6.42,0.01,31,19883,买盘,000002,2025-10-17 22:31:42
09:38:21,6.42,0.0,74,47472,买盘,000002,2025-10-17 22:31:42
09:38:24,6.42,0.0,70,44940,买盘,000002,2025-10-17 22:31:42
09:38:27,6.42,0.0,50,32096,买盘,000002,2025-10-17 22:31:42
09:38:30,6.41,-0.01,25,16030,卖盘,000002,2025-10-17 22:31:42
09:38:33,6.41,0.0,13,8338,卖盘,000002,2025-10-17 22:31:42
09:38:36,6.42,0.01,4,2568,买盘,000002,2025-10-17 22:31:42
09:38:39,6.42,0.0,36,23111,买盘,000002,2025-10-17 22:31:42
09:38:42,6.42,0.0,27,17317,买盘,000002,2025-10-17 22:31:42
09:38:45,6.42,0.0,111,71256,买盘,000002,2025-10-17 22:31:42
09:38:48,6.41,-0.01,94,60300,卖盘,000002,2025-10-17 22:31:42
09:38:51,6.41,0.0,1705,1092905,卖盘,000002,2025-10-17 22:31:42
09:38:54,6.41,0.0,525,336551,卖盘,000002,2025-10-17 22:31:42
09:38:57,6.41,0.0,85,54486,卖盘,000002,2025-10-17 22:31:42
09:39:00,6.41,0.0,5597,3587706,卖盘,000002,2025-10-17 22:31:42
09:39:03,6.41,0.0,30,19230,买盘,000002,2025-10-17 22:31:42
09:39:06,6.41,0.0,778,498698,买盘,000002,2025-10-17 22:31:42
09:39:09,6.41,0.0,688,441008,卖盘,000002,2025-10-17 22:31:42
09:39:12,6.4,-0.01,91,58339,卖盘,000002,2025-10-17 22:31:42
09:39:15,6.4,0.0,68,43543,卖盘,000002,2025-10-17 22:31:42
09:39:18,6.41,0.01,50,32050,买盘,000002,2025-10-17 22:31:42
09:39:21,6.41,0.0,113,72433,买盘,000002,2025-10-17 22:31:42
09:39:24,6.41,0.0,45,28835,买盘,000002,2025-10-17 22:31:42
09:39:27,6.4,-0.01,55,35212,卖盘,000002,2025-10-17 22:31:42
09:39:30,6.4,0.0,245,156929,卖盘,000002,2025-10-17 22:31:42
09:39:33,6.41,0.01,305,195202,买盘,000002,2025-10-17 22:31:42
09:39:36,6.41,0.0,121,77452,买盘,000002,2025-10-17 22:31:42
09:39:39,6.41,0.0,2390,1531979,买盘,000002,2025-10-17 22:31:42
09:39:42,6.4,-0.01,6,3842,卖盘,000002,2025-10-17 22:31:42
09:39:45,6.41,0.01,29,18569,买盘,000002,2025-10-17 22:31:42
09:39:48,6.41,0.0,380,243373,买盘,000002,2025-10-17 22:31:42
09:39:51,6.41,0.0,26,16663,买盘,000002,2025-10-17 22:31:42
09:39:54,6.41,0.0,938,601217,买盘,000002,2025-10-17 22:31:42
09:39:57,6.41,0.0,206,132033,买盘,000002,2025-10-17 22:31:42
09:40:00,6.41,0.0,118,75592,买盘,000002,2025-10-17 22:31:42
09:40:03,6.41,0.0,126,80766,买盘,000002,2025-10-17 22:31:42
09:40:06,6.41,0.0,171,109594,买盘,000002,2025-10-17 22:31:42
09:40:09,6.41,0.0,389,249349,买盘,000002,2025-10-17 22:31:42
09:40:12,6.4,-0.01,29,18584,卖盘,000002,2025-10-17 22:31:42
09:40:15,6.4,0.0,2,1280,卖盘,000002,2025-10-17 22:31:42
09:40:18,6.4,0.0,5,3200,卖盘,000002,2025-10-17 22:31:42
09:40:21,6.41,0.01,2333,1493248,买盘,000002,2025-10-17 22:31:42
09:40:24,6.41,0.0,266,170295,买盘,000002,2025-10-17 22:31:42
09:40:27,6.4,-0.01,54,34589,卖盘,000002,2025-10-17 22:31:42
09:40:30,6.4,0.0,15,9600,卖盘,000002,2025-10-17 22:31:42
09:40:33,6.4,0.0,81,51845,卖盘,000002,2025-10-17 22:31:42
09:40:36,6.4,0.0,110,70406,卖盘,000002,2025-10-17 22:31:42
09:40:39,6.41,0.01,81,51853,买盘,000002,2025-10-17 22:31:42
09:40:42,6.4,-0.01,1780,1139200,卖盘,000002,2025-10-17 22:31:42
09:40:45,6.4,0.0,149,95369,卖盘,000002,2025-10-17 22:31:42
09:40:48,6.4,0.0,58,37120,卖盘,000002,2025-10-17 22:31:42
09:40:51,6.4,0.0,5,3200,卖盘,000002,2025-10-17 22:31:42
09:40:54,6.4,0.0,121,77460,卖盘,000002,2025-10-17 22:31:42
09:40:57,6.4,0.0,84,53761,卖盘,000002,2025-10-17 22:31:42
09:41:00,6.4,0.0,5837,3735680,卖盘,000002,2025-10-17 22:31:42
09:41:03,6.4,0.0,347,221911,买盘,000002,2025-10-17 22:31:42
09:41:06,6.4,0.0,562,359151,买盘,000002,2025-10-17 22:31:42
09:41:09,6.4,0.0,49,31357,买盘,000002,2025-10-17 22:31:42
09:41:12,6.4,0.0,194,124143,买盘,000002,2025-10-17 22:31:42
09:41:15,6.4,0.0,157,100461,买盘,000002,2025-10-17 22:31:42
09:41:18,6.39,-0.01,98,62637,卖盘,000002,2025-10-17 22:31:42
09:41:21,6.39,0.0,64,40913,卖盘,000002,2025-10-17 22:31:42
09:41:24,6.39,0.0,129,82449,卖盘,000002,2025-10-17 22:31:42
09:41:27,6.39,0.0,84,53694,卖盘,000002,2025-10-17 22:31:42
09:41:30,6.39,0.0,464,296860,卖盘,000002,2025-10-17 22:31:42
09:41:33,6.4,0.01,191,122149,买盘,000002,2025-10-17 22:31:42
09:41:36,6.4,0.0,35,22400,买盘,000002,2025-10-17 22:31:42
09:41:39,6.4,0.0,101,64639,买盘,000002,2025-10-17 22:31:42
09:41:42,6.4,0.0,446,285019,买盘,000002,2025-10-17 22:31:42
09:41:45,6.4,0.0,82,52450,买盘,000002,2025-10-17 22:31:42
09:41:48,6.39,-0.01,43,27477,卖盘,000002,2025-10-17 22:31:42
09:41:51,6.39,0.0,406,259464,卖盘,000002,2025-10-17 22:31:42
09:41:54,6.39,0.0,34,21726,卖盘,000002,2025-10-17 22:31:42
09:41:57,6.39,0.0,436,278697,卖盘,000002,2025-10-17 22:31:42
09:42:00,6.39,0.0,122,77958,卖盘,000002,2025-10-17 22:31:42
09:42:03,6.4,0.01,2626,1680414,买盘,000002,2025-10-17 22:31:42
09:42:06,6.39,-0.01,432,276113,卖盘,000002,2025-10-17 22:31:42
09:42:09,6.4,0.01,123,78617,买盘,000002,2025-10-17 22:31:42
09:42:12,6.39,-0.01,53,33916,卖盘,000002,2025-10-17 22:31:42
09:42:15,6.4,0.01,405,258828,买盘,000002,2025-10-17 22:31:42
09:42:18,6.4,0.0,109,69694,买盘,000002,2025-10-17 22:31:42
09:42:21,6.39,-0.01,664,424346,卖盘,000002,2025-10-17 22:31:42
09:42:24,6.39,0.0,167,106713,卖盘,000002,2025-10-17 22:31:42
09:42:27,6.39,0.0,34,21734,卖盘,000002,2025-10-17 22:31:42
09:42:30,6.39,0.0,24,15336,卖盘,000002,2025-10-17 22:31:42
09:42:33,6.39,0.0,37,23643,卖盘,000002,2025-10-17 22:31:42
09:42:36,6.4,0.01,89,56928,买盘,000002,2025-10-17 22:31:42
09:42:39,6.39,-0.01,1,639,卖盘,000002,2025-10-17 22:31:42
09:42:42,6.39,0.0,15,9585,卖盘,000002,2025-10-17 22:31:42
09:42:45,6.39,0.0,220,140580,卖盘,000002,2025-10-17 22:31:42
09:42:48,6.4,0.01,31,19810,买盘,000002,2025-10-17 22:31:42
09:42:51,6.39,-0.01,181,115659,卖盘,000002,2025-10-17 22:31:42
09:42:54,6.39,0.0,494,315676,卖盘,000002,2025-10-17 22:31:42
09:42:57,6.39,0.0,79,50481,卖盘,000002,2025-10-17 22:31:42
09:43:00,6.39,0.0,45,28764,卖盘,000002,2025-10-17 22:31:42
09:43:03,6.39,0.0,882,564383,卖盘,000002,2025-10-17 22:31:42
09:43:06,6.4,0.01,153,97793,买盘,000002,2025-10-17 22:31:42
09:43:09,6.4,0.0,30,19198,买盘,000002,2025-10-17 22:31:42
09:43:12,6.4,0.0,237,151673,买盘,000002,2025-10-17 22:31:42
09:43:15,6.4,0.0,268,171325,买盘,000002,2025-10-17 22:31:42
09:43:18,6.4,0.0,46,29440,买盘,000002,2025-10-17 22:31:42
09:43:21,6.4,0.0,468,299434,买盘,000002,2025-10-17 22:31:42
09:43:24,6.4,0.0,61,39040,买盘,000002,2025-10-17 22:31:42
09:43:27,6.4,0.0,286,183023,买盘,000002,2025-10-17 22:31:42
09:43:30,6.4,0.0,415,265349,买盘,000002,2025-10-17 22:31:42
09:43:33,6.4,0.0,4544,2908175,买盘,000002,2025-10-17 22:31:42
09:43:36,6.41,0.01,392,250928,买盘,000002,2025-10-17 22:31:42
09:43:39,6.4,-0.01,1,640,卖盘,000002,2025-10-17 22:31:42
09:43:42,6.4,0.0,53,33920,卖盘,000002,2025-10-17 22:31:42
09:43:45,6.4,0.0,23,14720,卖盘,000002,2025-10-17 22:31:42
09:43:48,6.4,0.0,2251,1440662,卖盘,000002,2025-10-17 22:31:42
09:43:51,6.4,0.0,21,13440,卖盘,000002,2025-10-17 22:31:42
09:43:54,6.4,0.0,75,48000,卖盘,000002,2025-10-17 22:31:42
09:43:57,6.41,0.01,121,77452,买盘,000002,2025-10-17 22:31:42
09:44:00,6.4,-0.01,155,99203,卖盘,000002,2025-10-17 22:31:42
09:44:03,6.41,0.01,479,306612,买盘,000002,2025-10-17 22:31:42
09:44:06,6.4,-0.01,126,80706,卖盘,000002,2025-10-17 22:31:42
09:44:09,6.41,0.01,35,22415,买盘,000002,2025-10-17 22:31:42
09:44:12,6.4,-0.01,202,129280,卖盘,000002,2025-10-17 22:31:42
09:44:15,6.4,0.0,93,59522,卖盘,000002,2025-10-17 22:31:42
09:44:18,6.4,0.0,110,70400,卖盘,000002,2025-10-17 22:31:42
09:44:21,6.4,0.0,130,83288,卖盘,000002,2025-10-17 22:31:42
09:44:24,6.4,0.0,266,170255,卖盘,000002,2025-10-17 22:31:42
09:44:27,6.4,0.0,16,10243,卖盘,000002,2025-10-17 22:31:42
09:44:30,6.4,0.0,5,3200,卖盘,000002,2025-10-17 22:31:42
09:44:33,6.4,0.0,194,124160,卖盘,000002,2025-10-17 22:31:42
09:44:36,6.4,0.0,333,213133,卖盘,000002,2025-10-17 22:31:42
09:44:39,6.4,0.0,318,203529,卖盘,000002,2025-10-17 22:31:42
09:44:42,6.39,-0.01,569,364110,卖盘,000002,2025-10-17 22:31:42
09:44:45,6.39,0.0,101,64589,卖盘,000002,2025-10-17 22:31:42
09:44:48,6.39,0.0,56,35820,卖盘,000002,2025-10-17 22:31:42
09:44:54,6.39,0.0,87,55594,卖盘,000002,2025-10-17 22:31:42
09:44:57,6.39,0.0,190,121459,卖盘,000002,2025-10-17 22:31:42
09:45:00,6.39,0.0,29,18553,卖盘,000002,2025-10-17 22:31:42
09:45:03,6.39,0.0,1700,1087923,卖盘,000002,2025-10-17 22:31:42
09:45:06,6.4,0.01,172,110014,买盘,000002,2025-10-17 22:31:42
09:45:09,6.4,0.0,4,2560,买盘,000002,2025-10-17 22:31:42
09:45:12,6.39,-0.01,90,57525,卖盘,000002,2025-10-17 22:31:42
09:45:15,6.4,0.01,93,59520,买盘,000002,2025-10-17 22:31:42
09:45:18,6.4,0.0,68,43478,买盘,000002,2025-10-17 22:31:42
09:45:21,6.39,-0.01,4,2557,卖盘,000002,2025-10-17 22:31:42
09:45:24,6.4,0.01,146,93351,买盘,000002,2025-10-17 22:31:42
09:45:27,6.39,-0.01,35,22375,卖盘,000002,2025-10-17 22:31:42
09:45:30,6.39,0.0,31,19830,卖盘,000002,2025-10-17 22:31:42
09:45:33,6.39,0.0,200,127920,卖盘,000002,2025-10-17 22:31:42
09:45:36,6.4,0.01,7,4480,买盘,000002,2025-10-17 22:31:42
09:45:39,6.39,-0.01,58,37062,卖盘,000002,2025-10-17 22:31:42
09:45:42,6.4,0.01,65,41565,买盘,000002,2025-10-17 22:31:42
09:45:45,6.4,0.0,123,78686,买盘,000002,2025-10-17 22:31:42
09:45:48,6.39,-0.01,2,1278,卖盘,000002,2025-10-17 22:31:42
09:45:51,6.39,0.0,34,21726,卖盘,000002,2025-10-17 22:31:42
09:45:54,6.39,0.0,101,64540,卖盘,000002,2025-10-17 22:31:42
09:45:57,6.39,0.0,10,6391,卖盘,000002,2025-10-17 22:31:42
09:46:00,6.39,0.0,238,152083,卖盘,000002,2025-10-17 22:31:42
09:46:03,6.39,0.0,3777,2416929,卖盘,000002,2025-10-17 22:31:42
09:46:06,6.4,0.01,144,92160,买盘,000002,2025-10-17 22:31:42
09:46:09,6.4,0.0,91,58165,买盘,000002,2025-10-17 22:31:42
09:46:12,6.4,0.0,137,87677,买盘,000002,2025-10-17 22:31:42
09:46:15,6.39,-0.01,331,211710,卖盘,000002,2025-10-17 22:31:42
09:46:18,6.39,0.0,53,33896,卖盘,000002,2025-10-17 22:31:42
09:46:21,6.4,0.01,29,18560,买盘,000002,2025-10-17 22:31:42
09:46:24,6.4,0.0,50,31965,买盘,000002,2025-10-17 22:31:42
09:46:27,6.39,-0.01,375,239674,卖盘,000002,2025-10-17 22:31:42
09:46:30,6.4,0.01,21,13440,买盘,000002,2025-10-17 22:31:42
09:46:33,6.39,-0.01,33,21105,卖盘,000002,2025-10-17 22:31:42
09:46:39,6.39,0.0,102,65192,卖盘,000002,2025-10-17 22:31:42
09:46:42,6.4,0.01,262,167593,买盘,000002,2025-10-17 22:31:42
09:46:45,6.4,0.0,37,23674,买盘,000002,2025-10-17 22:31:42
09:46:48,6.39,-0.01,22,14078,卖盘,000002,2025-10-17 22:31:42
09:46:51,6.4,0.01,484,309404,买盘,000002,2025-10-17 22:31:42
09:46:54,6.4,0.0,10,6394,买盘,000002,2025-10-17 22:31:42
09:46:57,6.39,-0.01,163,104163,卖盘,000002,2025-10-17 22:31:42
09:47:00,6.4,0.01,568,362982,买盘,000002,2025-10-17 22:31:42
09:47:03,6.39,-0.01,2359,1509611,卖盘,000002,2025-10-17 22:31:42
09:47:06,6.4,0.01,131,83769,买盘,000002,2025-10-17 22:31:42
09:47:09,6.39,-0.01,311,198729,卖盘,000002,2025-10-17 22:31:42
09:47:12,6.39,0.0,11,7030,卖盘,000002,2025-10-17 22:31:42
09:47:15,6.39,0.0,15,9585,卖盘,000002,2025-10-17 22:31:42
09:47:18,6.39,0.0,248,158476,卖盘,000002,2025-10-17 22:31:42
09:47:21,6.39,0.0,16,10231,卖盘,000002,2025-10-17 22:31:42
09:47:24,6.39,0.0,232,148260,卖盘,000002,2025-10-17 22:31:42
09:47:27,6.39,0.0,468,299361,卖盘,000002,2025-10-17 22:31:42
09:47:30,6.39,0.0,217,138683,卖盘,000002,2025-10-17 22:31:42
09:47:33,6.4,0.01,32,20472,买盘,000002,2025-10-17 22:31:42
09:47:36,6.39,-0.01,46,29404,卖盘,000002,2025-10-17 22:31:42
09:47:39,6.39,0.0,27,17266,卖盘,000002,2025-10-17 22:31:42
09:47:42,6.39,0.0,162,103519,卖盘,000002,2025-10-17 22:31:42
09:47:45,6.39,0.0,70,44740,卖盘,000002,2025-10-17 22:31:42
09:47:48,6.39,0.0,428,273497,卖盘,000002,2025-10-17 22:31:42
09:47:51,6.4,0.01,15,9590,买盘,000002,2025-10-17 22:31:42
09:47:54,6.39,-0.01,322,205758,卖盘,000002,2025-10-17 22:31:42
09:47:57,6.39,0.0,87,55644,卖盘,000002,2025-10-17 22:31:42
09:48:00,6.39,0.0,265,169337,卖盘,000002,2025-10-17 22:31:42
09:48:03,6.39,0.0,1345,859999,卖盘,000002,2025-10-17 22:31:42
09:48:06,6.39,0.0,120,76680,卖盘,000002,2025-10-17 22:31:42
09:48:09,6.39,0.0,93,59427,卖盘,000002,2025-10-17 22:31:42
09:48:12,6.39,0.0,647,413434,卖盘,000002,2025-10-17 22:31:42
09:48:15,6.39,0.0,615,392991,卖盘,000002,2025-10-17 22:31:42
09:48:18,6.39,0.0,307,196173,卖盘,000002,2025-10-17 22:31:42
09:48:21,6.4,0.01,125,79884,买盘,000002,2025-10-17 22:31:42
09:48:24,6.39,-0.01,172,109912,卖盘,000002,2025-10-17 22:31:42
09:48:27,6.4,0.01,40,25564,买盘,000002,2025-10-17 22:31:42
09:48:30,6.39,-0.01,164,104822,卖盘,000002,2025-10-17 22:31:42
09:48:33,6.39,0.0,76,48584,卖盘,000002,2025-10-17 22:31:42
09:48:36,6.39,0.0,330,211035,卖盘,000002,2025-10-17 22:31:42
09:48:39,6.39,0.0,93,59432,卖盘,000002,2025-10-17 22:31:42
09:48:42,6.4,0.01,554,354016,买盘,000002,2025-10-17 22:31:42
09:48:45,6.39,-0.01,429,274470,卖盘,000002,2025-10-17 22:31:42
09:48:48,6.39,0.0,326,208314,卖盘,000002,2025-10-17 22:31:42
09:48:51,6.39,0.0,60,38340,卖盘,000002,2025-10-17 22:31:42
09:48:54,6.39,0.0,206,131634,卖盘,000002,2025-10-17 22:31:42
09:48:57,6.39,0.0,2104,1344459,卖盘,000002,2025-10-17 22:31:42
09:49:00,6.39,0.0,254,162361,卖盘,000002,2025-10-17 22:31:42
09:49:03,6.39,0.0,203,129717,卖盘,000002,2025-10-17 22:31:42
09:49:06,6.39,0.0,977,624343,卖盘,000002,2025-10-17 22:31:42
09:49:09,6.39,0.0,130,83095,卖盘,000002,2025-10-17 22:31:42
09:49:12,6.39,0.0,534,341227,卖盘,000002,2025-10-17 22:31:42
09:49:15,6.39,0.0,3142,2007823,卖盘,000002,2025-10-17 22:31:42
09:49:18,6.39,0.0,616,393624,卖盘,000002,2025-10-17 22:31:42
09:49:21,6.39,0.0,549,350862,卖盘,000002,2025-10-17 22:31:42
09:49:24,6.39,0.0,1090,696510,卖盘,000002,2025-10-17 22:31:42
09:49:27,6.39,0.0,225,143804,卖盘,000002,2025-10-17 22:31:42
09:49:30,6.39,0.0,542,346341,卖盘,000002,2025-10-17 22:31:42
09:49:33,6.39,0.0,499,318941,卖盘,000002,2025-10-17 22:31:42
09:49:36,6.39,0.0,1431,914403,卖盘,000002,2025-10-17 22:31:42
09:49:39,6.39,0.0,166,106074,买盘,000002,2025-10-17 22:31:42
09:49:42,6.39,0.0,16,10217,买盘,000002,2025-10-17 22:31:42
09:49:45,6.39,0.0,103,65817,买盘,000002,2025-10-17 22:31:42
09:49:48,6.39,0.0,135,86265,买盘,000002,2025-10-17 22:31:42
09:49:51,6.39,0.0,302,192978,买盘,000002,2025-10-17 22:31:42
09:49:54,6.39,0.0,114,72799,买盘,000002,2025-10-17 22:31:42
09:49:57,6.38,-0.01,75,47912,卖盘,000002,2025-10-17 22:31:42
09:50:00,6.39,0.01,216,138023,买盘,000002,2025-10-17 22:31:42
09:50:03,6.39,0.0,737,470884,买盘,000002,2025-10-17 22:31:42
09:50:06,6.39,0.0,94,60066,买盘,000002,2025-10-17 22:31:42
09:50:09,6.39,0.0,65,41526,买盘,000002,2025-10-17 22:31:42
09:50:12,6.39,0.0,67,42772,买盘,000002,2025-10-17 22:31:42
09:50:15,6.39,0.0,98,62622,买盘,000002,2025-10-17 22:31:42
09:50:18,6.39,0.0,60,38340,买盘,000002,2025-10-17 22:31:42
09:50:21,6.39,0.0,224,142929,买盘,000002,2025-10-17 22:31:42
09:50:27,6.39,0.0,871,555878,买盘,000002,2025-10-17 22:31:42
09:50:30,6.39,0.0,61,38954,买盘,000002,2025-10-17 22:31:42
09:50:33,6.39,0.0,440,281160,买盘,000002,2025-10-17 22:31:42
09:50:36,6.38,-0.01,106,67673,卖盘,000002,2025-10-17 22:31:42
09:50:39,6.38,0.0,335,213730,卖盘,000002,2025-10-17 22:31:42
09:50:42,6.39,0.01,123,78588,买盘,000002,2025-10-17 22:31:42
09:50:45,6.38,-0.01,26,16591,卖盘,000002,2025-10-17 22:31:42
09:50:48,6.38,0.0,41,26181,卖盘,000002,2025-10-17 22:31:42
09:50:51,6.38,0.0,404,257782,卖盘,000002,2025-10-17 22:31:42
09:50:54,6.39,0.01,136,86773,买盘,000002,2025-10-17 22:31:42
09:50:57,6.38,-0.01,45,28740,卖盘,000002,2025-10-17 22:31:42
09:51:00,6.38,0.0,142,90655,卖盘,000002,2025-10-17 22:31:42
09:51:03,6.39,0.01,219,139941,买盘,000002,2025-10-17 22:31:42
09:51:06,6.39,0.0,236,150620,买盘,000002,2025-10-17 22:31:42
09:51:09,6.38,-0.01,5,3194,卖盘,000002,2025-10-17 22:31:42
09:51:12,6.38,0.0,115,73411,卖盘,000002,2025-10-17 22:31:42
09:51:15,6.38,0.0,114,72736,卖盘,000002,2025-10-17 22:31:42
09:51:18,6.38,0.0,58,37020,卖盘,000002,2025-10-17 22:31:42
09:51:21,6.39,0.01,160,102089,买盘,000002,2025-10-17 22:31:42
09:51:24,6.38,-0.01,214,136541,卖盘,000002,2025-10-17 22:31:42
09:51:27,6.38,0.0,345,220141,卖盘,000002,2025-10-17 22:31:42
09:51:30,6.39,0.01,219,139742,买盘,000002,2025-10-17 22:31:42
09:51:33,6.38,-0.01,173,110394,卖盘,000002,2025-10-17 22:31:42
09:51:36,6.38,0.0,267,170371,卖盘,000002,2025-10-17 22:31:42
09:51:39,6.39,0.01,12,7659,买盘,000002,2025-10-17 22:31:42
09:51:42,6.38,-0.01,955,609952,卖盘,000002,2025-10-17 22:31:42
09:51:45,6.39,0.01,38,24254,买盘,000002,2025-10-17 22:31:42
09:51:48,6.39,0.0,68,43413,买盘,000002,2025-10-17 22:31:42
09:51:51,6.38,-0.01,1056,673816,卖盘,000002,2025-10-17 22:31:42
09:51:54,6.39,0.01,22,14058,买盘,000002,2025-10-17 22:31:42
09:51:57,6.38,-0.01,177,112957,卖盘,000002,2025-10-17 22:31:42
09:52:00,6.38,0.0,568,362394,卖盘,000002,2025-10-17 22:31:42
09:52:03,6.38,0.0,124,79122,卖盘,000002,2025-10-17 22:31:42
09:52:06,6.38,0.0,870,555210,卖盘,000002,2025-10-17 22:31:42
09:52:09,6.38,0.0,14091,8990332,卖盘,000002,2025-10-17 22:31:42
09:52:12,6.37,-0.01,219,139714,卖盘,000002,2025-10-17 22:31:42
09:52:15,6.38,0.01,399,254448,买盘,000002,2025-10-17 22:31:42
09:52:18,6.38,0.0,149,95062,买盘,000002,2025-10-17 22:31:42
09:52:21,6.37,-0.01,231,147339,卖盘,000002,2025-10-17 22:31:42
09:52:24,6.38,0.01,245,156241,买盘,000002,2025-10-17 22:31:42
09:52:27,6.38,0.0,173,110299,买盘,000002,2025-10-17 22:31:42
09:52:30,6.38,0.0,836,532669,买盘,000002,2025-10-17 22:31:42
09:52:33,6.38,0.0,351,223656,买盘,000002,2025-10-17 22:31:42
09:52:36,6.38,0.0,229,145927,买盘,000002,2025-10-17 22:31:42
09:52:39,6.38,0.0,122,77795,买盘,000002,2025-10-17 22:31:42
09:52:42,6.37,-0.01,329,209729,卖盘,000002,2025-10-17 22:31:42
09:52:45,6.37,0.0,866,551752,卖盘,000002,2025-10-17 22:31:42
09:52:48,6.37,0.0,74,47138,卖盘,000002,2025-10-17 22:31:42
09:52:51,6.37,0.0,869,553649,卖盘,000002,2025-10-17 22:31:42
09:52:54,6.37,0.0,375,238905,卖盘,000002,2025-10-17 22:31:42
09:52:57,6.37,0.0,32,20386,卖盘,000002,2025-10-17 22:31:42
09:53:00,6.37,0.0,536,341443,卖盘,000002,2025-10-17 22:31:42
09:53:03,6.37,0.0,291,185472,卖盘,000002,2025-10-17 22:31:42
09:53:06,6.37,0.0,652,415068,卖盘,000002,2025-10-17 22:31:42
09:53:09,6.37,0.0,749,477149,卖盘,000002,2025-10-17 22:31:42
09:53:12,6.38,0.01,837,533553,买盘,000002,2025-10-17 22:31:42
09:53:15,6.38,0.0,84,53518,买盘,000002,2025-10-17 22:31:42
09:53:18,6.38,0.0,29,18502,买盘,000002,2025-10-17 22:31:42
09:53:21,6.38,0.0,287,183079,买盘,000002,2025-10-17 22:31:42
09:53:24,6.38,0.0,71,45235,买盘,000002,2025-10-17 22:31:42
09:53:27,6.38,0.0,1059,674974,买盘,000002,2025-10-17 22:31:42
09:53:30,6.37,-0.01,576,367237,卖盘,000002,2025-10-17 22:31:42
09:53:33,6.37,0.0,214,136373,卖盘,000002,2025-10-17 22:31:42
09:53:36,6.37,0.0,1201,766092,卖盘,000002,2025-10-17 22:31:42
09:53:39,6.38,0.01,245,156133,买盘,000002,2025-10-17 22:31:42
09:53:42,6.37,-0.01,2234,1423095,卖盘,000002,2025-10-17 22:31:42
09:53:45,6.38,0.01,178,113487,买盘,000002,2025-10-17 22:31:42
09:53:48,6.38,0.0,278,177313,买盘,000002,2025-10-17 22:31:42
09:53:51,6.38,0.0,212,135049,买盘,000002,2025-10-17 22:31:42
09:53:54,6.38,0.0,323,205854,买盘,000002,2025-10-17 22:31:42
09:53:57,6.38,0.0,71,45279,买盘,000002,2025-10-17 22:31:42
09:54:00,6.38,0.0,247,157576,买盘,000002,2025-10-17 22:31:42
09:54:03,6.38,0.0,206,131407,买盘,000002,2025-10-17 22:31:42
09:54:06,6.37,-0.01,1283,817604,卖盘,000002,2025-10-17 22:31:42
09:54:09,6.38,0.01,87,55474,买盘,000002,2025-10-17 22:31:42
09:54:12,6.38,0.0,216,137745,买盘,000002,2025-10-17 22:31:42
09:54:15,6.37,-0.01,430,273996,卖盘,000002,2025-10-17 22:31:42
09:54:18,6.37,0.0,100,63746,卖盘,000002,2025-10-17 22:31:42
09:54:21,6.38,0.01,179,114052,买盘,000002,2025-10-17 22:31:42
09:54:24,6.37,-0.01,69,43976,卖盘,000002,2025-10-17 22:31:42
09:54:27,6.37,0.0,68,43371,卖盘,000002,2025-10-17 22:31:42
09:54:30,6.38,0.01,215,136962,买盘,000002,2025-10-17 22:31:42
09:54:33,6.37,-0.01,58,36963,卖盘,000002,2025-10-17 22:31:42
09:54:36,6.37,0.0,280,178577,卖盘,000002,2025-10-17 22:31:42
09:54:39,6.38,0.01,135,86000,买盘,000002,2025-10-17 22:31:42
09:54:42,6.37,-0.01,49,31228,卖盘,000002,2025-10-17 22:31:42
09:54:45,6.37,0.0,1624,1034499,卖盘,000002,2025-10-17 22:31:42
09:54:48,6.37,0.0,74,47148,卖盘,000002,2025-10-17 22:31:42
09:54:51,6.38,0.01,76,48429,买盘,000002,2025-10-17 22:31:42
09:54:54,6.38,0.0,68,43332,买盘,000002,2025-10-17 22:31:42
09:54:57,6.37,-0.01,161,102571,卖盘,000002,2025-10-17 22:31:42
09:55:00,6.38,0.01,44,28040,买盘,000002,2025-10-17 22:31:42
09:55:03,6.37,-0.01,398,253540,卖盘,000002,2025-10-17 22:31:42
09:55:06,6.38,0.01,143,91109,买盘,000002,2025-10-17 22:31:42
09:55:09,6.37,-0.01,30,19110,卖盘,000002,2025-10-17 22:31:42
09:55:12,6.37,0.0,1010,643373,卖盘,000002,2025-10-17 22:31:42
09:55:15,6.38,0.01,624,397513,买盘,000002,2025-10-17 22:31:42
09:55:18,6.37,-0.01,454,289248,卖盘,000002,2025-10-17 22:31:42
09:55:21,6.37,0.0,2381,1516722,卖盘,000002,2025-10-17 22:31:42
09:55:24,6.37,0.0,962,612865,卖盘,000002,2025-10-17 22:31:42
09:55:27,6.38,0.01,972,619171,买盘,000002,2025-10-17 22:31:42
09:55:30,6.37,-0.01,325,207032,卖盘,000002,2025-10-17 22:31:42
09:55:33,6.38,0.01,387,246539,买盘,000002,2025-10-17 22:31:42
09:55:36,6.37,-0.01,306,194927,卖盘,000002,2025-10-17 22:31:42
09:55:39,6.37,0.0,630,401310,卖盘,000002,2025-10-17 22:31:42
09:55:42,6.37,0.0,2235,1423695,卖盘,000002,2025-10-17 22:31:42
09:55:45,6.37,0.0,512,326145,卖盘,000002,2025-10-17 22:31:42
09:55:48,6.37,0.0,385,245340,卖盘,000002,2025-10-17 22:31:42
09:55:51,6.37,0.0,1826,1163162,卖盘,000002,2025-10-17 22:31:42
09:55:54,6.37,0.0,2360,1503563,卖盘,000002,2025-10-17 22:31:42
09:55:57,6.37,0.0,200,127396,买盘,000002,2025-10-17 22:31:42
09:56:00,6.37,0.0,2518,1603723,买盘,000002,2025-10-17 22:31:42
09:56:03,6.37,0.0,484,308347,卖盘,000002,2025-10-17 22:31:42
09:56:06,6.37,0.0,139,88543,卖盘,000002,2025-10-17 22:31:42
09:56:09,6.37,0.0,480,305760,卖盘,000002,2025-10-17 22:31:42
09:56:12,6.37,0.0,53,33781,卖盘,000002,2025-10-17 22:31:42
09:56:15,6.37,0.0,63,40131,卖盘,000002,2025-10-17 22:31:42
09:56:18,6.37,0.0,32,20384,卖盘,000002,2025-10-17 22:31:42
09:56:21,6.37,0.0,106,67527,卖盘,000002,2025-10-17 22:31:42
09:56:24,6.38,0.01,169,107683,买盘,000002,2025-10-17 22:31:42
09:56:27,6.37,-0.01,958,610246,卖盘,000002,2025-10-17 22:31:42
09:56:30,6.37,0.0,3,1911,卖盘,000002,2025-10-17 22:31:42
09:56:33,6.37,0.0,455,289840,卖盘,000002,2025-10-17 22:31:42
09:56:36,6.37,0.0,290,184810,卖盘,000002,2025-10-17 22:31:42
09:56:39,6.38,0.01,11,7010,买盘,000002,2025-10-17 22:31:42
09:56:42,6.37,-0.01,31,19747,卖盘,000002,2025-10-17 22:31:42
09:56:45,6.37,0.0,1546,984812,卖盘,000002,2025-10-17 22:31:42
09:56:48,6.37,0.0,966,615345,卖盘,000002,2025-10-17 22:31:42
09:56:51,6.37,0.0,1163,740831,卖盘,000002,2025-10-17 22:31:42
09:56:54,6.37,0.0,411,261909,卖盘,000002,2025-10-17 22:31:42
09:56:57,6.37,0.0,285,181548,卖盘,000002,2025-10-17 22:31:42
09:57:00,6.37,0.0,197,125489,卖盘,000002,2025-10-17 22:31:42
09:57:03,6.38,0.01,138,88006,买盘,000002,2025-10-17 22:31:42
09:57:06,6.37,-0.01,350,222950,卖盘,000002,2025-10-17 22:31:42
09:57:09,6.37,0.0,2810,1790212,卖盘,000002,2025-10-17 22:31:42
09:57:12,6.37,0.0,183,116568,买盘,000002,2025-10-17 22:31:42
09:57:15,6.37,0.0,111,70707,买盘,000002,2025-10-17 22:31:42
09:57:18,6.37,0.0,141,89781,买盘,000002,2025-10-17 22:31:42
09:57:21,6.37,0.0,5,3185,买盘,000002,2025-10-17 22:31:42
09:57:24,6.37,0.0,17,10828,买盘,000002,2025-10-17 22:31:42
09:57:27,6.36,-0.01,108,68763,卖盘,000002,2025-10-17 22:31:42
09:57:30,6.37,0.01,1226,780962,买盘,000002,2025-10-17 22:31:42
09:57:33,6.37,0.0,491,312568,买盘,000002,2025-10-17 22:31:42
09:57:36,6.37,0.0,335,213395,买盘,000002,2025-10-17 22:31:42
09:57:39,6.37,0.0,383,243747,买盘,000002,2025-10-17 22:31:42
09:57:42,6.37,0.0,365,232428,买盘,000002,2025-10-17 22:31:42
09:57:45,6.37,0.0,456,290392,买盘,000002,2025-10-17 22:31:42
09:57:48,6.37,0.0,565,359895,买盘,000002,2025-10-17 22:31:42
09:57:51,6.37,0.0,1760,1120868,买盘,000002,2025-10-17 22:31:42
09:57:54,6.37,0.0,1103,702549,卖盘,000002,2025-10-17 22:31:42
09:57:57,6.37,0.0,501,318950,买盘,000002,2025-10-17 22:31:42
09:58:00,6.37,0.0,303,192960,买盘,000002,2025-10-17 22:31:42
09:58:03,6.37,0.0,748,476467,买盘,000002,2025-10-17 22:31:42
09:58:06,6.37,0.0,1063,677131,卖盘,000002,2025-10-17 22:31:42
09:58:09,6.37,0.0,73,46511,卖盘,000002,2025-10-17 22:31:42
09:58:12,6.37,0.0,144,91754,卖盘,000002,2025-10-17 22:31:42
09:58:15,6.37,0.0,27,17203,卖盘,000002,2025-10-17 22:31:42
09:58:18,6.38,0.01,14,8925,买盘,000002,2025-10-17 22:31:42
09:58:21,6.37,-0.01,1093,696928,卖盘,000002,2025-10-17 22:31:42
09:58:24,6.38,0.01,248,157998,买盘,000002,2025-10-17 22:31:42
09:58:27,6.37,-0.01,67,42688,卖盘,000002,2025-10-17 22:31:42
09:58:30,6.37,0.0,11,7007,卖盘,000002,2025-10-17 22:31:42
09:58:33,6.38,0.01,21,13380,买盘,000002,2025-10-17 22:31:42
09:58:36,6.37,-0.01,19,12104,卖盘,000002,2025-10-17 22:31:42
09:58:39,6.37,0.0,128,81536,卖盘,000002,2025-10-17 22:31:42
09:58:42,6.37,0.0,7,4459,卖盘,000002,2025-10-17 22:31:42
09:58:45,6.38,0.01,347,221066,买盘,000002,2025-10-17 22:31:42
09:58:48,6.38,0.0,221,140977,买盘,000002,2025-10-17 22:31:42
09:58:51,6.38,0.0,1,638,买盘,000002,2025-10-17 22:31:42
09:58:54,6.38,0.0,644,410400,买盘,000002,2025-10-17 22:31:42
09:58:57,6.37,-0.01,317,201935,卖盘,000002,2025-10-17 22:31:42
09:59:00,6.38,0.01,32,20415,买盘,000002,2025-10-17 22:31:42
09:59:03,6.37,-0.01,529,337135,卖盘,000002,2025-10-17 22:31:42
09:59:06,6.37,0.0,46,29323,卖盘,000002,2025-10-17 22:31:42
09:59:09,6.37,0.0,360,229320,卖盘,000002,2025-10-17 22:31:42
09:59:12,6.37,0.0,58,36949,卖盘,000002,2025-10-17 22:31:42
09:59:18,6.37,0.0,18,11466,卖盘,000002,2025-10-17 22:31:42
09:59:21,6.37,0.0,115,73255,卖盘,000002,2025-10-17 22:31:42
09:59:24,6.38,0.01,20,12760,买盘,000002,2025-10-17 22:31:42
09:59:27,6.37,-0.01,50,31853,卖盘,000002,2025-10-17 22:31:42
09:59:30,6.37,0.0,21,13377,卖盘,000002,2025-10-17 22:31:42
09:59:33,6.38,0.01,35,22313,买盘,000002,2025-10-17 22:31:42
09:59:36,6.38,0.0,187,119215,买盘,000002,2025-10-17 22:31:42
09:59:39,6.37,-0.01,117,74629,卖盘,000002,2025-10-17 22:31:42
09:59:42,6.37,0.0,124,78989,卖盘,000002,2025-10-17 22:31:42
09:59:45,6.37,0.0,75,47780,卖盘,000002,2025-10-17 22:31:42
09:59:48,6.38,0.01,126,80264,买盘,000002,2025-10-17 22:31:42
09:59:51,6.38,0.0,60,38239,买盘,000002,2025-10-17 22:31:42
09:59:54,6.38,0.0,13,8286,买盘,000002,2025-10-17 22:31:42
09:59:57,6.37,-0.01,187,119135,卖盘,000002,2025-10-17 22:31:42
10:00:00,6.37,0.0,18,11466,卖盘,000002,2025-10-17 22:31:42
10:00:03,6.37,0.0,147,93698,卖盘,000002,2025-10-17 22:31:42
10:00:06,6.37,0.0,20,12750,卖盘,000002,2025-10-17 22:31:42
10:00:09,6.37,0.0,38,24206,卖盘,000002,2025-10-17 22:31:42
10:00:12,6.37,0.0,261,166294,卖盘,000002,2025-10-17 22:31:42
10:00:18,6.37,0.0,107,68189,卖盘,000002,2025-10-17 22:31:42
10:00:21,6.37,0.0,110,70071,卖盘,000002,2025-10-17 22:31:42
10:00:24,6.37,0.0,346,220419,卖盘,000002,2025-10-17 22:31:42
10:00:27,6.37,0.0,151,96188,卖盘,000002,2025-10-17 22:31:42
10:00:30,6.37,0.0,1586,1010304,卖盘,000002,2025-10-17 22:31:42
10:00:33,6.37,0.0,147,93668,卖盘,000002,2025-10-17 22:31:42
10:00:36,6.37,0.0,336,214045,卖盘,000002,2025-10-17 22:31:42
10:00:39,6.37,0.0,87,55419,卖盘,000002,2025-10-17 22:31:42
10:00:42,6.37,0.0,29,18485,卖盘,000002,2025-10-17 22:31:42
10:00:45,6.37,0.0,2413,1537081,卖盘,000002,2025-10-17 22:31:42
10:00:48,6.37,0.0,1141,727817,卖盘,000002,2025-10-17 22:31:42
10:00:51,6.37,0.0,390,248430,卖盘,000002,2025-10-17 22:31:42
10:00:54,6.37,0.0,146,93002,卖盘,000002,2025-10-17 22:31:42
10:00:57,6.37,0.0,202,128675,卖盘,000002,2025-10-17 22:31:42
10:01:00,6.37,0.0,30,19110,卖盘,000002,2025-10-17 22:31:42
10:01:03,6.37,0.0,135,86000,卖盘,000002,2025-10-17 22:31:42
10:01:06,6.37,0.0,141,89817,卖盘,000002,2025-10-17 22:31:42
10:01:09,6.37,0.0,158,100647,卖盘,000002,2025-10-17 22:31:42
10:01:12,6.37,0.0,324,206388,卖盘,000002,2025-10-17 22:31:42
10:01:15,6.37,0.0,2525,1608425,卖盘,000002,2025-10-17 22:31:42
10:01:18,6.37,0.0,2263,1441551,卖盘,000002,2025-10-17 22:31:42
10:01:21,6.37,0.0,389,247793,买盘,000002,2025-10-17 22:31:42
10:01:24,6.37,0.0,2762,1760162,买盘,000002,2025-10-17 22:31:42
10:01:27,6.37,0.0,117,74423,买盘,000002,2025-10-17 22:31:42
10:01:30,6.37,0.0,269,171095,买盘,000002,2025-10-17 22:31:42
10:01:33,6.37,0.0,304,193557,买盘,000002,2025-10-17 22:31:42
10:01:36,6.37,0.0,250,159030,买盘,000002,2025-10-17 22:31:42
10:01:39,6.37,0.0,50,31844,买盘,000002,2025-10-17 22:31:42
10:01:42,6.36,-0.01,560,356363,卖盘,000002,2025-10-17 22:31:42
10:01:45,6.37,0.01,18,11462,买盘,000002,2025-10-17 22:31:42
10:01:48,6.36,-0.01,193,122843,卖盘,000002,2025-10-17 22:31:42
10:01:51,6.37,0.01,364,231845,买盘,000002,2025-10-17 22:31:42
10:01:54,6.37,0.0,12,7644,买盘,000002,2025-10-17 22:31:42
10:01:57,6.37,0.0,390,248264,买盘,000002,2025-10-17 22:31:42
10:02:00,6.36,-0.01,1870,1191126,卖盘,000002,2025-10-17 22:31:42
10:02:03,6.37,0.01,179,114023,买盘,000002,2025-10-17 22:31:42
10:02:06,6.37,0.0,108,68796,买盘,000002,2025-10-17 22:31:42
10:02:09,6.37,0.0,42,26746,买盘,000002,2025-10-17 22:31:42
10:02:12,6.36,-0.01,113,71919,卖盘,000002,2025-10-17 22:31:42
10:02:15,6.36,0.0,10,6364,卖盘,000002,2025-10-17 22:31:42
10:02:18,6.37,0.01,3402,2167074,买盘,000002,2025-10-17 22:31:42
10:02:21,6.37,0.0,137,87206,买盘,000002,2025-10-17 22:31:42
10:02:24,6.37,0.0,274,174305,买盘,000002,2025-10-17 22:31:42
10:02:27,6.37,0.0,67,42655,买盘,000002,2025-10-17 22:31:42
10:02:30,6.37,0.0,500,318496,买盘,000002,2025-10-17 22:31:42
10:02:33,6.37,0.0,123,78323,买盘,000002,2025-10-17 22:31:42
10:02:36,6.37,0.0,68,43311,买盘,000002,2025-10-17 22:31:42
10:02:39,6.37,0.0,582,370671,买盘,000002,2025-10-17 22:31:42
10:02:42,6.37,0.0,335,213395,买盘,000002,2025-10-17 22:31:42
10:02:45,6.37,0.0,729,464338,买盘,000002,2025-10-17 22:31:42
10:02:48,6.37,0.0,237,150969,买盘,000002,2025-10-17 22:31:42
10:02:51,6.37,0.0,2741,1746017,买盘,000002,2025-10-17 22:31:42
10:02:54,6.37,0.0,79,50323,卖盘,000002,2025-10-17 22:31:42
10:02:57,6.37,0.0,15,9555,卖盘,000002,2025-10-17 22:31:42
10:03:00,6.37,0.0,537,342069,卖盘,000002,2025-10-17 22:31:42
10:03:03,6.37,0.0,325,207025,卖盘,000002,2025-10-17 22:31:42
10:03:06,6.37,0.0,6,3822,卖盘,000002,2025-10-17 22:31:42
10:03:09,6.38,0.01,175,111479,买盘,000002,2025-10-17 22:31:42
10:03:12,6.37,-0.01,177,112749,卖盘,000002,2025-10-17 22:31:42
10:03:15,6.37,0.0,1541,983091,卖盘,000002,2025-10-17 22:31:42
10:03:18,6.38,0.01,229,145984,买盘,000002,2025-10-17 22:31:42
10:03:21,6.38,0.0,176,112162,买盘,000002,2025-10-17 22:31:42
10:03:24,6.37,-0.01,48,30590,卖盘,000002,2025-10-17 22:31:42
10:03:27,6.37,0.0,323,206035,卖盘,000002,2025-10-17 22:31:42
10:03:30,6.38,0.01,774,493103,买盘,000002,2025-10-17 22:31:42
10:03:33,6.38,0.0,10,6374,买盘,000002,2025-10-17 22:31:42
10:03:36,6.37,-0.01,1408,898272,卖盘,000002,2025-10-17 22:31:42
10:03:39,6.38,0.01,2446,1560445,买盘,000002,2025-10-17 22:31:42
10:03:42,6.38,0.0,225,143550,卖盘,000002,2025-10-17 22:31:42
10:03:45,6.38,0.0,142,90596,卖盘,000002,2025-10-17 22:31:42
10:03:51,6.38,0.0,40,25536,卖盘,000002,2025-10-17 22:31:42
10:03:54,6.39,0.01,123,78538,买盘,000002,2025-10-17 22:31:42
10:03:57,6.38,-0.01,53,33845,卖盘,000002,2025-10-17 22:31:42
10:04:00,6.38,0.0,206,131428,卖盘,000002,2025-10-17 22:31:42
10:04:03,6.38,0.0,153,97743,卖盘,000002,2025-10-17 22:31:42
10:04:06,6.38,0.0,128,81664,卖盘,000002,2025-10-17 22:31:42
10:04:09,6.39,0.01,67,42751,买盘,000002,2025-10-17 22:31:42
10:04:12,6.39,0.0,10,6390,买盘,000002,2025-10-17 22:31:42
10:04:15,6.38,-0.01,162,103470,卖盘,000002,2025-10-17 22:31:42
10:04:18,6.39,0.01,16,10224,买盘,000002,2025-10-17 22:31:42
10:04:21,6.39,0.0,12,7668,买盘,000002,2025-10-17 22:31:42
10:04:24,6.39,0.0,1,639,买盘,000002,2025-10-17 22:31:42
10:04:27,6.38,-0.01,66,42114,卖盘,000002,2025-10-17 22:31:42
10:04:30,6.39,0.01,5,3192,买盘,000002,2025-10-17 22:31:42
10:04:33,6.39,0.0,197,125833,买盘,000002,2025-10-17 22:31:42
10:04:36,6.39,0.0,3,1917,买盘,000002,2025-10-17 22:31:42
10:04:39,6.38,-0.01,138,88124,卖盘,000002,2025-10-17 22:31:42
10:04:42,6.38,0.0,49,31265,卖盘,000002,2025-10-17 22:31:42
10:04:45,6.38,0.0,84,53606,卖盘,000002,2025-10-17 22:31:42
10:04:48,6.39,0.01,23,14688,买盘,000002,2025-10-17 22:31:42
10:04:51,6.38,-0.01,2,1276,卖盘,000002,2025-10-17 22:31:42
10:04:54,6.39,0.01,221,141052,买盘,000002,2025-10-17 22:31:42
10:04:57,6.38,-0.01,150,95700,卖盘,000002,2025-10-17 22:31:42
10:05:00,6.39,0.01,9,5746,买盘,000002,2025-10-17 22:31:42
10:05:03,6.38,-0.01,182,116121,卖盘,000002,2025-10-17 22:31:42
10:05:06,6.39,0.01,26,16614,买盘,000002,2025-10-17 22:31:42
10:05:09,6.38,-0.01,13,8306,卖盘,000002,2025-10-17 22:31:42
10:05:12,6.38,0.0,79,50402,卖盘,000002,2025-10-17 22:31:42
10:05:15,6.38,0.0,300,191415,卖盘,000002,2025-10-17 22:31:42
10:05:18,6.39,0.01,131,83632,买盘,000002,2025-10-17 22:31:42
10:05:21,6.39,0.0,11,7020,买盘,000002,2025-10-17 22:31:42
10:05:24,6.38,-0.01,251,160234,卖盘,000002,2025-10-17 22:31:42
10:05:27,6.38,0.0,79,50469,卖盘,000002,2025-10-17 22:31:42
10:05:30,6.39,0.01,18,11489,买盘,000002,2025-10-17 22:31:42
10:05:33,6.38,-0.01,62,39558,卖盘,000002,2025-10-17 22:31:42
10:05:36,6.38,0.0,99,63210,卖盘,000002,2025-10-17 22:31:42
10:05:39,6.38,0.0,128,81696,卖盘,000002,2025-10-17 22:31:42
10:05:42,6.39,0.01,469,299274,买盘,000002,2025-10-17 22:31:42
10:05:45,6.39,0.0,7739,4944909,买盘,000002,2025-10-17 22:31:42
10:05:48,6.39,0.0,48,30672,卖盘,000002,2025-10-17 22:31:42
10:05:51,6.39,0.0,227,145059,卖盘,000002,2025-10-17 22:31:42
10:05:54,6.4,0.01,615,393025,买盘,000002,2025-10-17 22:31:42
10:05:57,6.4,0.0,57,36478,买盘,000002,2025-10-17 22:31:42
10:06:00,6.39,-0.01,16,10224,卖盘,000002,2025-10-17 22:31:42
10:06:03,6.39,0.0,4565,2917064,卖盘,000002,2025-10-17 22:31:42
10:06:06,6.4,0.01,470,300345,买盘,000002,2025-10-17 22:31:42
10:06:09,6.39,-0.01,447,285633,卖盘,000002,2025-10-17 22:31:42
10:06:12,6.39,0.0,729,465831,卖盘,000002,2025-10-17 22:31:42
10:06:15,6.39,0.0,37,23636,买盘,000002,2025-10-17 22:31:42
10:06:18,6.39,0.0,222,141827,买盘,000002,2025-10-17 22:31:42
10:06:21,6.39,0.0,658,420462,买盘,000002,2025-10-17 22:31:42
10:06:24,6.39,0.0,177,113103,卖盘,000002,2025-10-17 22:31:42
10:06:27,6.39,0.0,86,54954,买盘,000002,2025-10-17 22:31:42
10:06:30,6.39,0.0,22,14048,买盘,000002,2025-10-17 22:31:42
10:06:33,6.39,0.0,501,319877,买盘,000002,2025-10-17 22:31:42
10:06:36,6.38,-0.01,160,102206,卖盘,000002,2025-10-17 22:31:42
10:06:39,6.39,0.01,332,212021,买盘,000002,2025-10-17 22:31:42
10:06:42,6.38,-0.01,7,4466,卖盘,000002,2025-10-17 22:31:42
10:06:45,6.39,0.01,54,34474,买盘,000002,2025-10-17 22:31:42
10:06:48,6.39,0.0,305,194725,买盘,000002,2025-10-17 22:31:42
10:06:51,6.39,0.0,49,31311,买盘,000002,2025-10-17 22:31:42
10:06:54,6.39,0.0,1052,672084,买盘,000002,2025-10-17 22:31:42
10:06:57,6.38,-0.01,670,428100,卖盘,000002,2025-10-17 22:31:42
10:07:00,6.39,0.01,679,433673,买盘,000002,2025-10-17 22:31:42
10:07:03,6.39,0.0,834,532926,买盘,000002,2025-10-17 22:31:42
10:07:06,6.39,0.0,267,170580,买盘,000002,2025-10-17 22:31:42
10:07:09,6.39,0.0,197,125783,卖盘,000002,2025-10-17 22:31:42
10:07:12,6.39,0.0,59,37672,买盘,000002,2025-10-17 22:31:42
10:07:15,6.39,0.0,1380,881820,买盘,000002,2025-10-17 22:31:42
10:07:18,6.39,0.0,43,27477,卖盘,000002,2025-10-17 22:31:42
10:07:21,6.39,0.0,10,6395,卖盘,000002,2025-10-17 22:31:42
10:07:24,6.4,0.01,31,19830,买盘,000002,2025-10-17 22:31:42
10:07:27,6.39,-0.01,81,51769,卖盘,000002,2025-10-17 22:31:42
10:07:30,6.39,0.0,19,12141,卖盘,000002,2025-10-17 22:31:42
10:07:33,6.4,0.01,2224,1421177,买盘,000002,2025-10-17 22:31:42
10:07:36,6.39,-0.01,61,38979,卖盘,000002,2025-10-17 22:31:42
10:07:39,6.4,0.01,63,40317,买盘,000002,2025-10-17 22:31:42
10:07:42,6.39,-0.01,9,5757,卖盘,000002,2025-10-17 22:31:42
10:07:45,6.39,0.0,131,83805,卖盘,000002,2025-10-17 22:31:42
10:07:48,6.39,0.0,180,115153,卖盘,000002,2025-10-17 22:31:42
10:07:51,6.4,0.01,94,60078,买盘,000002,2025-10-17 22:31:42
10:07:54,6.4,0.0,10,6391,买盘,000002,2025-10-17 22:31:42
10:07:57,6.39,-0.01,33,21088,卖盘,000002,2025-10-17 22:31:42
10:08:00,6.39,0.0,305,194895,卖盘,000002,2025-10-17 22:31:42
10:08:03,6.4,0.01,165,105599,买盘,000002,2025-10-17 22:31:42
10:08:06,6.39,-0.01,156,99837,卖盘,000002,2025-10-17 22:31:42
10:08:12,6.39,0.0,142,90748,卖盘,000002,2025-10-17 22:31:42
10:08:15,6.4,0.01,52,33277,买盘,000002,2025-10-17 22:31:42
10:08:18,6.4,0.0,24,15356,买盘,000002,2025-10-17 22:31:42
10:08:21,6.39,-0.01,18,11502,卖盘,000002,2025-10-17 22:31:42
10:08:24,6.39,0.0,50,31960,卖盘,000002,2025-10-17 22:31:42
10:08:27,6.4,0.01,120,76715,买盘,000002,2025-10-17 22:31:42
10:08:30,6.39,-0.01,12,7673,卖盘,000002,2025-10-17 22:31:42
10:08:33,6.4,0.01,13,8309,买盘,000002,2025-10-17 22:31:42
10:08:36,6.4,0.0,48,30702,买盘,000002,2025-10-17 22:31:42
10:08:39,6.4,0.0,591,378023,买盘,000002,2025-10-17 22:31:42
10:08:42,6.39,-0.01,24,15336,卖盘,000002,2025-10-17 22:31:42
10:08:45,6.4,0.01,77,49209,买盘,000002,2025-10-17 22:31:42
10:08:48,6.39,-0.01,58,37078,卖盘,000002,2025-10-17 22:31:42
10:08:51,6.4,0.01,2,1280,买盘,000002,2025-10-17 22:31:42
10:08:54,6.4,0.0,16,10225,买盘,000002,2025-10-17 22:31:42
10:08:57,6.4,0.0,173,110553,买盘,000002,2025-10-17 22:31:42
10:09:00,6.39,-0.01,144,92061,卖盘,000002,2025-10-17 22:31:42
10:09:03,6.39,0.0,32,20448,卖盘,000002,2025-10-17 22:31:42
10:09:06,6.4,0.01,262,167645,买盘,000002,2025-10-17 22:31:42
10:09:09,6.39,-0.01,18,11502,卖盘,000002,2025-10-17 22:31:42
10:09:12,6.39,0.0,89,56951,卖盘,000002,2025-10-17 22:31:42
10:09:15,6.4,0.01,52,33276,买盘,000002,2025-10-17 22:31:42
10:09:18,6.39,-0.01,546,349401,卖盘,000002,2025-10-17 22:31:42
10:09:21,6.39,0.0,11,7031,卖盘,000002,2025-10-17 22:31:42
10:09:24,6.39,0.0,286,182946,卖盘,000002,2025-10-17 22:31:42
10:09:27,6.39,0.0,224,143238,卖盘,000002,2025-10-17 22:31:42
10:09:30,6.39,0.0,3,1917,卖盘,000002,2025-10-17 22:31:42
10:09:33,6.39,0.0,17,10863,卖盘,000002,2025-10-17 22:31:42
10:09:36,6.39,0.0,816,521449,卖盘,000002,2025-10-17 22:31:42
10:09:39,6.39,0.0,176,112536,卖盘,000002,2025-10-17 22:31:42
10:09:42,6.4,0.01,70,44800,买盘,000002,2025-10-17 22:31:42
10:09:45,6.39,-0.01,27,17269,卖盘,000002,2025-10-17 22:31:42
10:09:48,6.39,0.0,33,21089,卖盘,000002,2025-10-17 22:31:42
10:09:51,6.4,0.01,285,182127,买盘,000002,2025-10-17 22:31:42
10:09:54,6.4,0.0,30,19200,买盘,000002,2025-10-17 22:31:42
10:09:57,6.39,-0.01,95,60765,卖盘,000002,2025-10-17 22:31:42
10:10:00,6.39,0.0,232,148436,卖盘,000002,2025-10-17 22:31:42
10:10:03,6.39,0.0,22,14058,卖盘,000002,2025-10-17 22:31:42
10:10:06,6.39,0.0,78,49842,卖盘,000002,2025-10-17 22:31:42
10:10:09,6.39,0.0,18,11502,卖盘,000002,2025-10-17 22:31:42
10:10:12,6.39,0.0,79,50498,卖盘,000002,2025-10-17 22:31:42
10:10:15,6.4,0.01,181,115787,买盘,000002,2025-10-17 22:31:42
10:10:18,6.39,-0.01,26,16614,卖盘,000002,2025-10-17 22:31:42
10:10:21,6.39,0.0,63,40258,卖盘,000002,2025-10-17 22:31:42
10:10:24,6.39,0.0,139,88821,卖盘,000002,2025-10-17 22:31:42
10:10:27,6.39,0.0,739,472226,卖盘,000002,2025-10-17 22:31:42
10:10:30,6.39,0.0,2281,1459672,卖盘,000002,2025-10-17 22:31:42
10:10:33,6.39,0.0,64,40906,卖盘,000002,2025-10-17 22:31:42
10:10:36,6.4,0.01,304,194360,买盘,000002,2025-10-17 22:31:42
10:10:39,6.4,0.0,221,141419,买盘,000002,2025-10-17 22:31:42
10:10:42,6.39,-0.01,119,76041,卖盘,000002,2025-10-17 22:31:42
10:10:45,6.39,0.0,1057,676063,卖盘,000002,2025-10-17 22:31:42
10:10:48,6.4,0.01,72,46079,买盘,000002,2025-10-17 22:31:42
10:10:51,6.39,-0.01,311,198990,卖盘,000002,2025-10-17 22:31:42
10:10:57,6.39,0.0,35,22365,卖盘,000002,2025-10-17 22:31:42
10:11:00,6.39,0.0,532,340014,卖盘,000002,2025-10-17 22:31:42
10:11:03,6.4,0.01,71,45382,买盘,000002,2025-10-17 22:31:42
10:11:06,6.4,0.0,21,13430,买盘,000002,2025-10-17 22:31:42
10:11:09,6.39,-0.01,13,8307,卖盘,000002,2025-10-17 22:31:42
10:11:12,6.4,0.01,228,145826,买盘,000002,2025-10-17 22:31:42
10:11:15,6.4,0.0,108,69117,买盘,000002,2025-10-17 22:31:42
10:11:18,6.4,0.0,16,10240,买盘,000002,2025-10-17 22:31:42
10:11:21,6.4,0.0,10,6400,买盘,000002,2025-10-17 22:31:42
10:11:24,6.4,0.0,119,76052,买盘,000002,2025-10-17 22:31:42
10:11:27,6.4,0.0,204,130560,买盘,000002,2025-10-17 22:31:42
10:11:30,6.4,0.0,207,132373,买盘,000002,2025-10-17 22:31:42
10:11:33,6.4,0.0,72,46069,买盘,000002,2025-10-17 22:31:42
10:11:36,6.39,-0.01,45,28755,卖盘,000002,2025-10-17 22:31:42
10:11:39,6.4,0.01,86,54969,买盘,000002,2025-10-17 22:31:42
10:11:42,6.4,0.0,20,12800,买盘,000002,2025-10-17 22:31:42
10:11:45,6.39,-0.01,11,7029,卖盘,000002,2025-10-17 22:31:42
10:11:48,6.39,0.0,2208,1410942,卖盘,000002,2025-10-17 22:31:42
10:11:51,6.39,0.0,610,389797,卖盘,000002,2025-10-17 22:31:42
10:11:54,6.39,0.0,68,43456,卖盘,000002,2025-10-17 22:31:42
10:11:57,6.39,0.0,118,75402,卖盘,000002,2025-10-17 22:31:42
10:12:00,6.38,-0.01,4901,3131732,卖盘,000002,2025-10-17 22:31:42
10:12:03,6.38,0.0,103,65814,卖盘,000002,2025-10-17 22:31:42
10:12:06,6.38,0.0,528,336910,卖盘,000002,2025-10-17 22:31:42
10:12:09,6.38,0.0,12,7657,卖盘,000002,2025-10-17 22:31:42
10:12:12,6.38,0.0,180,114855,卖盘,000002,2025-10-17 22:31:42
10:12:15,6.38,0.0,478,305064,卖盘,000002,2025-10-17 22:31:42
10:12:18,6.39,0.01,243,155244,买盘,000002,2025-10-17 22:31:42
10:12:21,6.38,-0.01,118,75284,卖盘,000002,2025-10-17 22:31:42
10:12:24,6.39,0.01,966,616995,买盘,000002,2025-10-17 22:31:42
10:12:27,6.38,-0.01,100,63893,卖盘,000002,2025-10-17 22:31:42
10:12:30,6.39,0.01,27,17250,买盘,000002,2025-10-17 22:31:42
10:12:33,6.38,-0.01,1194,761772,卖盘,000002,2025-10-17 22:31:42
10:12:36,6.38,0.0,31,19798,卖盘,000002,2025-10-17 22:31:42
10:12:39,6.38,0.0,9,5742,卖盘,000002,2025-10-17 22:31:42
10:12:42,6.38,0.0,11,7018,卖盘,000002,2025-10-17 22:31:42
10:12:45,6.38,0.0,733,467664,卖盘,000002,2025-10-17 22:31:42
10:12:51,6.38,0.0,202,128876,卖盘,000002,2025-10-17 22:31:42
10:13:00,6.38,0.0,205,131001,卖盘,000002,2025-10-17 22:31:42
10:13:06,6.39,0.01,77,49128,买盘,000002,2025-10-17 22:31:42
10:13:09,6.38,-0.01,466,297310,卖盘,000002,2025-10-17 22:31:42
10:13:12,6.38,0.0,62,39556,卖盘,000002,2025-10-17 22:31:42
10:13:15,6.38,0.0,198,126325,卖盘,000002,2025-10-17 22:31:42
10:13:21,6.39,0.01,133,84967,买盘,000002,2025-10-17 22:31:42
10:13:24,6.39,0.0,1296,827881,买盘,000002,2025-10-17 22:31:42
10:13:27,6.38,-0.01,20,12777,卖盘,000002,2025-10-17 22:31:42
10:13:30,6.38,0.0,95,60620,卖盘,000002,2025-10-17 22:31:42
10:13:33,6.38,0.0,26,16606,卖盘,000002,2025-10-17 22:31:42
10:13:36,6.38,0.0,255,162690,卖盘,000002,2025-10-17 22:31:42
10:13:39,6.38,0.0,5,3190,卖盘,000002,2025-10-17 22:31:42
10:13:42,6.38,0.0,9,5742,卖盘,000002,2025-10-17 22:31:42
10:13:45,6.39,0.01,4,2553,买盘,000002,2025-10-17 22:31:42
10:13:48,6.39,0.0,5714,3646089,买盘,000002,2025-10-17 22:31:42
10:13:51,6.39,0.0,441,281383,买盘,000002,2025-10-17 22:31:42
10:13:54,6.39,0.0,89,56836,买盘,000002,2025-10-17 22:31:42
10:13:57,6.39,0.0,10,6390,买盘,000002,2025-10-17 22:31:42
10:14:00,6.39,0.0,8,5107,买盘,000002,2025-10-17 22:31:42
10:14:03,6.38,-0.01,122,77836,卖盘,000002,2025-10-17 22:31:42
10:14:06,6.38,0.0,9,5742,卖盘,000002,2025-10-17 22:31:42
10:14:09,6.39,0.01,171,109109,买盘,000002,2025-10-17 22:31:42
10:14:12,6.38,-0.01,18,11484,卖盘,000002,2025-10-17 22:31:42
10:14:15,6.38,0.0,33,21054,卖盘,000002,2025-10-17 22:31:42
10:14:18,6.38,0.0,27,17226,卖盘,000002,2025-10-17 22:31:42
10:14:21,6.39,0.01,26,16589,买盘,000002,2025-10-17 22:31:42
10:14:24,6.39,0.0,5026,3206613,买盘,000002,2025-10-17 22:31:42
10:14:27,6.39,0.0,193,123237,买盘,000002,2025-10-17 22:31:42
10:14:30,6.38,-0.01,90,57477,卖盘,000002,2025-10-17 22:31:42
10:14:33,6.38,0.0,79,50413,卖盘,000002,2025-10-17 22:31:42
10:14:36,6.39,0.01,206,131458,买盘,000002,2025-10-17 22:31:42
10:14:39,6.38,-0.01,1,638,卖盘,000002,2025-10-17 22:31:42
10:14:42,6.39,0.01,10,6390,买盘,000002,2025-10-17 22:31:42
10:14:45,6.38,-0.01,13,8294,卖盘,000002,2025-10-17 22:31:42
10:14:48,6.38,0.0,178,113667,卖盘,000002,2025-10-17 22:31:42
10:14:54,6.38,0.0,97,61909,卖盘,000002,2025-10-17 22:31:42
10:14:57,6.39,0.01,74,47286,买盘,000002,2025-10-17 22:31:42
10:15:00,6.38,-0.01,44,28096,卖盘,000002,2025-10-17 22:31:42
10:15:03,6.38,0.0,119,75922,卖盘,000002,2025-10-17 22:31:42
10:15:06,6.39,0.01,11,7022,买盘,000002,2025-10-17 22:31:42
10:15:09,6.39,0.0,15,9572,买盘,000002,2025-10-17 22:31:42
10:15:12,6.38,-0.01,23,14674,卖盘,000002,2025-10-17 22:31:42
10:15:15,6.38,0.0,65,41480,卖盘,000002,2025-10-17 22:31:42
10:15:18,6.39,0.01,21,13399,买盘,000002,2025-10-17 22:31:42
10:15:21,6.38,-0.01,7442,4747804,卖盘,000002,2025-10-17 22:31:42
10:15:24,6.38,0.0,23,14671,买盘,000002,2025-10-17 22:31:42
10:15:27,6.38,0.0,55,35082,买盘,000002,2025-10-17 22:31:42
10:15:30,6.37,-0.01,991,631913,卖盘,000002,2025-10-17 22:31:42
10:15:33,6.38,0.01,728,464464,买盘,000002,2025-10-17 22:31:42
10:15:36,6.38,0.0,22,14036,买盘,000002,2025-10-17 22:31:42
10:15:39,6.38,0.0,61,38917,买盘,000002,2025-10-17 22:31:42
10:15:42,6.38,0.0,182,115946,买盘,000002,2025-10-17 22:31:42
10:15:45,6.37,-0.01,197,125522,卖盘,000002,2025-10-17 22:31:42
10:15:48,6.38,0.01,774,493812,买盘,000002,2025-10-17 22:31:42
10:15:51,6.38,0.0,219,139722,卖盘,000002,2025-10-17 22:31:42
10:15:54,6.38,0.0,284,181192,卖盘,000002,2025-10-17 22:31:42
10:15:57,6.38,0.0,568,362384,卖盘,000002,2025-10-17 22:31:42
10:16:00,6.38,0.0,23,14674,卖盘,000002,2025-10-17 22:31:42
10:16:03,6.38,0.0,55,35090,卖盘,000002,2025-10-17 22:31:42
10:16:06,6.38,0.0,169,107822,卖盘,000002,2025-10-17 22:31:42
10:16:09,6.38,0.0,150,95700,卖盘,000002,2025-10-17 22:31:42
10:16:12,6.38,0.0,187,119323,卖盘,000002,2025-10-17 22:31:42
10:16:15,6.38,0.0,35,22330,卖盘,000002,2025-10-17 22:31:42
10:16:21,6.39,0.01,144,91911,买盘,000002,2025-10-17 22:31:42
10:16:24,6.38,-0.01,7,4466,卖盘,000002,2025-10-17 22:31:42
10:16:27,6.38,0.0,134,85492,卖盘,000002,2025-10-17 22:31:42
10:16:30,6.38,0.0,16,10208,卖盘,000002,2025-10-17 22:31:42
10:16:33,6.39,0.01,10,6390,买盘,000002,2025-10-17 22:31:42
10:16:36,6.38,-0.01,9,5742,卖盘,000002,2025-10-17 22:31:42
10:16:39,6.39,0.01,20,12761,买盘,000002,2025-10-17 22:31:42
10:16:42,6.39,0.0,78,49794,买盘,000002,2025-10-17 22:31:42
10:16:45,6.38,-0.01,7,4466,卖盘,000002,2025-10-17 22:31:42
10:16:51,6.38,0.0,26,16588,卖盘,000002,2025-10-17 22:31:42
10:16:54,6.38,0.0,46,29348,卖盘,000002,2025-10-17 22:31:42
10:16:57,6.38,0.0,142,90612,卖盘,000002,2025-10-17 22:31:42
10:17:00,6.38,0.0,152,96976,卖盘,000002,2025-10-17 22:31:42
10:17:03,6.38,0.0,122,77836,卖盘,000002,2025-10-17 22:31:42
10:17:06,6.38,0.0,411,262218,卖盘,000002,2025-10-17 22:31:42
10:17:12,6.38,0.0,228,145464,卖盘,000002,2025-10-17 22:31:42
10:17:15,6.38,0.0,115,73371,卖盘,000002,2025-10-17 22:31:42
10:17:18,6.37,-0.01,3019,1926097,卖盘,000002,2025-10-17 22:31:42
10:17:21,6.38,0.01,5,3190,买盘,000002,2025-10-17 22:31:42
10:17:27,6.37,-0.01,29,18493,卖盘,000002,2025-10-17 22:31:42
10:17:30,6.37,0.0,108,68796,卖盘,000002,2025-10-17 22:31:42
10:17:33,6.38,0.01,64,40832,买盘,000002,2025-10-17 22:31:42
10:17:36,6.37,-0.01,100,63700,卖盘,000002,2025-10-17 22:31:42
10:17:39,6.37,0.0,1,637,卖盘,000002,2025-10-17 22:31:42
10:17:42,6.38,0.01,11,7013,买盘,000002,2025-10-17 22:31:42
10:17:45,6.37,-0.01,4,2548,卖盘,000002,2025-10-17 22:31:42
10:17:48,6.38,0.01,70,44607,买盘,000002,2025-10-17 22:31:42
10:17:51,6.38,0.0,10,6380,买盘,000002,2025-10-17 22:31:42
10:17:54,6.37,-0.01,16,10202,卖盘,000002,2025-10-17 22:31:42
10:17:57,6.37,0.0,13,8281,卖盘,000002,2025-10-17 22:31:42
10:18:00,6.37,0.0,66,42042,卖盘,000002,2025-10-17 22:31:42
10:18:06,6.37,0.0,333,212121,卖盘,000002,2025-10-17 22:31:42
10:18:09,6.38,0.01,51,32538,买盘,000002,2025-10-17 22:31:42
10:18:12,6.38,0.0,163,103987,买盘,000002,2025-10-17 22:31:42
10:18:15,6.37,-0.01,98,62426,卖盘,000002,2025-10-17 22:31:42
10:18:18,6.37,0.0,53,33761,卖盘,000002,2025-10-17 22:31:42
10:18:21,6.37,0.0,31,19757,卖盘,000002,2025-10-17 22:31:42
10:18:24,6.37,0.0,4,2548,卖盘,000002,2025-10-17 22:31:42
10:18:27,6.38,0.01,19,12113,买盘,000002,2025-10-17 22:31:42
10:18:30,6.37,-0.01,34,21665,卖盘,000002,2025-10-17 22:31:42
10:18:33,6.38,0.01,3,1914,买盘,000002,2025-10-17 22:31:42
10:18:36,6.37,-0.01,10,6370,卖盘,000002,2025-10-17 22:31:42
10:18:39,6.38,0.01,34,21665,买盘,000002,2025-10-17 22:31:42
10:18:42,6.38,0.0,12,7649,买盘,000002,2025-10-17 22:31:42
10:18:45,6.37,-0.01,9,5733,卖盘,000002,2025-10-17 22:31:42
10:18:48,6.37,0.0,39,24873,卖盘,000002,2025-10-17 22:31:42
10:18:51,6.38,0.01,51,32488,买盘,000002,2025-10-17 22:31:42
10:18:54,6.37,-0.01,441,281297,卖盘,000002,2025-10-17 22:31:42
10:18:57,6.38,0.01,19,12122,买盘,000002,2025-10-17 22:31:42
10:19:00,6.38,0.0,27,17211,买盘,000002,2025-10-17 22:31:42
10:19:03,6.38,0.0,19,12122,买盘,000002,2025-10-17 22:31:42
10:19:06,6.38,0.0,34,21677,买盘,000002,2025-10-17 22:31:42
10:19:09,6.37,-0.01,90,57414,卖盘,000002,2025-10-17 22:31:42
10:19:12,6.37,0.0,16,10194,卖盘,000002,2025-10-17 22:31:42
10:19:15,6.37,0.0,1,637,卖盘,000002,2025-10-17 22:31:42
10:19:18,6.38,0.01,8,5101,买盘,000002,2025-10-17 22:31:42
10:19:21,6.37,-0.01,1109,707439,卖盘,000002,2025-10-17 22:31:42
10:19:24,6.38,0.01,26,16567,买盘,000002,2025-10-17 22:31:42
10:19:27,6.38,0.0,71,45298,买盘,000002,2025-10-17 22:31:42
10:19:30,6.37,-0.01,8,5100,卖盘,000002,2025-10-17 22:31:42
10:19:36,6.38,0.01,4,2549,买盘,000002,2025-10-17 22:31:42
10:19:39,6.38,0.0,14,8931,买盘,000002,2025-10-17 22:31:42
10:19:45,6.37,-0.01,104,66263,卖盘,000002,2025-10-17 22:31:42
10:19:48,6.37,0.0,16,10192,卖盘,000002,2025-10-17 22:31:42
10:19:51,6.38,0.01,89,56745,买盘,000002,2025-10-17 22:31:42
10:19:54,6.38,0.0,89,56782,买盘,000002,2025-10-17 22:31:42
10:19:57,6.37,-0.01,44,28054,卖盘,000002,2025-10-17 22:31:42
10:20:00,6.38,0.01,38,24240,买盘,000002,2025-10-17 22:31:42
10:20:03,6.38,0.0,43,27434,买盘,000002,2025-10-17 22:31:42
10:20:06,6.38,0.0,521,332303,买盘,000002,2025-10-17 22:31:42
10:20:09,6.37,-0.01,357,227452,卖盘,000002,2025-10-17 22:31:42
10:20:12,6.37,0.0,96,61152,卖盘,000002,2025-10-17 22:31:42
10:20:15,6.37,0.0,18,11475,卖盘,000002,2025-10-17 22:31:42
10:20:21,6.38,0.01,40,25483,买盘,000002,2025-10-17 22:31:42
10:20:24,6.38,0.0,16,10208,买盘,000002,2025-10-17 22:31:42
10:20:27,6.37,-0.01,38,24206,卖盘,000002,2025-10-17 22:31:42
10:20:30,6.37,0.0,13,8281,卖盘,000002,2025-10-17 22:31:42
10:20:33,6.37,0.0,9,5733,卖盘,000002,2025-10-17 22:31:42
10:20:36,6.37,0.0,305,194562,卖盘,000002,2025-10-17 22:31:42
10:20:39,6.37,0.0,138,87956,卖盘,000002,2025-10-17 22:31:42
10:20:42,6.38,0.01,20,12750,买盘,000002,2025-10-17 22:31:42
10:20:45,6.37,-0.01,54,34398,卖盘,000002,2025-10-17 22:31:42
10:20:48,6.38,0.01,130,82837,买盘,000002,2025-10-17 22:31:42
10:20:51,6.38,0.0,68,43384,买盘,000002,2025-10-17 22:31:42
10:20:54,6.37,-0.01,266,169569,卖盘,000002,2025-10-17 22:31:42
10:20:57,6.37,0.0,19,12113,卖盘,000002,2025-10-17 22:31:42
10:21:00,6.37,0.0,13,8281,卖盘,000002,2025-10-17 22:31:42
10:21:03,6.38,0.01,364,231876,买盘,000002,2025-10-17 22:31:42
10:21:06,6.37,-0.01,17,10836,卖盘,000002,2025-10-17 22:31:42
10:21:09,6.37,0.0,20,12740,卖盘,000002,2025-10-17 22:31:42
10:21:12,6.37,0.0,50,31850,卖盘,000002,2025-10-17 22:31:42
10:21:15,6.37,0.0,8,5101,卖盘,000002,2025-10-17 22:31:42
10:21:18,6.38,0.01,80,51040,买盘,000002,2025-10-17 22:31:42
10:21:21,6.38,0.0,5,3190,买盘,000002,2025-10-17 22:31:42
10:21:24,6.38,0.0,10,6380,买盘,000002,2025-10-17 22:31:42
10:21:27,6.38,0.0,41,26130,买盘,000002,2025-10-17 22:31:42
10:21:30,6.38,0.0,251,159935,买盘,000002,2025-10-17 22:31:42
10:21:33,6.38,0.0,50,31900,买盘,000002,2025-10-17 22:31:42
10:21:36,6.37,-0.01,1090,695324,卖盘,000002,2025-10-17 22:31:42
10:21:39,6.37,0.0,12,7645,卖盘,000002,2025-10-17 22:31:42
10:21:42,6.38,0.01,84,53584,买盘,000002,2025-10-17 22:31:42
10:21:45,6.37,-0.01,85,54145,卖盘,000002,2025-10-17 22:31:42
10:21:48,6.38,0.01,50,31900,买盘,000002,2025-10-17 22:31:42
10:21:51,6.37,-0.01,58,36995,卖盘,000002,2025-10-17 22:31:42
10:21:54,6.37,0.0,1228,783358,卖盘,000002,2025-10-17 22:31:42
10:21:57,6.37,0.0,80,51020,卖盘,000002,2025-10-17 22:31:42
10:22:00,6.37,0.0,5,3185,卖盘,000002,2025-10-17 22:31:42
10:22:03,6.38,0.01,626,399277,买盘,000002,2025-10-17 22:31:42
10:22:06,6.38,0.0,52,33171,买盘,000002,2025-10-17 22:31:42
10:22:09,6.38,0.0,141,89878,买盘,000002,2025-10-17 22:31:42
10:22:12,6.37,-0.01,32,20389,卖盘,000002,2025-10-17 22:31:42
10:22:15,6.38,0.01,80,51037,买盘,000002,2025-10-17 22:31:42
10:22:18,6.38,0.0,559,356573,买盘,000002,2025-10-17 22:31:42
10:22:21,6.37,-0.01,259,165127,卖盘,000002,2025-10-17 22:31:42
10:22:27,6.37,0.0,616,392518,卖盘,000002,2025-10-17 22:31:42
10:22:30,6.38,0.01,126,80349,买盘,000002,2025-10-17 22:31:42
10:22:33,6.38,0.0,30,19140,买盘,000002,2025-10-17 22:31:42
10:22:36,6.37,-0.01,10,6370,卖盘,000002,2025-10-17 22:31:42
10:22:39,6.38,0.01,104,66351,买盘,000002,2025-10-17 22:31:42
10:22:42,6.38,0.0,586,373838,买盘,000002,2025-10-17 22:31:42
10:22:45,6.37,-0.01,116,73956,卖盘,000002,2025-10-17 22:31:42
10:22:48,6.38,0.01,3,1914,买盘,000002,2025-10-17 22:31:42
10:22:51,6.38,0.0,143,91214,买盘,000002,2025-10-17 22:31:42
10:22:54,6.38,0.0,143,91199,买盘,000002,2025-10-17 22:31:42
10:22:57,6.37,-0.01,342,218112,卖盘,000002,2025-10-17 22:31:42
10:23:00,6.38,0.01,377,240395,买盘,000002,2025-10-17 22:31:42
10:23:03,6.38,0.0,252,160776,买盘,000002,2025-10-17 22:31:42
10:23:06,6.38,0.0,37,23597,买盘,000002,2025-10-17 22:31:42
10:23:09,6.37,-0.01,21,13389,卖盘,000002,2025-10-17 22:31:42
10:23:12,6.38,0.01,62,39513,买盘,000002,2025-10-17 22:31:42
10:23:15,6.37,-0.01,29,18498,卖盘,000002,2025-10-17 22:31:42
10:23:18,6.38,0.01,87,55497,买盘,000002,2025-10-17 22:31:42
10:23:21,6.38,0.0,100,63800,买盘,000002,2025-10-17 22:31:42
10:23:24,6.38,0.0,30,19120,买盘,000002,2025-10-17 22:31:42
10:23:27,6.38,0.0,41,26149,买盘,000002,2025-10-17 22:31:42
10:23:30,6.37,-0.01,62,39553,卖盘,000002,2025-10-17 22:31:42
10:23:33,6.37,0.0,82,52263,卖盘,000002,2025-10-17 22:31:42
10:23:36,6.38,0.01,96,61248,买盘,000002,2025-10-17 22:31:42
10:23:39,6.38,0.0,229,146022,买盘,000002,2025-10-17 22:31:42
10:23:42,6.38,0.0,37,23594,买盘,000002,2025-10-17 22:31:42
10:23:45,6.37,-0.01,26,16585,卖盘,000002,2025-10-17 22:31:42
10:23:48,6.38,0.01,477,303974,买盘,000002,2025-10-17 22:31:42
10:23:51,6.38,0.0,333,212350,买盘,000002,2025-10-17 22:31:42
10:23:54,6.38,0.0,119,75922,买盘,000002,2025-10-17 22:31:42
10:23:57,6.38,0.0,285,181757,买盘,000002,2025-10-17 22:31:42
10:24:00,6.37,-0.01,89,56762,卖盘,000002,2025-10-17 22:31:42
10:24:03,6.38,0.01,124,79048,买盘,000002,2025-10-17 22:31:42
10:24:06,6.38,0.0,6,3828,买盘,000002,2025-10-17 22:31:42
10:24:09,6.37,-0.01,65,41460,卖盘,000002,2025-10-17 22:31:42
10:24:12,6.37,0.0,2,1274,卖盘,000002,2025-10-17 22:31:42
10:24:15,6.37,0.0,14,8921,卖盘,000002,2025-10-17 22:31:42
10:24:18,6.37,0.0,605,385985,卖盘,000002,2025-10-17 22:31:42
10:24:21,6.38,0.01,260,165880,买盘,000002,2025-10-17 22:31:42
10:24:24,6.38,0.0,30,19140,买盘,000002,2025-10-17 22:31:42
10:24:27,6.37,-0.01,281,179199,卖盘,000002,2025-10-17 22:31:42
10:24:30,6.37,0.0,46,29314,卖盘,000002,2025-10-17 22:31:42
10:24:33,6.37,0.0,100,63700,卖盘,000002,2025-10-17 22:31:42
10:24:39,6.38,0.01,52,33127,买盘,000002,2025-10-17 22:31:42
10:24:42,6.38,0.0,10,6380,买盘,000002,2025-10-17 22:31:42
10:24:45,6.37,-0.01,13,8291,卖盘,000002,2025-10-17 22:31:42
10:24:48,6.38,0.01,16,10208,买盘,000002,2025-10-17 22:31:42
10:24:51,6.37,-0.01,14,8922,卖盘,000002,2025-10-17 22:31:42
10:24:54,6.37,0.0,68,43369,卖盘,000002,2025-10-17 22:31:42
10:24:57,6.37,0.0,75,47849,卖盘,000002,2025-10-17 22:31:42
10:25:00,6.37,0.0,268,170980,卖盘,000002,2025-10-17 22:31:42
10:25:03,6.38,0.01,60,38280,买盘,000002,2025-10-17 22:31:42
10:25:09,6.38,0.0,24,15312,买盘,000002,2025-10-17 22:31:42
10:25:12,6.38,0.0,11,7018,买盘,000002,2025-10-17 22:31:42
10:25:15,6.37,-0.01,177,112922,卖盘,000002,2025-10-17 22:31:42
10:25:18,6.37,0.0,70,44590,卖盘,000002,2025-10-17 22:31:42
10:25:21,6.37,0.0,58,36946,卖盘,000002,2025-10-17 22:31:42
10:25:24,6.38,0.01,141,89876,买盘,000002,2025-10-17 22:31:42
10:25:27,6.38,0.0,41,26128,买盘,000002,2025-10-17 22:31:42
10:25:30,6.38,0.0,18,11481,买盘,000002,2025-10-17 22:31:42
10:25:33,6.38,0.0,43,27419,买盘,000002,2025-10-17 22:31:42
10:25:36,6.38,0.0,9,5742,买盘,000002,2025-10-17 22:31:42
10:25:39,6.38,0.0,69,44001,买盘,000002,2025-10-17 22:31:42
10:25:42,6.37,-0.01,1151,733197,卖盘,000002,2025-10-17 22:31:42
10:25:45,6.38,0.01,82,52282,买盘,000002,2025-10-17 22:31:42
10:25:51,6.38,0.0,96,61248,买盘,000002,2025-10-17 22:31:42
10:25:54,6.37,-0.01,40,25496,卖盘,000002,2025-10-17 22:31:42
10:26:00,6.37,0.0,4,2548,卖盘,000002,2025-10-17 22:31:42
10:26:03,6.38,0.01,179,114143,买盘,000002,2025-10-17 22:31:42
10:26:06,6.37,-0.01,76,48412,卖盘,000002,2025-10-17 22:31:42
10:26:09,6.37,0.0,184,117238,卖盘,000002,2025-10-17 22:31:42
10:26:12,6.38,0.01,445,283575,买盘,000002,2025-10-17 22:31:42
10:26:15,6.37,-0.01,6,3824,卖盘,000002,2025-10-17 22:31:42
10:26:18,6.37,0.0,51,32503,卖盘,000002,2025-10-17 22:31:42
10:26:21,6.38,0.01,77,49124,买盘,000002,2025-10-17 22:31:42
10:26:27,6.37,-0.01,16,10192,卖盘,000002,2025-10-17 22:31:42
10:26:30,6.37,0.0,12,7644,卖盘,000002,2025-10-17 22:31:42
10:26:33,6.38,0.01,10,6380,买盘,000002,2025-10-17 22:31:42
10:26:36,6.37,-0.01,21,13388,卖盘,000002,2025-10-17 22:31:42
10:26:39,6.37,0.0,1,637,卖盘,000002,2025-10-17 22:31:42
10:26:42,6.38,0.01,76,48488,买盘,000002,2025-10-17 22:31:42
10:26:45,6.37,-0.01,67,42729,卖盘,000002,2025-10-17 22:31:42
10:26:48,6.37,0.0,362,230693,卖盘,000002,2025-10-17 22:31:42
10:26:51,6.37,0.0,1,637,卖盘,000002,2025-10-17 22:31:42
10:26:57,6.38,0.01,51,32538,买盘,000002,2025-10-17 22:31:42
10:27:00,6.37,-0.01,70,44653,卖盘,000002,2025-10-17 22:31:42
10:27:03,6.38,0.01,52,33174,买盘,000002,2025-10-17 22:31:42
10:27:06,6.38,0.0,35,22312,买盘,000002,2025-10-17 22:31:42
10:27:09,6.38,0.0,991,631338,买盘,000002,2025-10-17 22:31:42
10:27:12,6.38,0.0,40,25500,买盘,000002,2025-10-17 22:31:42
10:27:15,6.37,-0.01,116,73954,卖盘,000002,2025-10-17 22:31:42
10:27:18,6.37,0.0,31,19764,卖盘,000002,2025-10-17 22:31:42
10:27:21,6.38,0.01,3,1914,买盘,000002,2025-10-17 22:31:42
10:27:24,6.37,-0.01,51,32488,卖盘,000002,2025-10-17 22:31:42
10:27:27,6.37,0.0,98,62476,卖盘,000002,2025-10-17 22:31:42
10:27:30,6.37,0.0,26,16562,卖盘,000002,2025-10-17 22:31:42
10:27:33,6.37,0.0,1131,720448,卖盘,000002,2025-10-17 22:31:42
10:27:36,6.37,0.0,687,438279,卖盘,000002,2025-10-17 22:31:42
10:27:39,6.37,0.0,222,141420,卖盘,000002,2025-10-17 22:31:42
10:27:42,6.37,0.0,57,36339,卖盘,000002,2025-10-17 22:31:42
10:27:45,6.37,0.0,2,1274,卖盘,000002,2025-10-17 22:31:42
10:27:48,6.37,0.0,10,6370,卖盘,000002,2025-10-17 22:31:42
10:27:54,6.38,0.01,152,96965,买盘,000002,2025-10-17 22:31:42
10:27:57,6.37,-0.01,21,13397,卖盘,000002,2025-10-17 22:31:42
10:28:00,6.37,0.0,32,20412,卖盘,000002,2025-10-17 22:31:42
10:28:03,6.38,0.01,22,14029,买盘,000002,2025-10-17 22:31:42
10:28:06,6.37,-0.01,48,30614,卖盘,000002,2025-10-17 22:31:42
10:28:09,6.38,0.01,194,123744,买盘,000002,2025-10-17 22:31:42
10:28:12,6.38,0.0,176,112261,买盘,000002,2025-10-17 22:31:42
10:28:15,6.38,0.0,118,75259,买盘,000002,2025-10-17 22:31:42
10:28:18,6.38,0.0,53,33810,买盘,000002,2025-10-17 22:31:42
10:28:21,6.38,0.0,6774,4321400,买盘,000002,2025-10-17 22:31:42
10:28:24,6.38,0.0,1,638,卖盘,000002,2025-10-17 22:31:42
10:28:27,6.38,0.0,5,3190,卖盘,000002,2025-10-17 22:31:42
10:28:33,6.38,0.0,101,64438,卖盘,000002,2025-10-17 22:31:42
10:28:36,6.38,0.0,1136,724816,卖盘,000002,2025-10-17 22:31:42
10:28:39,6.38,0.0,120,76560,卖盘,000002,2025-10-17 22:31:42
10:28:42,6.38,0.0,105,66990,卖盘,000002,2025-10-17 22:31:42
10:28:45,6.38,0.0,16,10213,卖盘,000002,2025-10-17 22:31:42
10:28:48,6.38,0.0,313,199694,卖盘,000002,2025-10-17 22:31:42
10:28:51,6.38,0.0,1,638,卖盘,000002,2025-10-17 22:31:42
10:28:54,6.38,0.0,122,77836,卖盘,000002,2025-10-17 22:31:42
10:28:57,6.38,0.0,204,130248,卖盘,000002,2025-10-17 22:31:42
10:29:00,6.38,0.0,80,51041,卖盘,000002,2025-10-17 22:31:42
10:29:03,6.39,0.01,173,110436,买盘,000002,2025-10-17 22:31:42
10:29:06,6.38,-0.01,27,17226,卖盘,000002,2025-10-17 22:31:42
10:29:09,6.38,0.0,15,9576,卖盘,000002,2025-10-17 22:31:42
10:29:12,6.38,0.0,30,19140,卖盘,000002,2025-10-17 22:31:42
10:29:15,6.38,0.0,3,1914,卖盘,000002,2025-10-17 22:31:42
10:29:18,6.38,0.0,39,24882,卖盘,000002,2025-10-17 22:31:42
10:29:21,6.39,0.01,69,44086,买盘,000002,2025-10-17 22:31:42
10:29:24,6.38,-0.01,12,7656,卖盘,000002,2025-10-17 22:31:42
10:29:27,6.38,0.0,75,47872,卖盘,000002,2025-10-17 22:31:42
10:29:30,6.38,0.0,13,8299,卖盘,000002,2025-10-17 22:31:42
10:29:33,6.39,0.01,56,35741,买盘,000002,2025-10-17 22:31:42
10:29:36,6.38,-0.01,22,14036,卖盘,000002,2025-10-17 22:31:42
10:29:39,6.39,0.01,228,145527,买盘,000002,2025-10-17 22:31:42
10:29:42,6.38,-0.01,54,34455,卖盘,000002,2025-10-17 22:31:42
10:29:45,6.38,0.0,3,1914,卖盘,000002,2025-10-17 22:31:42
10:29:48,6.39,0.01,300,191600,买盘,000002,2025-10-17 22:31:42
10:29:51,6.39,0.0,71,45347,买盘,000002,2025-10-17 22:31:42
10:29:54,6.38,-0.01,9,5742,卖盘,000002,2025-10-17 22:31:42
10:29:57,6.38,0.0,3,1914,卖盘,000002,2025-10-17 22:31:42
10:30:00,6.38,0.0,28,17869,卖盘,000002,2025-10-17 22:31:42
10:30:06,6.38,0.0,109,69542,卖盘,000002,2025-10-17 22:31:42
10:30:09,6.38,0.0,141,90072,卖盘,000002,2025-10-17 22:31:42
10:30:15,6.38,0.0,33,21054,卖盘,000002,2025-10-17 22:31:42
10:30:18,6.38,0.0,397,253286,卖盘,000002,2025-10-17 22:31:42
10:30:21,6.39,0.01,78,49812,买盘,000002,2025-10-17 22:31:42
10:30:24,6.38,-0.01,166,105924,卖盘,000002,2025-10-17 22:31:42
10:30:27,6.38,0.0,97,61886,卖盘,000002,2025-10-17 22:31:42
10:30:30,6.38,0.0,258,164856,卖盘,000002,2025-10-17 22:31:42
10:30:36,6.38,0.0,32,20446,卖盘,000002,2025-10-17 22:31:42
10:30:39,6.39,0.01,17,10852,买盘,000002,2025-10-17 22:31:42
10:30:42,6.39,0.0,33,21064,买盘,000002,2025-10-17 22:31:42
10:30:45,6.38,-0.01,4,2552,卖盘,000002,2025-10-17 22:31:42
10:30:48,6.39,0.01,158,100962,买盘,000002,2025-10-17 22:31:42
10:30:51,6.39,0.0,8,5112,买盘,000002,2025-10-17 22:31:42
10:30:54,6.38,-0.01,70,44660,卖盘,000002,2025-10-17 22:31:42
10:31:00,6.38,0.0,55,35142,卖盘,000002,2025-10-17 22:31:42
10:31:03,6.38,0.0,12,7658,卖盘,000002,2025-10-17 22:31:42
10:31:06,6.39,0.01,61,38971,买盘,000002,2025-10-17 22:31:42
10:31:09,6.38,-0.01,99,63162,卖盘,000002,2025-10-17 22:31:42
10:31:12,6.39,0.01,3,1917,买盘,000002,2025-10-17 22:31:42
10:31:15,6.38,-0.01,82,52320,卖盘,000002,2025-10-17 22:31:42
10:31:21,6.38,0.0,7,4466,卖盘,000002,2025-10-17 22:31:42
10:31:24,6.39,0.01,4541,2901669,买盘,000002,2025-10-17 22:31:42
10:31:27,6.39,0.0,36,22977,买盘,000002,2025-10-17 22:31:42
10:31:30,6.38,-0.01,12,7663,卖盘,000002,2025-10-17 22:31:42
10:31:33,6.38,0.0,43,27441,卖盘,000002,2025-10-17 22:31:42
10:31:36,6.39,0.01,267,170363,买盘,000002,2025-10-17 22:31:42
10:31:39,6.39,0.0,52,33227,买盘,000002,2025-10-17 22:31:42
10:31:42,6.38,-0.01,61,38918,卖盘,000002,2025-10-17 22:31:42
10:31:45,6.38,0.0,43,27469,卖盘,000002,2025-10-17 22:31:42
10:31:48,6.39,0.01,14,8942,买盘,000002,2025-10-17 22:31:42
10:31:51,6.38,-0.01,100,63800,卖盘,000002,2025-10-17 22:31:42
10:31:54,6.38,0.0,32,20431,卖盘,000002,2025-10-17 22:31:42
10:31:57,6.39,0.01,7,4473,买盘,000002,2025-10-17 22:31:42
10:32:00,6.38,-0.01,9,5742,卖盘,000002,2025-10-17 22:31:42
10:32:03,6.39,0.01,28,17889,买盘,000002,2025-10-17 22:31:42
10:32:09,6.39,0.0,59,37646,买盘,000002,2025-10-17 22:31:42
10:32:12,6.38,-0.01,221,141018,卖盘,000002,2025-10-17 22:31:42
10:32:15,6.38,0.0,214,136728,卖盘,000002,2025-10-17 22:31:42
10:32:18,6.39,0.01,41,26187,买盘,000002,2025-10-17 22:31:42
10:32:21,6.39,0.0,54,34506,买盘,000002,2025-10-17 22:31:42
10:32:24,6.39,0.0,27,17253,买盘,000002,2025-10-17 22:31:42
10:32:30,6.39,0.0,11,7028,买盘,000002,2025-10-17 22:31:42
10:32:33,6.39,0.0,43,27473,买盘,000002,2025-10-17 22:31:42
10:32:36,6.39,0.0,1,639,买盘,000002,2025-10-17 22:31:42
10:32:39,6.38,-0.01,556,355283,卖盘,000002,2025-10-17 22:31:42
10:32:42,6.39,0.01,6698,4280022,买盘,000002,2025-10-17 22:31:42
10:32:45,6.39,0.0,120,76680,卖盘,000002,2025-10-17 22:31:42
10:32:48,6.39,0.0,32,20448,卖盘,000002,2025-10-17 22:31:42
10:32:51,6.39,0.0,21,13425,卖盘,000002,2025-10-17 22:31:42
10:32:54,6.39,0.0,100,63900,卖盘,000002,2025-10-17 22:31:42
10:32:57,6.39,0.0,31,19809,卖盘,000002,2025-10-17 22:31:42
10:33:00,6.39,0.0,8,5112,卖盘,000002,2025-10-17 22:31:42
10:33:03,6.39,0.0,378,241572,卖盘,000002,2025-10-17 22:31:42
10:33:06,6.39,0.0,179,114381,卖盘,000002,2025-10-17 22:31:42
10:33:09,6.39,0.0,1337,854343,卖盘,000002,2025-10-17 22:31:42
10:33:12,6.39,0.0,308,196812,卖盘,000002,2025-10-17 22:31:42
10:33:15,6.4,0.01,52,33235,买盘,000002,2025-10-17 22:31:42
10:33:18,6.4,0.0,432,276099,买盘,000002,2025-10-17 22:31:42
10:33:21,6.39,-0.01,107,68373,卖盘,000002,2025-10-17 22:31:42
10:33:24,6.4,0.01,321,205211,买盘,000002,2025-10-17 22:31:42
10:33:27,6.39,-0.01,91,58149,卖盘,000002,2025-10-17 22:31:42
10:33:30,6.39,0.0,75,47925,卖盘,000002,2025-10-17 22:31:42
10:33:33,6.4,0.01,106,67736,买盘,000002,2025-10-17 22:31:42
10:33:36,6.39,-0.01,95,60706,卖盘,000002,2025-10-17 22:31:42
10:33:39,6.39,0.0,19,12141,卖盘,000002,2025-10-17 22:31:42
10:33:42,6.39,0.0,28,17896,卖盘,000002,2025-10-17 22:31:42
10:33:45,6.4,0.01,42,26852,买盘,000002,2025-10-17 22:31:42
10:33:48,6.39,-0.01,122,77958,卖盘,000002,2025-10-17 22:31:42
10:33:51,6.4,0.01,19,12151,买盘,000002,2025-10-17 22:31:42
10:33:54,6.4,0.0,8,5120,买盘,000002,2025-10-17 22:31:42
10:33:57,6.4,0.0,107,68480,买盘,000002,2025-10-17 22:31:42
10:34:00,6.4,0.0,5,3200,买盘,000002,2025-10-17 22:31:42
10:34:03,6.39,-0.01,3,1917,卖盘,000002,2025-10-17 22:31:42
10:34:06,6.39,0.0,101,64639,卖盘,000002,2025-10-17 22:31:42
10:34:12,6.39,0.0,37,23650,卖盘,000002,2025-10-17 22:31:42
10:34:15,6.4,0.01,129,82559,买盘,000002,2025-10-17 22:31:42
10:34:18,6.39,-0.01,4,2556,卖盘,000002,2025-10-17 22:31:42
10:34:21,6.39,0.0,1,639,卖盘,000002,2025-10-17 22:31:42
10:34:24,6.39,0.0,13,8307,卖盘,000002,2025-10-17 22:31:42
10:34:27,6.39,0.0,12,7668,卖盘,000002,2025-10-17 22:31:42
10:34:30,6.39,0.0,17,10863,卖盘,000002,2025-10-17 22:31:42
10:34:33,6.39,0.0,27,17257,卖盘,000002,2025-10-17 22:31:42
10:34:36,6.39,0.0,418,267202,卖盘,000002,2025-10-17 22:31:42
10:34:39,6.4,0.01,10,6391,买盘,000002,2025-10-17 22:31:42
10:34:45,6.4,0.0,44,28159,买盘,000002,2025-10-17 22:31:42
10:34:48,6.4,0.0,72,46017,买盘,000002,2025-10-17 22:31:42
10:34:51,6.39,-0.01,22,14058,卖盘,000002,2025-10-17 22:31:42
10:34:54,6.39,0.0,22,14058,卖盘,000002,2025-10-17 22:31:42
10:34:57,6.39,0.0,1,639,卖盘,000002,2025-10-17 22:31:42
10:35:03,6.4,0.01,22,14066,买盘,000002,2025-10-17 22:31:42
10:35:06,6.39,-0.01,1,639,卖盘,000002,2025-10-17 22:31:42
10:35:09,6.39,0.0,37,23643,卖盘,000002,2025-10-17 22:31:42
10:35:12,6.4,0.01,59,37755,买盘,000002,2025-10-17 22:31:42
10:35:15,6.4,0.0,1,640,买盘,000002,2025-10-17 22:31:42
10:35:18,6.39,-0.01,503,321417,卖盘,000002,2025-10-17 22:31:42
10:35:21,6.4,0.01,83,53041,买盘,000002,2025-10-17 22:31:42
10:35:24,6.4,0.0,205,130917,买盘,000002,2025-10-17 22:31:42
10:35:27,6.4,0.0,120,76730,买盘,000002,2025-10-17 22:31:42
10:35:30,6.4,0.0,169,108039,买盘,000002,2025-10-17 22:31:42
10:35:33,6.39,-0.01,24,15337,卖盘,000002,2025-10-17 22:31:42
10:35:36,6.39,0.0,19,12141,卖盘,000002,2025-10-17 22:31:42
10:35:39,6.4,0.01,43,27502,买盘,000002,2025-10-17 22:31:42
10:35:42,6.4,0.0,48,30720,买盘,000002,2025-10-17 22:31:42
10:35:45,6.39,-0.01,59,37701,卖盘,000002,2025-10-17 22:31:42
10:35:48,6.39,0.0,4,2556,卖盘,000002,2025-10-17 22:31:42
10:35:51,6.39,0.0,54,34510,卖盘,000002,2025-10-17 22:31:42
10:35:54,6.4,0.01,97,62079,买盘,000002,2025-10-17 22:31:42
10:35:57,6.4,0.0,96,61440,买盘,000002,2025-10-17 22:31:42
10:36:00,6.39,-0.01,44,28126,卖盘,000002,2025-10-17 22:31:42
10:36:03,6.39,0.0,48,30673,卖盘,000002,2025-10-17 22:31:42
10:36:06,6.39,0.0,48,30683,卖盘,000002,2025-10-17 22:31:42
10:36:12,6.4,0.01,50,32000,买盘,000002,2025-10-17 22:31:42
10:36:18,6.39,-0.01,157,100426,卖盘,000002,2025-10-17 22:31:42
10:36:21,6.4,0.01,3,1920,买盘,000002,2025-10-17 22:31:42
10:36:24,6.4,0.0,56,35840,买盘,000002,2025-10-17 22:31:42
10:36:27,6.4,0.0,59,37750,买盘,000002,2025-10-17 22:31:42
10:36:30,6.39,-0.01,55,35145,卖盘,000002,2025-10-17 22:31:42
10:36:33,6.4,0.01,110,70397,买盘,000002,2025-10-17 22:31:42
10:36:36,6.4,0.0,44,28153,买盘,000002,2025-10-17 22:31:42
10:36:39,6.4,0.0,28,17920,买盘,000002,2025-10-17 22:31:42
10:36:42,6.39,-0.01,1,639,卖盘,000002,2025-10-17 22:31:42
10:36:45,6.39,0.0,1,639,卖盘,000002,2025-10-17 22:31:42
10:36:48,6.39,0.0,4,2556,卖盘,000002,2025-10-17 22:31:42
10:36:51,6.4,0.01,124,79285,买盘,000002,2025-10-17 22:31:42
10:36:54,6.39,-0.01,23,14697,卖盘,000002,2025-10-17 22:31:42
10:36:57,6.39,0.0,12,7668,卖盘,000002,2025-10-17 22:31:42
10:37:00,6.4,0.01,2,1280,买盘,000002,2025-10-17 22:31:42
10:37:03,6.39,-0.01,3,1917,卖盘,000002,2025-10-17 22:31:42
10:37:09,6.39,0.0,15,9589,卖盘,000002,2025-10-17 22:31:42
10:37:12,6.4,0.01,10493,6715520,买盘,000002,2025-10-17 22:31:42
10:37:15,6.4,0.0,3,1920,买盘,000002,2025-10-17 22:31:42
10:37:18,6.4,0.0,4490,2873577,买盘,000002,2025-10-17 22:31:42
10:37:21,6.4,0.0,2,1280,中性盘,000002,2025-10-17 22:31:42
10:37:24,6.4,0.0,160,102400,买盘,000002,2025-10-17 22:31:42
10:37:27,6.41,0.01,148,94730,买盘,000002,2025-10-17 22:31:42
10:37:30,6.4,-0.01,10,6400,卖盘,000002,2025-10-17 22:31:42
10:37:33,6.41,0.01,307,196656,买盘,000002,2025-10-17 22:31:42
10:37:36,6.4,-0.01,102,65355,卖盘,000002,2025-10-17 22:31:42
10:37:39,6.41,0.01,42,26922,买盘,000002,2025-10-17 22:31:42
10:37:42,6.41,0.0,50,32049,买盘,000002,2025-10-17 22:31:42
10:37:45,6.41,0.0,93,59574,买盘,000002,2025-10-17 22:31:42
10:37:48,6.4,-0.01,13,8326,卖盘,000002,2025-10-17 22:31:42
10:37:51,6.4,0.0,12,7680,卖盘,000002,2025-10-17 22:31:42
10:37:54,6.41,0.01,180,115380,买盘,000002,2025-10-17 22:31:42
10:37:57,6.41,0.0,3,1921,买盘,000002,2025-10-17 22:31:42
10:38:00,6.41,0.0,104,66664,买盘,000002,2025-10-17 22:31:42
10:38:03,6.41,0.0,29,18585,买盘,000002,2025-10-17 22:31:42
10:38:06,6.41,0.0,81,51917,买盘,000002,2025-10-17 22:31:42
10:38:09,6.4,-0.01,213,136494,卖盘,000002,2025-10-17 22:31:42
10:38:12,6.4,0.0,116,74341,卖盘,000002,2025-10-17 22:31:42
10:38:15,6.4,0.0,23,14731,卖盘,000002,2025-10-17 22:31:42
10:38:18,6.4,0.0,23,14740,卖盘,000002,2025-10-17 22:31:42
10:38:21,6.41,0.01,62,39742,买盘,000002,2025-10-17 22:31:42
10:38:24,6.4,-0.01,229,146570,卖盘,000002,2025-10-17 22:31:42
10:38:27,6.41,0.01,40,25620,买盘,000002,2025-10-17 22:31:42
10:38:30,6.41,0.0,17,10896,买盘,000002,2025-10-17 22:31:42
10:38:33,6.4,-0.01,25,16021,卖盘,000002,2025-10-17 22:31:42
10:38:39,6.41,0.01,69,44229,买盘,000002,2025-10-17 22:31:42
10:38:42,6.4,-0.01,35,22401,卖盘,000002,2025-10-17 22:31:42
10:38:45,6.41,0.01,153,98073,买盘,000002,2025-10-17 22:31:42
10:38:48,6.41,0.0,114,72971,买盘,000002,2025-10-17 22:31:42
10:38:51,6.41,0.0,416,266656,买盘,000002,2025-10-17 22:31:42
10:38:54,6.41,0.0,15,9615,买盘,000002,2025-10-17 22:31:42
10:38:57,6.41,0.0,8,5122,买盘,000002,2025-10-17 22:31:42
10:39:00,6.4,-0.01,147,94224,卖盘,000002,2025-10-17 22:31:42
10:39:03,6.41,0.01,160,102496,买盘,000002,2025-10-17 22:31:42
10:39:06,6.41,0.0,394,252542,买盘,000002,2025-10-17 22:31:42
10:39:09,6.41,0.0,5,3205,买盘,000002,2025-10-17 22:31:42
10:39:12,6.4,-0.01,82,52520,卖盘,000002,2025-10-17 22:31:42
10:39:15,6.4,0.0,191,122384,卖盘,000002,2025-10-17 22:31:42
10:39:18,6.41,0.01,35,22419,买盘,000002,2025-10-17 22:31:42
10:39:21,6.41,0.0,10,6409,买盘,000002,2025-10-17 22:31:42
10:39:24,6.41,0.0,73,46792,买盘,000002,2025-10-17 22:31:42
10:39:27,6.41,0.0,3028,1940928,买盘,000002,2025-10-17 22:31:42
10:39:30,6.4,-0.01,62,39738,卖盘,000002,2025-10-17 22:31:42
10:39:33,6.41,0.01,38,24355,买盘,000002,2025-10-17 22:31:42
10:39:36,6.41,0.0,33,21153,买盘,000002,2025-10-17 22:31:42
10:39:42,6.41,0.0,152,97432,买盘,000002,2025-10-17 22:31:42
10:39:45,6.41,0.0,597,382677,买盘,000002,2025-10-17 22:31:42
10:39:48,6.4,-0.01,15,9611,卖盘,000002,2025-10-17 22:31:42
10:39:51,6.41,0.01,48,30768,买盘,000002,2025-10-17 22:31:42
10:39:54,6.41,0.0,201,128744,买盘,000002,2025-10-17 22:31:42
10:39:57,6.41,0.0,96,61513,买盘,000002,2025-10-17 22:31:42
10:40:03,6.41,0.0,159,101916,买盘,000002,2025-10-17 22:31:42
10:40:06,6.41,0.0,299,191632,买盘,000002,2025-10-17 22:31:42
10:40:09,6.4,-0.01,605,387785,卖盘,000002,2025-10-17 22:31:42
10:40:12,6.41,0.01,26,16666,买盘,000002,2025-10-17 22:31:42
10:40:15,6.41,0.0,21,13461,买盘,000002,2025-10-17 22:31:42
10:40:18,6.41,0.0,530,339727,买盘,000002,2025-10-17 22:31:42
10:40:21,6.41,0.0,169,108329,买盘,000002,2025-10-17 22:31:42
10:40:24,6.41,0.0,60,38460,买盘,000002,2025-10-17 22:31:42
10:40:27,6.41,0.0,102,65382,买盘,000002,2025-10-17 22:31:42
10:40:30,6.41,0.0,107,68586,买盘,000002,2025-10-17 22:31:42
10:40:33,6.41,0.0,100,64096,买盘,000002,2025-10-17 22:31:42
10:40:36,6.41,0.0,41,26276,买盘,000002,2025-10-17 22:31:42
10:40:39,6.41,0.0,52,33332,买盘,000002,2025-10-17 22:31:42
10:40:42,6.41,0.0,69,44229,买盘,000002,2025-10-17 22:31:42
10:40:45,6.41,0.0,3146,2013586,买盘,000002,2025-10-17 22:31:42
10:40:48,6.41,0.0,99,63456,买盘,000002,2025-10-17 22:31:42
10:40:51,6.41,0.0,135,86535,买盘,000002,2025-10-17 22:31:42
10:40:54,6.41,0.0,487,312151,买盘,000002,2025-10-17 22:31:42
10:40:57,6.41,0.0,37,23717,买盘,000002,2025-10-17 22:31:42
10:41:00,6.41,0.0,21,13461,买盘,000002,2025-10-17 22:31:42
10:41:03,6.41,0.0,390,249973,买盘,000002,2025-10-17 22:31:42
10:41:06,6.41,0.0,139,89060,买盘,000002,2025-10-17 22:31:42
10:41:09,6.4,-0.01,448,287141,卖盘,000002,2025-10-17 22:31:42
10:41:12,6.4,0.0,1118,716629,卖盘,000002,2025-10-17 22:31:42
10:41:15,6.41,0.01,1159,742919,买盘,000002,2025-10-17 22:31:42
10:41:18,6.41,0.0,44,28201,买盘,000002,2025-10-17 22:31:42
10:41:21,6.41,0.0,886,567906,买盘,000002,2025-10-17 22:31:42
10:41:24,6.41,0.0,244,156404,买盘,000002,2025-10-17 22:31:42
10:41:27,6.41,0.0,112,71792,买盘,000002,2025-10-17 22:31:42
10:41:30,6.41,0.0,338,216657,买盘,000002,2025-10-17 22:31:42
10:41:33,6.41,0.0,147,94224,买盘,000002,2025-10-17 22:31:42
10:41:36,6.41,0.0,135,86519,买盘,000002,2025-10-17 22:31:42
10:41:39,6.41,0.0,206,132046,买盘,000002,2025-10-17 22:31:42
10:41:42,6.41,0.0,151,96791,买盘,000002,2025-10-17 22:31:42
10:41:45,6.41,0.0,365,233965,买盘,000002,2025-10-17 22:31:42
10:41:48,6.41,0.0,595,381391,买盘,000002,2025-10-17 22:31:42
10:41:51,6.41,0.0,199,127559,卖盘,000002,2025-10-17 22:31:42
10:41:54,6.42,0.01,30,19232,买盘,000002,2025-10-17 22:31:42
10:41:57,6.41,-0.01,299,191679,卖盘,000002,2025-10-17 22:31:42
10:42:00,6.41,0.0,10,6410,卖盘,000002,2025-10-17 22:31:42
10:42:03,6.41,0.0,12,7692,卖盘,000002,2025-10-17 22:31:42
10:42:06,6.41,0.0,32,20516,卖盘,000002,2025-10-17 22:31:42
10:42:09,6.41,0.0,149,95567,卖盘,000002,2025-10-17 22:31:42
10:42:15,6.41,0.0,2,1282,卖盘,000002,2025-10-17 22:31:42
10:42:18,6.41,0.0,69,44269,卖盘,000002,2025-10-17 22:31:42
10:42:21,6.41,0.0,12,7693,卖盘,000002,2025-10-17 22:31:42
10:42:24,6.41,0.0,28,17948,卖盘,000002,2025-10-17 22:31:42
10:42:27,6.41,0.0,4,2564,卖盘,000002,2025-10-17 22:31:42
10:42:30,6.42,0.01,76,48788,买盘,000002,2025-10-17 22:31:42
10:42:33,6.41,-0.01,9,5769,卖盘,000002,2025-10-17 22:31:42
10:42:36,6.41,0.0,101,64741,卖盘,000002,2025-10-17 22:31:42
10:42:39,6.41,0.0,114,73074,卖盘,000002,2025-10-17 22:31:42
10:42:42,6.41,0.0,172,110363,卖盘,000002,2025-10-17 22:31:42
10:42:45,6.41,0.0,85,54485,卖盘,000002,2025-10-17 22:31:42
10:42:48,6.42,0.01,110,70568,买盘,000002,2025-10-17 22:31:42
10:42:51,6.41,-0.01,33,21153,卖盘,000002,2025-10-17 22:31:42
10:42:54,6.41,0.0,132,84644,卖盘,000002,2025-10-17 22:31:42
10:42:57,6.41,0.0,67,42957,卖盘,000002,2025-10-17 22:31:42
10:43:00,6.41,0.0,56,35896,卖盘,000002,2025-10-17 22:31:42
10:43:03,6.42,0.01,17,10907,买盘,000002,2025-10-17 22:31:42
10:43:06,6.41,-0.01,103,66023,卖盘,000002,2025-10-17 22:31:42
10:43:09,6.41,0.0,1561,1000649,卖盘,000002,2025-10-17 22:31:42
10:43:12,6.41,0.0,240,153842,卖盘,000002,2025-10-17 22:31:42
10:43:15,6.42,0.01,679,435285,买盘,000002,2025-10-17 22:31:42
10:43:18,6.41,-0.01,223,142943,卖盘,000002,2025-10-17 22:31:42
10:43:21,6.41,0.0,632,405108,买盘,000002,2025-10-17 22:31:42
10:43:24,6.41,0.0,54,34614,买盘,000002,2025-10-17 22:31:42
10:43:27,6.41,0.0,15,9615,买盘,000002,2025-10-17 22:31:42
10:43:30,6.41,0.0,31,19854,买盘,000002,2025-10-17 22:31:42
10:43:33,6.41,0.0,66,42302,买盘,000002,2025-10-17 22:31:42
10:43:36,6.41,0.0,26,16666,买盘,000002,2025-10-17 22:31:42
10:43:39,6.4,-0.01,19,12178,卖盘,000002,2025-10-17 22:31:42
10:43:42,6.4,0.0,67,42885,卖盘,000002,2025-10-17 22:31:42
10:43:45,6.41,0.01,22,14102,买盘,000002,2025-10-17 22:31:42
10:43:48,6.4,-0.01,6,3840,卖盘,000002,2025-10-17 22:31:42
10:43:51,6.41,0.01,52,33332,买盘,000002,2025-10-17 22:31:42
10:43:54,6.41,0.0,506,324346,买盘,000002,2025-10-17 22:31:42
10:43:57,6.41,0.0,276,176916,买盘,000002,2025-10-17 22:31:42
10:44:00,6.41,0.0,2,1282,买盘,000002,2025-10-17 22:31:42
10:44:03,6.4,-0.01,7,4482,卖盘,000002,2025-10-17 22:31:42
10:44:09,6.41,0.01,48,30768,买盘,000002,2025-10-17 22:31:42
10:44:12,6.41,0.0,20,12802,买盘,000002,2025-10-17 22:31:42
10:44:15,6.41,0.0,14,8965,买盘,000002,2025-10-17 22:31:42
10:44:18,6.41,0.0,27,17285,买盘,000002,2025-10-17 22:31:42
10:44:21,6.41,0.0,158,101260,买盘,000002,2025-10-17 22:31:42
10:44:24,6.4,-0.01,8,5120,卖盘,000002,2025-10-17 22:31:42
10:44:27,6.4,0.0,42,26920,卖盘,000002,2025-10-17 22:31:42
10:44:30,6.4,0.0,1,640,卖盘,000002,2025-10-17 22:31:42
10:44:33,6.41,0.01,7,4484,买盘,000002,2025-10-17 22:31:42
10:44:36,6.41,0.0,5,3205,买盘,000002,2025-10-17 22:31:42
10:44:39,6.4,-0.01,9,5760,卖盘,000002,2025-10-17 22:31:42
10:44:42,6.41,0.01,31,19850,买盘,000002,2025-10-17 22:31:42
10:44:45,6.41,0.0,106,67940,买盘,000002,2025-10-17 22:31:42
10:44:48,6.4,-0.01,4,2560,卖盘,000002,2025-10-17 22:31:42
10:44:51,6.41,0.01,48,30768,买盘,000002,2025-10-17 22:31:42
10:44:54,6.4,-0.01,57,36528,卖盘,000002,2025-10-17 22:31:42
10:44:57,6.41,0.01,43,27551,买盘,000002,2025-10-17 22:31:42
10:45:00,6.41,0.0,1,641,买盘,000002,2025-10-17 22:31:42
10:45:03,6.4,-0.01,3,1920,卖盘,000002,2025-10-17 22:31:42
10:45:06,6.41,0.01,2,1282,买盘,000002,2025-10-17 22:31:42
10:45:09,6.41,0.0,227,145480,买盘,000002,2025-10-17 22:31:42
10:45:15,6.41,0.0,1,641,买盘,000002,2025-10-17 22:31:42
10:45:18,6.4,-0.01,37,23689,卖盘,000002,2025-10-17 22:31:42
10:45:21,6.41,0.01,58,37151,买盘,000002,2025-10-17 22:31:42
10:45:24,6.4,-0.01,750,480000,卖盘,000002,2025-10-17 22:31:42
10:45:27,6.41,0.01,11,7050,买盘,000002,2025-10-17 22:31:42
10:45:30,6.4,-0.01,11,7040,卖盘,000002,2025-10-17 22:31:42
10:45:33,6.41,0.01,260,166657,买盘,000002,2025-10-17 22:31:42
10:45:36,6.4,-0.01,21,13440,卖盘,000002,2025-10-17 22:31:42
10:45:39,6.4,0.0,50,32049,卖盘,000002,2025-10-17 22:31:42
10:45:42,6.4,0.0,10,6400,卖盘,000002,2025-10-17 22:31:42
10:45:45,6.4,0.0,4,2560,卖盘,000002,2025-10-17 22:31:42
10:45:48,6.4,0.0,99,63456,卖盘,000002,2025-10-17 22:31:42
10:45:51,6.41,0.01,5,3205,买盘,000002,2025-10-17 22:31:42
10:46:03,6.4,-0.01,15,9611,卖盘,000002,2025-10-17 22:31:42
10:46:06,6.41,0.01,48,30768,买盘,000002,2025-10-17 22:31:42
10:46:12,6.4,-0.01,60,38450,卖盘,000002,2025-10-17 22:31:42
10:46:15,6.41,0.01,139,89099,买盘,000002,2025-10-17 22:31:42
10:46:18,6.4,-0.01,174,111517,卖盘,000002,2025-10-17 22:31:42
10:46:21,6.4,0.0,106,67840,卖盘,000002,2025-10-17 22:31:42
10:46:27,6.4,0.0,148,94739,卖盘,000002,2025-10-17 22:31:42
10:46:30,6.4,0.0,11,7050,卖盘,000002,2025-10-17 22:31:42
10:46:33,6.4,0.0,19,12160,卖盘,000002,2025-10-17 22:31:42
10:46:36,6.41,0.01,22,14102,买盘,000002,2025-10-17 22:31:42
10:46:39,6.41,0.0,96,61536,买盘,000002,2025-10-17 22:31:42
10:46:42,6.4,-0.01,3,1920,卖盘,000002,2025-10-17 22:31:42
10:46:45,6.41,0.01,48,30768,买盘,000002,2025-10-17 22:31:42
10:46:48,6.41,0.0,13,8330,买盘,000002,2025-10-17 22:31:42
10:46:51,6.41,0.0,520,333320,买盘,000002,2025-10-17 22:31:42
10:46:54,6.41,0.0,78,49970,买盘,000002,2025-10-17 22:31:42
10:46:57,6.41,0.0,22,14102,买盘,000002,2025-10-17 22:31:42
10:47:00,6.4,-0.01,62,39735,卖盘,000002,2025-10-17 22:31:42
10:47:03,6.4,0.0,3,1920,卖盘,000002,2025-10-17 22:31:42
10:47:09,6.4,0.0,135,86400,卖盘,000002,2025-10-17 22:31:42
10:47:12,6.4,0.0,89,57010,卖盘,000002,2025-10-17 22:31:42
10:47:15,6.41,0.01,2,1282,买盘,000002,2025-10-17 22:31:42
10:47:18,6.4,-0.01,32,20491,卖盘,000002,2025-10-17 22:31:42
10:47:24,6.41,0.01,48,30768,买盘,000002,2025-10-17 22:31:42
10:47:27,6.41,0.0,38,24358,买盘,000002,2025-10-17 22:31:42
10:47:30,6.4,-0.01,65,41600,卖盘,000002,2025-10-17 22:31:42
10:47:33,6.4,0.0,126,80748,卖盘,000002,2025-10-17 22:31:42
10:47:36,6.4,0.0,3,1920,卖盘,000002,2025-10-17 22:31:42
10:47:42,6.41,0.01,22,14102,买盘,000002,2025-10-17 22:31:42
10:47:45,6.41,0.0,16,10256,买盘,000002,2025-10-17 22:31:42
10:47:48,6.4,-0.01,39,24981,卖盘,000002,2025-10-17 22:31:42
10:47:51,6.4,0.0,10,6400,卖盘,000002,2025-10-17 22:31:42
10:47:54,6.41,0.01,7,4487,买盘,000002,2025-10-17 22:31:42
10:47:57,6.41,0.0,10,6410,买盘,000002,2025-10-17 22:31:42
10:48:03,6.41,0.0,4,2561,买盘,000002,2025-10-17 22:31:42
10:48:09,6.41,0.0,10,6410,买盘,000002,2025-10-17 22:31:42
10:48:12,6.41,0.0,99,63459,买盘,000002,2025-10-17 22:31:42
10:48:15,6.4,-0.01,32,20480,卖盘,000002,2025-10-17 22:31:42
10:48:18,6.4,0.0,3,1920,卖盘,000002,2025-10-17 22:31:42
10:48:24,6.41,0.01,41,26268,买盘,000002,2025-10-17 22:31:42
10:48:30,6.4,-0.01,13,8320,卖盘,000002,2025-10-17 22:31:42
10:48:33,6.41,0.01,32,20508,买盘,000002,2025-10-17 22:31:42
10:48:36,6.4,-0.01,14,8960,卖盘,000002,2025-10-17 22:31:42
10:48:39,6.41,0.01,149,95509,买盘,000002,2025-10-17 22:31:42
10:48:42,6.41,0.0,26,16651,买盘,000002,2025-10-17 22:31:42
10:48:45,6.41,0.0,53,33973,买盘,000002,2025-10-17 22:31:42
10:48:48,6.41,0.0,101,64738,买盘,000002,2025-10-17 22:31:42
10:48:51,6.41,0.0,95,60850,买盘,000002,2025-10-17 22:31:42
10:48:54,6.41,0.0,134,85894,买盘,000002,2025-10-17 22:31:42
10:48:57,6.41,0.0,3,1923,买盘,000002,2025-10-17 22:31:42
10:49:00,6.4,-0.01,50,32000,卖盘,000002,2025-10-17 22:31:42
10:49:03,6.41,0.01,59,37815,买盘,000002,2025-10-17 22:31:42
10:49:06,6.4,-0.01,15,9600,卖盘,000002,2025-10-17 22:31:42
10:49:09,6.4,0.0,2,1280,卖盘,000002,2025-10-17 22:31:42
10:49:18,6.41,0.01,26,16650,买盘,000002,2025-10-17 22:31:42
10:49:24,6.41,0.0,76,48716,买盘,000002,2025-10-17 22:31:42
10:49:30,6.4,-0.01,1,640,卖盘,000002,2025-10-17 22:31:42
10:49:33,6.41,0.01,1007,644484,买盘,000002,2025-10-17 22:31:42
10:49:36,6.4,-0.01,4,2562,卖盘,000002,2025-10-17 22:31:42
10:49:42,6.4,0.0,1100,704100,卖盘,000002,2025-10-17 22:31:42
10:49:45,6.41,0.01,33,21127,买盘,000002,2025-10-17 22:31:42
10:49:48,6.4,-0.01,10,6400,卖盘,000002,2025-10-17 22:31:42
10:49:51,6.4,0.0,15,9613,卖盘,000002,2025-10-17 22:31:42
10:49:54,6.4,0.0,3,1920,卖盘,000002,2025-10-17 22:31:42
10:49:57,6.4,0.0,9,5760,卖盘,000002,2025-10-17 22:31:42
10:50:03,6.4,0.0,291,186240,卖盘,000002,2025-10-17 22:31:42
10:50:06,6.41,0.01,16,10243,买盘,000002,2025-10-17 22:31:42
10:50:09,6.41,0.0,21,13461,买盘,000002,2025-10-17 22:31:42
10:50:12,6.41,0.0,83,53145,买盘,000002,2025-10-17 22:31:42
10:50:15,6.4,-0.01,14,8961,卖盘,000002,2025-10-17 22:31:42
10:50:18,6.4,0.0,64,40960,卖盘,000002,2025-10-17 22:31:42
10:50:21,6.4,0.0,1,640,卖盘,000002,2025-10-17 22:31:42
10:50:24,6.41,0.01,207,132614,买盘,000002,2025-10-17 22:31:42
10:50:27,6.41,0.0,22,14102,买盘,000002,2025-10-17 22:31:42
10:50:30,6.4,-0.01,14,8965,卖盘,000002,2025-10-17 22:31:42
10:50:33,6.4,0.0,4,2560,卖盘,000002,2025-10-17 22:31:42
10:50:36,6.4,0.0,22,14101,卖盘,000002,2025-10-17 22:31:42
10:50:39,6.4,0.0,347,222397,卖盘,000002,2025-10-17 22:31:42
10:50:42,6.41,0.01,663,424327,买盘,000002,2025-10-17 22:31:42
10:50:48,6.41,0.0,20,12816,买盘,000002,2025-10-17 22:31:42
10:50:54,6.41,0.0,31,19859,买盘,000002,2025-10-17 22:31:42
10:51:00,6.4,-0.01,68,43553,卖盘,000002,2025-10-17 22:31:42
10:51:03,6.4,0.0,125,80000,卖盘,000002,2025-10-17 22:31:42
10:51:06,6.41,0.01,5,3205,买盘,000002,2025-10-17 22:31:42
10:51:09,6.4,-0.01,1000,640000,卖盘,000002,2025-10-17 22:31:42
10:51:15,6.41,0.01,104,66654,买盘,000002,2025-10-17 22:31:42
10:51:18,6.4,-0.01,79,50570,卖盘,000002,2025-10-17 22:31:42
10:51:21,6.4,0.0,80,51267,卖盘,000002,2025-10-17 22:31:42
10:51:24,6.41,0.01,48,30738,买盘,000002,2025-10-17 22:31:42
10:51:27,6.41,0.0,330,211206,买盘,000002,2025-10-17 22:31:42
10:51:30,6.41,0.0,4,2563,买盘,000002,2025-10-17 22:31:42
10:51:33,6.4,-0.01,83,53149,卖盘,000002,2025-10-17 22:31:42
10:51:39,6.4,0.0,10,6403,卖盘,000002,2025-10-17 22:31:42
10:51:45,6.4,0.0,15,9602,卖盘,000002,2025-10-17 22:31:42
10:51:48,6.4,0.0,17,10880,卖盘,000002,2025-10-17 22:31:42
10:51:51,6.4,0.0,173,110816,卖盘,000002,2025-10-17 22:31:42
10:51:54,6.41,0.01,108,69216,买盘,000002,2025-10-17 22:31:42
10:51:57,6.4,-0.01,1,640,卖盘,000002,2025-10-17 22:31:42
10:52:00,6.41,0.01,10,6410,买盘,000002,2025-10-17 22:31:42
10:52:03,6.4,-0.01,109,69862,卖盘,000002,2025-10-17 22:31:42
10:52:06,6.4,0.0,9,5760,卖盘,000002,2025-10-17 22:31:42
10:52:09,6.41,0.01,3,1923,买盘,000002,2025-10-17 22:31:42
10:52:12,6.41,0.0,219,140357,买盘,000002,2025-10-17 22:31:42
10:52:15,6.4,-0.01,49,31408,卖盘,000002,2025-10-17 22:31:42
10:52:18,6.4,0.0,24,15381,卖盘,000002,2025-10-17 22:31:42
10:52:21,6.4,0.0,289,184960,卖盘,000002,2025-10-17 22:31:42
10:52:24,6.4,0.0,99,63360,卖盘,000002,2025-10-17 22:31:42
10:52:27,6.41,0.01,218,139720,买盘,000002,2025-10-17 22:31:42
10:52:30,6.4,-0.01,1,640,卖盘,000002,2025-10-17 22:31:42
10:52:33,6.4,0.0,476,304796,卖盘,000002,2025-10-17 22:31:42
10:52:36,6.4,0.0,34,21760,卖盘,000002,2025-10-17 22:31:42
10:52:39,6.4,0.0,17,10880,卖盘,000002,2025-10-17 22:31:42
10:52:42,6.4,0.0,37,23680,卖盘,000002,2025-10-17 22:31:42
10:52:48,6.4,0.0,19,12160,卖盘,000002,2025-10-17 22:31:42
10:52:51,6.4,0.0,167,106996,卖盘,000002,2025-10-17 22:31:42
10:52:54,6.4,0.0,40,25607,卖盘,000002,2025-10-17 22:31:42
10:52:57,6.4,0.0,95,60800,卖盘,000002,2025-10-17 22:31:42
10:53:00,6.4,0.0,27,17282,卖盘,000002,2025-10-17 22:31:42
10:53:03,6.4,0.0,32,20480,卖盘,000002,2025-10-17 22:31:42
10:53:06,6.4,0.0,182,116480,卖盘,000002,2025-10-17 22:31:42
10:53:09,6.41,0.01,10,6410,买盘,000002,2025-10-17 22:31:42
10:53:12,6.41,0.0,81,51847,买盘,000002,2025-10-17 22:31:42
10:53:15,6.41,0.0,9,5769,买盘,000002,2025-10-17 22:31:42
10:53:18,6.4,-0.01,22,14080,卖盘,000002,2025-10-17 22:31:42
10:53:21,6.4,0.0,34,21776,卖盘,000002,2025-10-17 22:31:42
10:53:24,6.4,0.0,532,340480,卖盘,000002,2025-10-17 22:31:42
10:53:27,6.4,0.0,285,182507,卖盘,000002,2025-10-17 22:31:42
10:53:30,6.4,0.0,48,30735,卖盘,000002,2025-10-17 22:31:42
10:53:33,6.4,0.0,8,5120,卖盘,000002,2025-10-17 22:31:42
10:53:39,6.41,0.01,23,14728,买盘,000002,2025-10-17 22:31:42
10:53:42,6.4,-0.01,20,12800,卖盘,000002,2025-10-17 22:31:42
10:53:45,6.4,0.0,1,640,卖盘,000002,2025-10-17 22:31:42
10:53:48,6.4,0.0,3,1920,卖盘,000002,2025-10-17 22:31:42
10:53:51,6.4,0.0,342,218880,卖盘,000002,2025-10-17 22:31:42
10:53:54,6.4,0.0,578,370016,卖盘,000002,2025-10-17 22:31:42
10:53:57,6.4,0.0,190,121677,卖盘,000002,2025-10-17 22:31:42
10:54:00,6.4,0.0,13351,8544640,卖盘,000002,2025-10-17 22:31:42
10:54:03,6.39,-0.01,2584,1653214,卖盘,000002,2025-10-17 22:31:42
10:54:06,6.4,0.01,10,6400,买盘,000002,2025-10-17 22:31:42
10:54:09,6.4,0.0,5,3200,买盘,000002,2025-10-17 22:31:42
10:54:12,6.4,0.0,2,1280,买盘,000002,2025-10-17 22:31:42
10:54:15,6.39,-0.01,24,15356,卖盘,000002,2025-10-17 22:31:42
10:54:18,6.4,0.01,33,21117,买盘,000002,2025-10-17 22:31:42
10:54:21,6.39,-0.01,13,8307,卖盘,000002,2025-10-17 22:31:42
10:54:24,6.4,0.01,22,14080,买盘,000002,2025-10-17 22:31:42
10:54:30,6.4,0.0,10,6399,买盘,000002,2025-10-17 22:31:42
10:54:33,6.39,-0.01,116,74194,卖盘,000002,2025-10-17 22:31:42
10:54:36,6.39,0.0,13,8307,卖盘,000002,2025-10-17 22:31:42
10:54:39,6.39,0.0,9,5751,卖盘,000002,2025-10-17 22:31:42
10:54:42,6.39,0.0,18,11502,卖盘,000002,2025-10-17 22:31:42
10:54:45,6.39,0.0,112,71568,卖盘,000002,2025-10-17 22:31:42
10:54:48,6.39,0.0,66,42224,卖盘,000002,2025-10-17 22:31:42
10:54:54,6.4,0.01,3,1920,买盘,000002,2025-10-17 22:31:42
10:55:00,6.39,-0.01,10,6390,卖盘,000002,2025-10-17 22:31:42
10:55:03,6.39,0.0,3,1917,卖盘,000002,2025-10-17 22:31:42
10:55:06,6.4,0.01,27,17273,买盘,000002,2025-10-17 22:31:42
10:55:09,6.4,0.0,96,61440,买盘,000002,2025-10-17 22:31:42
10:55:12,6.4,0.0,7,4480,买盘,000002,2025-10-17 22:31:42
10:55:15,6.39,-0.01,342,218577,卖盘,000002,2025-10-17 22:31:42
10:55:18,6.39,0.0,4,2556,卖盘,000002,2025-10-17 22:31:42
10:55:21,6.4,0.01,29,18551,买盘,000002,2025-10-17 22:31:42
10:55:24,6.4,0.0,70,44800,买盘,000002,2025-10-17 22:31:42
10:55:27,6.39,-0.01,14,8948,卖盘,000002,2025-10-17 22:31:42
10:55:30,6.4,0.01,4,2559,买盘,000002,2025-10-17 22:31:42
10:55:33,6.39,-0.01,4,2557,卖盘,000002,2025-10-17 22:31:42
10:55:36,6.4,0.01,50,32000,买盘,000002,2025-10-17 22:31:42
10:55:39,6.4,0.0,151,96490,买盘,000002,2025-10-17 22:31:42
10:55:42,6.4,0.0,7,4480,买盘,000002,2025-10-17 22:31:42
10:55:45,6.4,0.0,140,89575,买盘,000002,2025-10-17 22:31:42
10:55:48,6.39,-0.01,14,8956,卖盘,000002,2025-10-17 22:31:42
10:55:54,6.4,0.01,1,640,买盘,000002,2025-10-17 22:31:42
10:55:57,6.39,-0.01,18,11502,卖盘,000002,2025-10-17 22:31:42
10:56:00,6.4,0.01,139,88852,买盘,000002,2025-10-17 22:31:42
10:56:03,6.39,-0.01,13,8317,卖盘,000002,2025-10-17 22:31:42
10:56:06,6.4,0.01,243,155281,买盘,000002,2025-10-17 22:31:42
10:56:09,6.4,0.0,18,11520,买盘,000002,2025-10-17 22:31:42
10:56:15,6.39,-0.01,78,49906,卖盘,000002,2025-10-17 22:31:42
10:56:18,6.4,0.01,13,8320,买盘,000002,2025-10-17 22:31:42
10:56:21,6.39,-0.01,207,132276,卖盘,000002,2025-10-17 22:31:42
10:56:24,6.4,0.01,14,8950,买盘,000002,2025-10-17 22:31:42
10:56:27,6.4,0.0,22,14078,买盘,000002,2025-10-17 22:31:42
10:56:30,6.39,-0.01,1,639,卖盘,000002,2025-10-17 22:31:42
10:56:33,6.39,0.0,53,33869,卖盘,000002,2025-10-17 22:31:42
10:56:36,6.39,0.0,102,65178,卖盘,000002,2025-10-17 22:31:42
10:56:39,6.39,0.0,84,53676,卖盘,000002,2025-10-17 22:31:42
10:56:45,6.4,0.01,15,9600,买盘,000002,2025-10-17 22:31:42
10:56:48,6.39,-0.01,150,95850,卖盘,000002,2025-10-17 22:31:42
10:56:51,6.4,0.01,108,69117,买盘,000002,2025-10-17 22:31:42
10:56:54,6.4,0.0,24,15359,买盘,000002,2025-10-17 22:31:42
10:56:57,6.39,-0.01,100,63900,卖盘,000002,2025-10-17 22:31:42
10:57:03,6.39,0.0,133,84987,卖盘,000002,2025-10-17 22:31:42
10:57:06,6.39,0.0,275,175725,卖盘,000002,2025-10-17 22:31:42
10:57:09,6.4,0.01,133,85117,买盘,000002,2025-10-17 22:31:42
10:57:12,6.39,-0.01,12,7668,卖盘,000002,2025-10-17 22:31:42
10:57:15,6.39,0.0,71,45373,卖盘,000002,2025-10-17 22:31:42
10:57:18,6.39,0.0,32,20448,卖盘,000002,2025-10-17 22:31:42
10:57:21,6.39,0.0,3,1917,卖盘,000002,2025-10-17 22:31:42
10:57:24,6.39,0.0,341,217900,卖盘,000002,2025-10-17 22:31:42
10:57:27,6.39,0.0,239,152721,卖盘,000002,2025-10-17 22:31:42
10:57:30,6.39,0.0,5,3195,卖盘,000002,2025-10-17 22:31:42
10:57:36,6.4,0.01,10,6394,买盘,000002,2025-10-17 22:31:42
10:57:39,6.39,-0.01,41,26214,卖盘,000002,2025-10-17 22:31:42
10:57:42,6.39,0.0,200,127800,卖盘,000002,2025-10-17 22:31:42
10:57:45,6.4,0.01,457,292480,买盘,000002,2025-10-17 22:31:42
10:57:48,6.4,0.0,289,184673,买盘,000002,2025-10-17 22:31:42
10:57:51,6.39,-0.01,62,39638,卖盘,000002,2025-10-17 22:31:42
10:57:54,6.4,0.01,71,45397,买盘,000002,2025-10-17 22:31:42
10:57:57,6.4,0.0,18,11505,买盘,000002,2025-10-17 22:31:42
10:58:00,6.4,0.0,3,1920,买盘,000002,2025-10-17 22:31:42
10:58:03,6.4,0.0,22,14080,买盘,000002,2025-10-17 22:31:42
10:58:06,6.39,-0.01,20,12790,卖盘,000002,2025-10-17 22:31:42
10:58:09,6.4,0.01,1,640,买盘,000002,2025-10-17 22:31:42
10:58:12,6.4,0.0,521,333424,买盘,000002,2025-10-17 22:31:42
10:58:15,6.39,-0.01,100,63900,卖盘,000002,2025-10-17 22:31:42
10:58:18,6.39,0.0,52,33228,卖盘,000002,2025-10-17 22:31:42
10:58:21,6.39,0.0,17,10863,卖盘,000002,2025-10-17 22:31:42
10:58:27,6.4,0.01,21,13440,买盘,000002,2025-10-17 22:31:42
10:58:30,6.39,-0.01,83,53037,卖盘,000002,2025-10-17 22:31:42
10:58:33,6.4,0.01,64,40951,买盘,000002,2025-10-17 22:31:42
10:58:36,6.39,-0.01,222,141867,卖盘,000002,2025-10-17 22:31:42
10:58:39,6.4,0.01,99,63342,买盘,000002,2025-10-17 22:31:42
10:58:42,6.4,0.0,34,21758,买盘,000002,2025-10-17 22:31:42
10:58:45,6.4,0.0,17,10880,买盘,000002,2025-10-17 22:31:42
10:58:48,6.39,-0.01,47,30043,卖盘,000002,2025-10-17 22:31:42
10:58:51,6.39,0.0,10,6390,卖盘,000002,2025-10-17 22:31:42
10:58:57,6.39,0.0,12,7668,卖盘,000002,2025-10-17 22:31:42
10:59:03,6.4,0.01,5,3200,买盘,000002,2025-10-17 22:31:42
10:59:06,6.39,-0.01,3,1917,卖盘,000002,2025-10-17 22:31:42
10:59:09,6.39,0.0,5,3195,卖盘,000002,2025-10-17 22:31:42
10:59:15,6.4,0.01,128,81890,买盘,000002,2025-10-17 22:31:42
10:59:18,6.4,0.0,96,61440,买盘,000002,2025-10-17 22:31:42
10:59:21,6.39,-0.01,3,1917,卖盘,000002,2025-10-17 22:31:42
10:59:24,6.39,0.0,122,78054,卖盘,000002,2025-10-17 22:31:42
10:59:27,6.39,0.0,24,15336,卖盘,000002,2025-10-17 22:31:42
10:59:30,6.4,0.01,3,1918,买盘,000002,2025-10-17 22:31:42
10:59:33,6.4,0.0,5,3200,买盘,000002,2025-10-17 22:31:42
10:59:36,6.39,-0.01,8,5112,卖盘,000002,2025-10-17 22:31:42
10:59:39,6.39,0.0,41,26201,卖盘,000002,2025-10-17 22:31:42
10:59:42,6.39,0.0,9,5751,卖盘,000002,2025-10-17 22:31:42
10:59:45,6.4,0.01,3,1920,买盘,000002,2025-10-17 22:31:42
10:59:48,6.4,0.0,12,7671,买盘,000002,2025-10-17 22:31:42
10:59:51,6.39,-0.01,3,1917,卖盘,000002,2025-10-17 22:31:42
10:59:54,6.4,0.01,5,3200,买盘,000002,2025-10-17 22:31:42
10:59:57,6.39,-0.01,47,30033,卖盘,000002,2025-10-17 22:31:42
11:00:00,6.4,0.01,8,5120,买盘,000002,2025-10-17 22:31:42
11:00:06,6.39,-0.01,53,33883,卖盘,000002,2025-10-17 22:31:42
11:00:09,6.39,0.0,33,21087,卖盘,000002,2025-10-17 22:31:42
11:00:21,6.39,0.0,3,1917,卖盘,000002,2025-10-17 22:31:42
11:00:24,6.4,0.01,5,3200,买盘,000002,2025-10-17 22:31:42
11:00:27,6.4,0.0,2,1280,买盘,000002,2025-10-17 22:31:42
11:00:30,6.39,-0.01,20,12780,卖盘,000002,2025-10-17 22:31:42
11:00:33,6.39,0.0,57,36424,卖盘,000002,2025-10-17 22:31:42
11:00:36,6.39,0.0,47,30043,卖盘,000002,2025-10-17 22:31:42
11:00:39,6.39,0.0,307,196173,卖盘,000002,2025-10-17 22:31:42
