时间,成交价,价格变动,成交量,成交额,买卖盘性质,股票代码,采集时间
09:25:00,11.5,-0.02,11241,12927150,卖盘,000001,2025-10-17 21:30:22
09:30:00,11.49,-0.01,4754,5466177,卖盘,000001,2025-10-17 21:30:22
09:30:03,11.5,0.01,10498,12076845,买盘,000001,2025-10-17 21:30:22
09:30:06,11.51,0.01,3206,3686446,买盘,000001,2025-10-17 21:30:22
09:30:09,11.51,0.0,332,382014,卖盘,000001,2025-10-17 21:30:22
09:30:12,11.51,0.0,89,102523,卖盘,000001,2025-10-17 21:30:22
09:30:15,11.51,0.0,252,290104,卖盘,000001,2025-10-17 21:30:22
09:30:18,11.51,0.0,965,1109992,买盘,000001,2025-10-17 21:30:22
09:30:21,11.51,0.0,38,43737,买盘,000001,2025-10-17 21:30:22
09:30:24,11.52,0.01,198,227973,买盘,000001,2025-10-17 21:30:22
09:30:27,11.52,0.0,895,1030769,买盘,000001,2025-10-17 21:30:22
09:30:30,11.52,0.0,803,925159,买盘,000001,2025-10-17 21:30:22
09:30:33,11.53,0.01,1049,1209317,买盘,000001,2025-10-17 21:30:22
09:30:36,11.53,0.0,533,614608,买盘,000001,2025-10-17 21:30:22
09:30:39,11.52,-0.01,95,109502,卖盘,000001,2025-10-17 21:30:22
09:30:42,11.54,0.02,251,289441,买盘,000001,2025-10-17 21:30:22
09:30:45,11.53,-0.01,149,171818,卖盘,000001,2025-10-17 21:30:22
09:30:48,11.54,0.01,170,196062,买盘,000001,2025-10-17 21:30:22
09:30:51,11.54,0.0,434,500536,买盘,000001,2025-10-17 21:30:22
09:30:54,11.53,-0.01,460,530768,卖盘,000001,2025-10-17 21:30:22
09:30:57,11.54,0.01,4836,5580746,买盘,000001,2025-10-17 21:30:22
09:31:00,11.55,0.01,387,446892,买盘,000001,2025-10-17 21:30:22
09:31:03,11.55,0.0,1329,1534966,买盘,000001,2025-10-17 21:30:22
09:31:06,11.55,0.0,1189,1373074,买盘,000001,2025-10-17 21:30:22
09:31:09,11.55,0.0,1692,1954353,买盘,000001,2025-10-17 21:30:22
09:31:12,11.56,0.01,221,255345,买盘,000001,2025-10-17 21:30:22
09:31:15,11.55,-0.01,756,873258,卖盘,000001,2025-10-17 21:30:22
09:31:18,11.55,0.0,1894,2187559,买盘,000001,2025-10-17 21:30:22
09:31:21,11.55,0.0,224,258760,卖盘,000001,2025-10-17 21:30:22
09:31:24,11.55,0.0,746,861521,卖盘,000001,2025-10-17 21:30:22
09:31:27,11.55,0.0,501,578831,买盘,000001,2025-10-17 21:30:22
09:31:30,11.55,0.0,1000,1155045,买盘,000001,2025-10-17 21:30:22
09:31:33,11.54,-0.01,567,654370,卖盘,000001,2025-10-17 21:30:22
09:31:36,11.55,0.01,342,394701,买盘,000001,2025-10-17 21:30:22
09:31:39,11.54,-0.01,146,168494,中性盘,000001,2025-10-17 21:30:22
09:31:42,11.54,0.0,182,209974,买盘,000001,2025-10-17 21:30:22
09:31:45,11.52,-0.02,2032,2343026,卖盘,000001,2025-10-17 21:30:22
09:31:48,11.52,0.0,46,53023,卖盘,000001,2025-10-17 21:30:22
09:31:51,11.53,0.01,327,376753,买盘,000001,2025-10-17 21:30:22
09:31:54,11.52,-0.01,864,995415,卖盘,000001,2025-10-17 21:30:22
09:31:57,11.51,-0.01,228,262575,卖盘,000001,2025-10-17 21:30:22
09:32:00,11.51,0.0,220,253368,卖盘,000001,2025-10-17 21:30:22
09:32:03,11.51,0.0,223,256682,卖盘,000001,2025-10-17 21:30:22
09:32:06,11.51,0.0,119,136986,卖盘,000001,2025-10-17 21:30:22
09:32:09,11.5,-0.01,283,325746,卖盘,000001,2025-10-17 21:30:22
09:32:12,11.52,0.02,2921,3362074,买盘,000001,2025-10-17 21:30:22
09:32:15,11.51,-0.01,78,89843,卖盘,000001,2025-10-17 21:30:22
09:32:18,11.51,0.0,118,135834,卖盘,000001,2025-10-17 21:30:22
09:32:21,11.51,0.0,338,389144,卖盘,000001,2025-10-17 21:30:22
09:32:24,11.52,0.01,344,396100,买盘,000001,2025-10-17 21:30:22
09:32:27,11.53,0.01,340,391683,买盘,000001,2025-10-17 21:30:22
09:32:30,11.51,-0.02,132,151979,卖盘,000001,2025-10-17 21:30:22
09:32:33,11.52,0.01,59,67933,中性盘,000001,2025-10-17 21:30:22
09:32:36,11.51,-0.01,13,14963,卖盘,000001,2025-10-17 21:30:22
09:32:39,11.51,0.0,90,103599,卖盘,000001,2025-10-17 21:30:22
09:32:42,11.52,0.01,410,472293,买盘,000001,2025-10-17 21:30:22
09:32:45,11.52,0.0,89,102519,买盘,000001,2025-10-17 21:30:22
09:32:48,11.52,0.0,7,8064,买盘,000001,2025-10-17 21:30:22
09:32:51,11.51,-0.01,115,132385,卖盘,000001,2025-10-17 21:30:22
09:32:54,11.51,0.0,85,97856,卖盘,000001,2025-10-17 21:30:22
09:32:57,11.52,0.01,1416,1629942,买盘,000001,2025-10-17 21:30:22
09:33:00,11.51,-0.01,173,199206,卖盘,000001,2025-10-17 21:30:22
09:33:03,11.52,0.01,23,26496,买盘,000001,2025-10-17 21:30:22
09:33:06,11.51,-0.01,2198,2531872,卖盘,000001,2025-10-17 21:30:22
09:33:09,11.52,0.01,1313,1511573,买盘,000001,2025-10-17 21:30:22
09:33:12,11.52,0.0,104,119798,买盘,000001,2025-10-17 21:30:22
09:33:15,11.51,-0.01,218,250928,卖盘,000001,2025-10-17 21:30:22
09:33:18,11.51,0.0,183,210716,卖盘,000001,2025-10-17 21:30:22
09:33:21,11.51,0.0,387,445189,卖盘,000001,2025-10-17 21:30:22
09:33:24,11.51,0.0,53,61015,卖盘,000001,2025-10-17 21:30:22
09:33:27,11.52,0.01,91,104771,买盘,000001,2025-10-17 21:30:22
09:33:30,11.51,-0.01,141,162312,卖盘,000001,2025-10-17 21:30:22
09:33:33,11.51,0.0,5,5755,卖盘,000001,2025-10-17 21:30:22
09:33:36,11.52,0.01,68,78293,买盘,000001,2025-10-17 21:30:22
09:33:39,11.51,-0.01,172,197989,卖盘,000001,2025-10-17 21:30:22
09:33:42,11.52,0.01,152,174971,买盘,000001,2025-10-17 21:30:22
09:33:45,11.51,-0.01,191,219946,卖盘,000001,2025-10-17 21:30:22
09:33:48,11.51,0.0,62,71372,卖盘,000001,2025-10-17 21:30:22
09:33:51,11.51,0.0,104,119704,卖盘,000001,2025-10-17 21:30:22
09:33:54,11.52,0.01,242,278563,买盘,000001,2025-10-17 21:30:22
09:33:57,11.51,-0.01,636,732036,卖盘,000001,2025-10-17 21:30:22
09:34:00,11.5,-0.01,2178,2504831,卖盘,000001,2025-10-17 21:30:22
09:34:03,11.5,0.0,2484,2856595,卖盘,000001,2025-10-17 21:30:22
09:34:06,11.5,0.0,153,175939,买盘,000001,2025-10-17 21:30:22
09:34:09,11.49,-0.01,85,97698,卖盘,000001,2025-10-17 21:30:22
09:34:12,11.5,0.01,172,197726,买盘,000001,2025-10-17 21:30:22
09:34:15,11.49,-0.01,174,199988,卖盘,000001,2025-10-17 21:30:22
09:34:18,11.5,0.01,456,524302,买盘,000001,2025-10-17 21:30:22
09:34:21,11.5,0.0,67,77048,买盘,000001,2025-10-17 21:30:22
09:34:24,11.49,-0.01,4979,5719334,卖盘,000001,2025-10-17 21:30:22
09:34:27,11.49,0.0,1040,1194125,买盘,000001,2025-10-17 21:30:22
09:34:30,11.49,0.0,18,20682,买盘,000001,2025-10-17 21:30:22
09:34:33,11.49,0.0,512,587901,买盘,000001,2025-10-17 21:30:22
09:34:36,11.49,0.0,17,19533,买盘,000001,2025-10-17 21:30:22
09:34:39,11.48,-0.01,643,738253,卖盘,000001,2025-10-17 21:30:22
09:34:42,11.48,0.0,101,116006,卖盘,000001,2025-10-17 21:30:22
09:34:45,11.49,0.01,1392,1599408,买盘,000001,2025-10-17 21:30:22
09:34:48,11.49,0.0,192,220554,卖盘,000001,2025-10-17 21:30:22
09:34:51,11.49,0.0,1044,1199389,买盘,000001,2025-10-17 21:30:22
09:34:54,11.49,0.0,145,166601,买盘,000001,2025-10-17 21:30:22
09:34:57,11.48,-0.01,285,327339,卖盘,000001,2025-10-17 21:30:22
09:35:00,11.5,0.02,129,148238,买盘,000001,2025-10-17 21:30:22
09:35:03,11.5,0.0,1025,1178628,买盘,000001,2025-10-17 21:30:22
09:35:06,11.49,-0.01,213,244909,卖盘,000001,2025-10-17 21:30:22
09:35:09,11.5,0.01,29,33343,中性盘,000001,2025-10-17 21:30:22
09:35:12,11.49,-0.01,102,117246,卖盘,000001,2025-10-17 21:30:22
09:35:15,11.49,0.0,4,4596,卖盘,000001,2025-10-17 21:30:22
09:35:18,11.49,0.0,39,44820,卖盘,000001,2025-10-17 21:30:22
09:35:21,11.49,0.0,68,78158,卖盘,000001,2025-10-17 21:30:22
09:35:24,11.5,0.01,39,44839,买盘,000001,2025-10-17 21:30:22
09:35:27,11.49,-0.01,3,3447,卖盘,000001,2025-10-17 21:30:22
09:35:30,11.49,0.0,676,776842,卖盘,000001,2025-10-17 21:30:22
09:35:33,11.5,0.01,54,62100,买盘,000001,2025-10-17 21:30:22
09:35:36,11.5,0.0,729,837885,买盘,000001,2025-10-17 21:30:22
09:35:39,11.5,0.0,153,175940,买盘,000001,2025-10-17 21:30:22
09:35:42,11.49,-0.01,871,1000779,卖盘,000001,2025-10-17 21:30:22
09:35:45,11.5,0.01,288,331171,买盘,000001,2025-10-17 21:30:22
09:35:48,11.51,0.01,4275,4916652,买盘,000001,2025-10-17 21:30:22
09:35:51,11.49,-0.02,951,1092820,卖盘,000001,2025-10-17 21:30:22
09:35:54,11.51,0.02,23,26466,买盘,000001,2025-10-17 21:30:22
09:35:57,11.51,0.0,6,6906,买盘,000001,2025-10-17 21:30:22
09:36:00,11.51,0.0,1,1151,买盘,000001,2025-10-17 21:30:22
09:36:03,11.51,0.0,184,211769,买盘,000001,2025-10-17 21:30:22
09:36:06,11.5,-0.01,4,4603,卖盘,000001,2025-10-17 21:30:22
09:36:09,11.51,0.01,39,44889,买盘,000001,2025-10-17 21:30:22
09:36:12,11.51,0.0,462,531742,买盘,000001,2025-10-17 21:30:22
09:36:15,11.51,0.0,121,139271,买盘,000001,2025-10-17 21:30:22
09:36:18,11.51,0.0,166,191066,买盘,000001,2025-10-17 21:30:22
09:36:21,11.51,0.0,38,43743,买盘,000001,2025-10-17 21:30:22
09:36:24,11.52,0.01,30,34551,买盘,000001,2025-10-17 21:30:22
09:36:27,11.52,0.0,21,24174,买盘,000001,2025-10-17 21:30:22
09:36:30,11.51,-0.01,86,99026,卖盘,000001,2025-10-17 21:30:22
09:36:33,11.51,0.0,252,290052,卖盘,000001,2025-10-17 21:30:22
09:36:36,11.51,0.0,59,67908,买盘,000001,2025-10-17 21:30:22
09:36:39,11.5,-0.01,254,292322,卖盘,000001,2025-10-17 21:30:22
09:36:42,11.51,0.01,15,17265,买盘,000001,2025-10-17 21:30:22
09:36:45,11.5,-0.01,113,130028,卖盘,000001,2025-10-17 21:30:22
09:36:48,11.51,0.01,45,51753,买盘,000001,2025-10-17 21:30:22
09:36:51,11.51,0.0,280,322245,买盘,000001,2025-10-17 21:30:22
09:36:54,11.52,0.01,329,378683,买盘,000001,2025-10-17 21:30:22
09:36:57,11.52,0.0,80,92125,买盘,000001,2025-10-17 21:30:22
09:37:00,11.52,0.0,89,102492,买盘,000001,2025-10-17 21:30:22
09:37:03,11.52,0.0,121,139387,买盘,000001,2025-10-17 21:30:22
09:37:06,11.52,0.0,248,285696,买盘,000001,2025-10-17 21:30:22
09:37:09,11.52,0.0,1292,1488384,买盘,000001,2025-10-17 21:30:22
09:37:12,11.52,0.0,250,287889,买盘,000001,2025-10-17 21:30:22
09:37:15,11.52,0.0,39,44900,买盘,000001,2025-10-17 21:30:22
09:37:18,11.51,-0.01,495,569775,卖盘,000001,2025-10-17 21:30:22
09:37:21,11.52,0.01,65,74867,买盘,000001,2025-10-17 21:30:22
09:37:24,11.51,-0.01,110,126626,卖盘,000001,2025-10-17 21:30:22
09:37:27,11.52,0.01,273,314236,买盘,000001,2025-10-17 21:30:22
09:37:30,11.52,0.0,21,24188,买盘,000001,2025-10-17 21:30:22
09:37:33,11.52,0.0,116,133631,买盘,000001,2025-10-17 21:30:22
09:37:36,11.52,0.0,12,13824,买盘,000001,2025-10-17 21:30:22
09:37:39,11.52,0.0,115,132368,买盘,000001,2025-10-17 21:30:22
09:37:42,11.52,0.0,37,42624,买盘,000001,2025-10-17 21:30:22
09:37:45,11.52,0.0,119,137062,买盘,000001,2025-10-17 21:30:22
09:37:48,11.51,-0.01,57,65637,卖盘,000001,2025-10-17 21:30:22
09:37:51,11.52,0.01,12,13824,买盘,000001,2025-10-17 21:30:22
09:37:54,11.52,0.0,821,945488,买盘,000001,2025-10-17 21:30:22
09:37:57,11.51,-0.01,802,923124,卖盘,000001,2025-10-17 21:30:22
09:38:00,11.52,0.01,61,70242,买盘,000001,2025-10-17 21:30:22
09:38:03,11.51,-0.01,1385,1595909,卖盘,000001,2025-10-17 21:30:22
09:38:06,11.53,0.02,85,97935,买盘,000001,2025-10-17 21:30:22
09:38:09,11.53,0.0,50,57613,买盘,000001,2025-10-17 21:30:22
09:38:12,11.53,0.0,82,94546,买盘,000001,2025-10-17 21:30:22
09:38:15,11.53,0.0,223,257051,买盘,000001,2025-10-17 21:30:22
09:38:18,11.53,0.0,730,841707,买盘,000001,2025-10-17 21:30:22
09:38:21,11.52,-0.01,97,111795,卖盘,000001,2025-10-17 21:30:22
09:38:24,11.54,0.02,127,146514,买盘,000001,2025-10-17 21:30:22
09:38:27,11.54,0.0,136,156813,买盘,000001,2025-10-17 21:30:22
09:38:30,11.53,-0.01,77,88791,卖盘,000001,2025-10-17 21:30:22
09:38:33,11.53,0.0,187,215672,卖盘,000001,2025-10-17 21:30:22
09:38:36,11.53,0.0,1,1153,卖盘,000001,2025-10-17 21:30:22
09:38:39,11.53,0.0,187,215631,卖盘,000001,2025-10-17 21:30:22
09:38:42,11.54,0.01,13,15002,买盘,000001,2025-10-17 21:30:22
09:38:45,11.53,-0.01,369,425608,卖盘,000001,2025-10-17 21:30:22
09:38:48,11.52,-0.01,89,102638,卖盘,000001,2025-10-17 21:30:22
09:38:51,11.53,0.01,627,722345,卖盘,000001,2025-10-17 21:30:22
09:38:54,11.53,0.0,118,135964,买盘,000001,2025-10-17 21:30:22
09:38:57,11.53,0.0,131,151043,买盘,000001,2025-10-17 21:30:22
09:39:00,11.53,0.0,24,27672,买盘,000001,2025-10-17 21:30:22
09:39:03,11.53,0.0,90,103750,买盘,000001,2025-10-17 21:30:22
09:39:06,11.53,0.0,272,313596,买盘,000001,2025-10-17 21:30:22
09:39:09,11.53,0.0,152,175225,买盘,000001,2025-10-17 21:30:22
09:39:12,11.53,0.0,64,73792,买盘,000001,2025-10-17 21:30:22
09:39:15,11.53,0.0,757,872786,买盘,000001,2025-10-17 21:30:22
09:39:18,11.53,0.0,270,311307,买盘,000001,2025-10-17 21:30:22
09:39:21,11.53,0.0,177,204086,买盘,000001,2025-10-17 21:30:22
09:39:24,11.53,0.0,76,87628,卖盘,000001,2025-10-17 21:30:22
09:39:27,11.53,0.0,259,298627,卖盘,000001,2025-10-17 21:30:22
09:39:30,11.54,0.01,175,201950,买盘,000001,2025-10-17 21:30:22
09:39:33,11.54,0.0,125,144233,买盘,000001,2025-10-17 21:30:22
09:39:36,11.54,0.0,129,148861,买盘,000001,2025-10-17 21:30:22
09:39:39,11.54,0.0,177,204241,买盘,000001,2025-10-17 21:30:22
09:39:42,11.54,0.0,88,101502,买盘,000001,2025-10-17 21:30:22
09:39:45,11.54,0.0,339,391206,买盘,000001,2025-10-17 21:30:22
09:39:51,11.53,-0.01,103,118824,卖盘,000001,2025-10-17 21:30:22
09:39:54,11.54,0.01,66,76129,买盘,000001,2025-10-17 21:30:22
09:39:57,11.54,0.0,149,171946,买盘,000001,2025-10-17 21:30:22
09:40:00,11.54,0.0,167,192706,买盘,000001,2025-10-17 21:30:22
09:40:03,11.54,0.0,24,27674,买盘,000001,2025-10-17 21:30:22
09:40:06,11.54,0.0,94,108387,买盘,000001,2025-10-17 21:30:22
09:40:09,11.54,0.0,110,126887,买盘,000001,2025-10-17 21:30:22
09:40:12,11.53,-0.01,2368,2730305,卖盘,000001,2025-10-17 21:30:22
09:40:15,11.52,-0.01,229,263847,卖盘,000001,2025-10-17 21:30:22
09:40:18,11.53,0.01,139,160267,买盘,000001,2025-10-17 21:30:22
09:40:21,11.53,0.0,808,931652,买盘,000001,2025-10-17 21:30:22
09:40:24,11.54,0.01,250,288300,买盘,000001,2025-10-17 21:30:22
09:40:27,11.54,0.0,217,250363,买盘,000001,2025-10-17 21:30:22
09:40:30,11.53,-0.01,191,220350,卖盘,000001,2025-10-17 21:30:22
09:40:33,11.53,0.0,144,166074,卖盘,000001,2025-10-17 21:30:22
09:40:36,11.54,0.01,2297,2650270,买盘,000001,2025-10-17 21:30:22
09:40:39,11.54,0.0,37,42698,买盘,000001,2025-10-17 21:30:22
09:40:42,11.54,0.0,105,121186,卖盘,000001,2025-10-17 21:30:22
09:40:45,11.54,0.0,109,125839,卖盘,000001,2025-10-17 21:30:22
09:40:48,11.54,0.0,234,270094,卖盘,000001,2025-10-17 21:30:22
09:40:51,11.54,0.0,30,34626,卖盘,000001,2025-10-17 21:30:22
09:40:54,11.55,0.01,145,167364,买盘,000001,2025-10-17 21:30:22
09:40:57,11.54,-0.01,232,267764,卖盘,000001,2025-10-17 21:30:22
09:41:00,11.54,0.0,214,247106,卖盘,000001,2025-10-17 21:30:22
09:41:03,11.55,0.01,20,23100,买盘,000001,2025-10-17 21:30:22
09:41:06,11.54,-0.01,284,327963,卖盘,000001,2025-10-17 21:30:22
09:41:09,11.55,0.01,618,713779,买盘,000001,2025-10-17 21:30:22
09:41:12,11.55,0.0,1059,1223037,买盘,000001,2025-10-17 21:30:22
09:41:15,11.55,0.0,1862,2150616,买盘,000001,2025-10-17 21:30:22
09:41:18,11.56,0.01,399,460870,买盘,000001,2025-10-17 21:30:22
09:41:21,11.55,-0.01,92,106260,卖盘,000001,2025-10-17 21:30:22
09:41:24,11.56,0.01,155,179165,买盘,000001,2025-10-17 21:30:22
09:41:27,11.56,0.0,110,127160,买盘,000001,2025-10-17 21:30:22
09:41:30,11.55,-0.01,215,248375,卖盘,000001,2025-10-17 21:30:22
09:41:33,11.55,0.0,24,27732,卖盘,000001,2025-10-17 21:30:22
09:41:36,11.55,0.0,1080,1247543,卖盘,000001,2025-10-17 21:30:22
09:41:39,11.56,0.01,435,502472,买盘,000001,2025-10-17 21:30:22
09:41:42,11.56,0.0,83,95888,买盘,000001,2025-10-17 21:30:22
09:41:45,11.55,-0.01,114,131711,卖盘,000001,2025-10-17 21:30:22
09:41:48,11.55,0.0,210,242618,卖盘,000001,2025-10-17 21:30:22
09:41:51,11.56,0.01,329,380043,买盘,000001,2025-10-17 21:30:22
09:41:54,11.56,0.0,155,179179,买盘,000001,2025-10-17 21:30:22
09:41:57,11.56,0.0,100,115521,买盘,000001,2025-10-17 21:30:22
09:42:00,11.56,0.0,565,652814,买盘,000001,2025-10-17 21:30:22
09:42:03,11.56,0.0,66,76296,买盘,000001,2025-10-17 21:30:22
09:42:06,11.56,0.0,123,142116,买盘,000001,2025-10-17 21:30:22
09:42:09,11.55,-0.01,3042,3516530,卖盘,000001,2025-10-17 21:30:22
09:42:12,11.56,0.01,125,144472,买盘,000001,2025-10-17 21:30:22
09:42:15,11.56,0.0,415,479528,买盘,000001,2025-10-17 21:30:22
09:42:18,11.57,0.01,112,129481,买盘,000001,2025-10-17 21:30:22
09:42:21,11.56,-0.01,413,477403,买盘,000001,2025-10-17 21:30:22
09:42:24,11.56,0.0,164,189570,买盘,000001,2025-10-17 21:30:22
09:42:27,11.56,0.0,161,186067,买盘,000001,2025-10-17 21:30:22
09:42:30,11.55,-0.01,35,40458,卖盘,000001,2025-10-17 21:30:22
09:42:33,11.56,0.01,119,137514,买盘,000001,2025-10-17 21:30:22
09:42:36,11.56,0.0,508,587228,买盘,000001,2025-10-17 21:30:22
09:42:39,11.56,0.0,88,101726,买盘,000001,2025-10-17 21:30:22
09:42:42,11.56,0.0,874,1010353,买盘,000001,2025-10-17 21:30:22
09:42:45,11.56,0.0,151,174556,买盘,000001,2025-10-17 21:30:22
09:42:48,11.56,0.0,272,314374,买盘,000001,2025-10-17 21:30:22
09:42:51,11.56,0.0,291,336396,买盘,000001,2025-10-17 21:30:22
09:42:54,11.55,-0.01,711,821706,卖盘,000001,2025-10-17 21:30:22
09:42:57,11.55,0.0,176,203355,卖盘,000001,2025-10-17 21:30:22
09:43:00,11.56,0.01,108,124810,买盘,000001,2025-10-17 21:30:22
09:43:03,11.56,0.0,100,115545,买盘,000001,2025-10-17 21:30:22
09:43:06,11.56,0.0,141,162986,买盘,000001,2025-10-17 21:30:22
09:43:09,11.56,0.0,207,239273,买盘,000001,2025-10-17 21:30:22
09:43:12,11.56,0.0,432,499142,买盘,000001,2025-10-17 21:30:22
09:43:15,11.56,0.0,474,547892,买盘,000001,2025-10-17 21:30:22
09:43:18,11.56,0.0,1515,1751340,买盘,000001,2025-10-17 21:30:22
09:43:21,11.57,0.01,105,121480,买盘,000001,2025-10-17 21:30:22
09:43:24,11.57,0.0,89,102953,买盘,000001,2025-10-17 21:30:22
09:43:27,11.57,0.0,238,275251,买盘,000001,2025-10-17 21:30:22
09:43:30,11.56,-0.01,328,379366,卖盘,000001,2025-10-17 21:30:22
09:43:33,11.56,0.0,52,60158,卖盘,000001,2025-10-17 21:30:22
09:43:36,11.57,0.01,77,89087,买盘,000001,2025-10-17 21:30:22
09:43:39,11.57,0.0,356,411672,买盘,000001,2025-10-17 21:30:22
09:43:42,11.57,0.0,628,726531,买盘,000001,2025-10-17 21:30:22
09:43:45,11.56,-0.01,787,910530,卖盘,000001,2025-10-17 21:30:22
09:43:48,11.56,0.0,101,116856,卖盘,000001,2025-10-17 21:30:22
09:43:51,11.57,0.01,166,191996,买盘,000001,2025-10-17 21:30:22
09:43:54,11.56,-0.01,142,164201,卖盘,000001,2025-10-17 21:30:22
09:43:57,11.57,0.01,530,612892,买盘,000001,2025-10-17 21:30:22
09:44:00,11.56,-0.01,649,750848,卖盘,000001,2025-10-17 21:30:22
09:44:03,11.56,0.0,310,358624,卖盘,000001,2025-10-17 21:30:22
09:44:06,11.57,0.01,1114,1288896,买盘,000001,2025-10-17 21:30:22
09:44:09,11.57,0.0,108,124945,买盘,000001,2025-10-17 21:30:22
09:44:12,11.57,0.0,125,144625,买盘,000001,2025-10-17 21:30:22
09:44:15,11.57,0.0,105,121447,买盘,000001,2025-10-17 21:30:22
09:44:18,11.56,-0.01,199,230186,卖盘,000001,2025-10-17 21:30:22
09:44:21,11.57,0.01,288,333216,买盘,000001,2025-10-17 21:30:22
09:44:24,11.57,0.0,337,389907,买盘,000001,2025-10-17 21:30:22
09:44:27,11.57,0.0,119,137683,买盘,000001,2025-10-17 21:30:22
09:44:30,11.57,0.0,2280,2638346,买盘,000001,2025-10-17 21:30:22
09:44:33,11.57,0.0,332,384138,卖盘,000001,2025-10-17 21:30:22
09:44:36,11.58,0.01,111,128457,买盘,000001,2025-10-17 21:30:22
09:44:39,11.57,-0.01,549,635327,卖盘,000001,2025-10-17 21:30:22
09:44:42,11.58,0.01,757,876583,买盘,000001,2025-10-17 21:30:22
09:44:45,11.57,-0.01,37,42836,卖盘,000001,2025-10-17 21:30:22
09:44:48,11.57,0.0,82,94939,卖盘,000001,2025-10-17 21:30:22
09:44:51,11.58,0.01,1063,1230697,买盘,000001,2025-10-17 21:30:22
09:44:54,11.58,0.0,356,412243,买盘,000001,2025-10-17 21:30:22
09:44:57,11.58,0.0,350,405295,买盘,000001,2025-10-17 21:30:22
09:45:00,11.58,0.0,177,204870,买盘,000001,2025-10-17 21:30:22
09:45:03,11.58,0.0,167,193361,买盘,000001,2025-10-17 21:30:22
09:45:06,11.58,0.0,306,354248,买盘,000001,2025-10-17 21:30:22
09:45:09,11.58,0.0,953,1103497,买盘,000001,2025-10-17 21:30:22
09:45:12,11.58,0.0,559,647322,买盘,000001,2025-10-17 21:30:22
09:45:15,11.58,0.0,503,582444,买盘,000001,2025-10-17 21:30:22
09:45:18,11.58,0.0,603,698273,买盘,000001,2025-10-17 21:30:22
09:45:21,11.58,0.0,196,226928,买盘,000001,2025-10-17 21:30:22
09:45:24,11.58,0.0,118,136639,买盘,000001,2025-10-17 21:30:22
09:45:27,11.58,0.0,135,156328,买盘,000001,2025-10-17 21:30:22
09:45:30,11.58,0.0,226,261655,买盘,000001,2025-10-17 21:30:22
09:45:33,11.57,-0.01,400,463140,卖盘,000001,2025-10-17 21:30:22
09:45:36,11.57,0.0,100,115770,卖盘,000001,2025-10-17 21:30:22
09:45:39,11.58,0.01,221,255912,买盘,000001,2025-10-17 21:30:22
09:45:42,11.58,0.0,534,618364,买盘,000001,2025-10-17 21:30:22
09:45:45,11.58,0.0,202,233911,买盘,000001,2025-10-17 21:30:22
09:45:48,11.58,0.0,63,72944,买盘,000001,2025-10-17 21:30:22
09:45:51,11.57,-0.01,163,188721,卖盘,000001,2025-10-17 21:30:22
09:45:54,11.57,0.0,134,155132,卖盘,000001,2025-10-17 21:30:22
09:45:57,11.58,0.01,90,104182,买盘,000001,2025-10-17 21:30:22
09:46:00,11.58,0.0,209,242015,买盘,000001,2025-10-17 21:30:22
09:46:03,11.58,0.0,163,188754,买盘,000001,2025-10-17 21:30:22
09:46:06,11.57,-0.01,911,1054583,卖盘,000001,2025-10-17 21:30:22
09:46:09,11.57,0.0,993,1149866,卖盘,000001,2025-10-17 21:30:22
09:46:12,11.57,0.0,180,208415,卖盘,000001,2025-10-17 21:30:22
09:46:15,11.58,0.01,154,178273,买盘,000001,2025-10-17 21:30:22
09:46:18,11.58,0.0,572,662343,买盘,000001,2025-10-17 21:30:22
09:46:21,11.58,0.0,1062,1229760,买盘,000001,2025-10-17 21:30:22
09:46:24,11.57,-0.01,107,123904,卖盘,000001,2025-10-17 21:30:22
09:46:27,11.58,0.01,448,518719,买盘,000001,2025-10-17 21:30:22
09:46:30,11.57,-0.01,474,548859,卖盘,000001,2025-10-17 21:30:22
09:46:33,11.58,0.01,1369,1584083,买盘,000001,2025-10-17 21:30:22
09:46:36,11.57,-0.01,109,126217,卖盘,000001,2025-10-17 21:30:22
09:46:39,11.57,0.0,442,511558,卖盘,000001,2025-10-17 21:30:22
09:46:42,11.57,0.0,1380,1597729,卖盘,000001,2025-10-17 21:30:22
09:46:45,11.58,0.01,115,133132,买盘,000001,2025-10-17 21:30:22
09:46:48,11.57,-0.01,7314,8461975,卖盘,000001,2025-10-17 21:30:22
09:46:51,11.57,0.0,116,134212,买盘,000001,2025-10-17 21:30:22
09:46:54,11.57,0.0,69,79833,买盘,000001,2025-10-17 21:30:22
09:46:57,11.57,0.0,56,64787,买盘,000001,2025-10-17 21:30:22
09:47:00,11.57,0.0,178,205836,买盘,000001,2025-10-17 21:30:22
09:47:03,11.57,0.0,5,5785,买盘,000001,2025-10-17 21:30:22
09:47:06,11.56,-0.01,143,165378,卖盘,000001,2025-10-17 21:30:22
09:47:09,11.56,0.0,774,895441,卖盘,000001,2025-10-17 21:30:22
09:47:12,11.56,0.0,163,188432,卖盘,000001,2025-10-17 21:30:22
09:47:15,11.56,0.0,55,63619,卖盘,000001,2025-10-17 21:30:22
09:47:18,11.57,0.01,170,196552,买盘,000001,2025-10-17 21:30:22
09:47:21,11.56,-0.01,310,358380,卖盘,000001,2025-10-17 21:30:22
09:47:24,11.56,0.0,4411,5099116,卖盘,000001,2025-10-17 21:30:22
09:47:27,11.56,0.0,55,63568,买盘,000001,2025-10-17 21:30:22
09:47:30,11.55,-0.01,165,190670,卖盘,000001,2025-10-17 21:30:22
09:47:33,11.56,0.01,118,136305,买盘,000001,2025-10-17 21:30:22
09:47:36,11.56,0.0,90,104002,买盘,000001,2025-10-17 21:30:22
09:47:39,11.55,-0.01,76,87797,卖盘,000001,2025-10-17 21:30:22
09:47:42,11.55,0.0,636,735092,卖盘,000001,2025-10-17 21:30:22
09:47:45,11.56,0.01,466,538277,买盘,000001,2025-10-17 21:30:22
09:47:48,11.55,-0.01,316,365216,卖盘,000001,2025-10-17 21:30:22
09:47:51,11.55,0.0,157,181335,卖盘,000001,2025-10-17 21:30:22
09:47:54,11.55,0.0,43,49693,卖盘,000001,2025-10-17 21:30:22
09:47:57,11.55,0.0,245,283123,卖盘,000001,2025-10-17 21:30:22
09:48:00,11.55,0.0,126,145620,卖盘,000001,2025-10-17 21:30:22
09:48:03,11.56,0.01,337,389494,买盘,000001,2025-10-17 21:30:22
09:48:06,11.55,-0.01,281,324732,卖盘,000001,2025-10-17 21:30:22
09:48:09,11.55,0.0,63,72801,卖盘,000001,2025-10-17 21:30:22
09:48:12,11.56,0.01,164,189479,买盘,000001,2025-10-17 21:30:22
09:48:15,11.55,-0.01,89,102851,卖盘,000001,2025-10-17 21:30:22
09:48:18,11.56,0.01,90,104021,买盘,000001,2025-10-17 21:30:22
09:48:21,11.56,0.0,97,112062,买盘,000001,2025-10-17 21:30:22
09:48:24,11.56,0.0,3252,3759354,买盘,000001,2025-10-17 21:30:22
09:48:27,11.56,0.0,146,168814,卖盘,000001,2025-10-17 21:30:22
09:48:30,11.56,0.0,236,272825,卖盘,000001,2025-10-17 21:30:22
09:48:33,11.56,0.0,94,108717,卖盘,000001,2025-10-17 21:30:22
09:48:36,11.56,0.0,32,37015,卖盘,000001,2025-10-17 21:30:22
09:48:39,11.56,0.0,855,988399,卖盘,000001,2025-10-17 21:30:22
09:48:42,11.56,0.0,134,154904,买盘,000001,2025-10-17 21:30:22
09:48:45,11.56,0.0,2055,2375580,买盘,000001,2025-10-17 21:30:22
09:48:48,11.56,0.0,39,45084,买盘,000001,2025-10-17 21:30:22
09:48:51,11.56,0.0,145,167620,买盘,000001,2025-10-17 21:30:22
09:48:54,11.56,0.0,113,130553,买盘,000001,2025-10-17 21:30:22
09:48:57,11.56,0.0,229,264627,买盘,000001,2025-10-17 21:30:22
09:49:00,11.55,-0.01,288,332689,卖盘,000001,2025-10-17 21:30:22
09:49:03,11.56,0.01,48,55480,买盘,000001,2025-10-17 21:30:22
09:49:06,11.56,0.0,57,65891,买盘,000001,2025-10-17 21:30:22
09:49:09,11.55,-0.01,172,198724,卖盘,000001,2025-10-17 21:30:22
09:49:12,11.56,0.01,152,175668,买盘,000001,2025-10-17 21:30:22
09:49:15,11.56,0.0,89,102874,买盘,000001,2025-10-17 21:30:22
09:49:18,11.55,-0.01,431,498207,卖盘,000001,2025-10-17 21:30:22
09:49:21,11.55,0.0,91,105144,卖盘,000001,2025-10-17 21:30:22
09:49:24,11.56,0.01,31,35836,买盘,000001,2025-10-17 21:30:22
09:49:27,11.55,-0.01,114,131706,卖盘,000001,2025-10-17 21:30:22
09:49:30,11.56,0.01,112,129455,买盘,000001,2025-10-17 21:30:22
09:49:33,11.55,-0.01,309,357200,卖盘,000001,2025-10-17 21:30:22
09:49:36,11.55,0.0,111,128240,卖盘,000001,2025-10-17 21:30:22
09:49:39,11.55,0.0,201,232302,卖盘,000001,2025-10-17 21:30:22
09:49:42,11.55,0.0,38,43892,卖盘,000001,2025-10-17 21:30:22
09:49:45,11.55,0.0,135,156052,卖盘,000001,2025-10-17 21:30:22
09:49:48,11.56,0.01,1239,1432282,买盘,000001,2025-10-17 21:30:22
09:49:51,11.55,-0.01,171,197644,卖盘,000001,2025-10-17 21:30:22
09:49:54,11.56,0.01,116,134001,买盘,000001,2025-10-17 21:30:22
09:49:57,11.55,-0.01,172,198830,卖盘,000001,2025-10-17 21:30:22
09:50:00,11.56,0.01,605,699380,买盘,000001,2025-10-17 21:30:22
09:50:03,11.55,-0.01,518,598650,卖盘,000001,2025-10-17 21:30:22
09:50:06,11.57,0.02,1978,2286520,买盘,000001,2025-10-17 21:30:22
09:50:09,11.57,0.0,323,373553,买盘,000001,2025-10-17 21:30:22
09:50:12,11.57,0.0,336,388620,买盘,000001,2025-10-17 21:30:22
09:50:15,11.56,-0.01,717,829140,卖盘,000001,2025-10-17 21:30:22
09:50:18,11.56,0.0,232,268257,卖盘,000001,2025-10-17 21:30:22
09:50:21,11.56,0.0,123,142206,卖盘,000001,2025-10-17 21:30:22
09:50:24,11.57,0.01,94,108680,买盘,000001,2025-10-17 21:30:22
09:50:27,11.57,0.0,69,79817,买盘,000001,2025-10-17 21:30:22
09:50:30,11.57,0.0,316,365563,买盘,000001,2025-10-17 21:30:22
09:50:33,11.57,0.0,508,587751,买盘,000001,2025-10-17 21:30:22
09:50:36,11.57,0.0,169,194963,买盘,000001,2025-10-17 21:30:22
09:50:39,11.56,-0.01,262,302979,卖盘,000001,2025-10-17 21:30:22
09:50:42,11.57,0.01,635,734586,买盘,000001,2025-10-17 21:30:22
09:50:45,11.56,-0.01,2670,3089298,卖盘,000001,2025-10-17 21:30:22
09:50:48,11.58,0.02,85,98380,买盘,000001,2025-10-17 21:30:22
09:50:51,11.57,-0.01,1071,1239147,卖盘,000001,2025-10-17 21:30:22
09:50:54,11.57,0.0,153,177068,卖盘,000001,2025-10-17 21:30:22
09:50:57,11.57,0.0,49,56710,卖盘,000001,2025-10-17 21:30:22
09:51:00,11.57,0.0,225,260340,卖盘,000001,2025-10-17 21:30:22
09:51:03,11.57,0.0,53,61329,中性盘,000001,2025-10-17 21:30:22
09:51:06,11.57,0.0,199,230243,买盘,000001,2025-10-17 21:30:22
09:51:09,11.57,0.0,200,231552,卖盘,000001,2025-10-17 21:30:22
09:51:12,11.57,0.0,83,96071,卖盘,000001,2025-10-17 21:30:22
09:51:15,11.58,0.01,117,135429,买盘,000001,2025-10-17 21:30:22
09:51:18,11.57,-0.01,208,240654,卖盘,000001,2025-10-17 21:30:22
09:51:21,11.56,-0.01,153,176982,卖盘,000001,2025-10-17 21:30:22
09:51:24,11.57,0.01,341,394537,买盘,000001,2025-10-17 21:30:22
09:51:27,11.57,0.0,622,719654,买盘,000001,2025-10-17 21:30:22
09:51:30,11.57,0.0,76,87924,买盘,000001,2025-10-17 21:30:22
09:51:33,11.57,0.0,96,111065,买盘,000001,2025-10-17 21:30:22
09:51:36,11.56,-0.01,41,47436,卖盘,000001,2025-10-17 21:30:22
09:51:39,11.57,0.01,5,5785,买盘,000001,2025-10-17 21:30:22
09:51:42,11.57,0.0,272,314529,买盘,000001,2025-10-17 21:30:22
09:51:45,11.56,-0.01,15,17350,卖盘,000001,2025-10-17 21:30:22
09:51:48,11.56,0.0,206,238207,卖盘,000001,2025-10-17 21:30:22
09:51:51,11.56,0.0,7,8092,卖盘,000001,2025-10-17 21:30:22
09:51:54,11.57,0.01,584,675673,买盘,000001,2025-10-17 21:30:22
09:51:57,11.56,-0.01,42,48557,卖盘,000001,2025-10-17 21:30:22
09:52:00,11.57,0.01,37,42796,买盘,000001,2025-10-17 21:30:22
09:52:03,11.57,0.0,67,77519,买盘,000001,2025-10-17 21:30:22
09:52:06,11.57,0.0,906,1047850,买盘,000001,2025-10-17 21:30:22
09:52:09,11.57,0.0,403,466251,买盘,000001,2025-10-17 21:30:22
09:52:12,11.57,0.0,60,69418,买盘,000001,2025-10-17 21:30:22
09:52:15,11.56,-0.01,33,38148,卖盘,000001,2025-10-17 21:30:22
09:52:18,11.57,0.01,179,207095,买盘,000001,2025-10-17 21:30:22
09:52:21,11.57,0.0,61,70577,买盘,000001,2025-10-17 21:30:22
09:52:24,11.56,-0.01,2099,2426974,卖盘,000001,2025-10-17 21:30:22
09:52:27,11.56,0.0,564,652493,买盘,000001,2025-10-17 21:30:22
09:52:30,11.55,-0.01,399,461289,卖盘,000001,2025-10-17 21:30:22
09:52:33,11.55,0.0,78,90165,卖盘,000001,2025-10-17 21:30:22
09:52:36,11.56,0.01,35,40456,买盘,000001,2025-10-17 21:30:22
09:52:39,11.55,-0.01,676,781432,卖盘,000001,2025-10-17 21:30:22
09:52:42,11.56,0.01,113,130551,买盘,000001,2025-10-17 21:30:22
09:52:45,11.56,0.0,48,55473,买盘,000001,2025-10-17 21:30:22
09:52:48,11.56,0.0,236,272811,买盘,000001,2025-10-17 21:30:22
09:52:51,11.55,-0.01,6308,7285725,卖盘,000001,2025-10-17 21:30:22
09:52:54,11.55,0.0,268,309482,买盘,000001,2025-10-17 21:30:22
09:52:57,11.55,0.0,633,730993,买盘,000001,2025-10-17 21:30:22
09:53:00,11.55,0.0,126,145514,买盘,000001,2025-10-17 21:30:22
09:53:03,11.55,0.0,241,278319,买盘,000001,2025-10-17 21:30:22
09:53:06,11.54,-0.01,866,999441,卖盘,000001,2025-10-17 21:30:22
09:53:09,11.54,0.0,1725,1990663,卖盘,000001,2025-10-17 21:30:22
09:53:12,11.54,0.0,969,1118226,卖盘,000001,2025-10-17 21:30:22
09:53:15,11.54,0.0,244,281387,买盘,000001,2025-10-17 21:30:22
09:53:18,11.53,-0.01,124,143030,卖盘,000001,2025-10-17 21:30:22
09:53:21,11.53,0.0,98,112994,卖盘,000001,2025-10-17 21:30:22
09:53:24,11.53,0.0,583,672271,卖盘,000001,2025-10-17 21:30:22
09:53:27,11.53,0.0,2355,2715176,卖盘,000001,2025-10-17 21:30:22
09:53:30,11.52,-0.01,225,259269,卖盘,000001,2025-10-17 21:30:22
09:53:33,11.53,0.01,845,973925,买盘,000001,2025-10-17 21:30:22
09:53:36,11.53,0.0,786,906131,买盘,000001,2025-10-17 21:30:22
09:53:39,11.53,0.0,756,870977,买盘,000001,2025-10-17 21:30:22
09:53:42,11.53,0.0,324,373397,买盘,000001,2025-10-17 21:30:22
09:53:45,11.53,0.0,70,80720,买盘,000001,2025-10-17 21:30:22
09:53:48,11.53,0.0,273,314750,中性盘,000001,2025-10-17 21:30:22
09:53:51,11.53,0.0,188,216756,中性盘,000001,2025-10-17 21:30:22
09:53:54,11.53,0.0,1024,1181684,卖盘,000001,2025-10-17 21:30:22
09:53:57,11.54,0.01,1096,1264784,买盘,000001,2025-10-17 21:30:22
09:54:00,11.55,0.01,179,206533,买盘,000001,2025-10-17 21:30:22
09:54:03,11.54,-0.01,107,123439,卖盘,000001,2025-10-17 21:30:22
09:54:06,11.53,-0.01,99,114157,卖盘,000001,2025-10-17 21:30:22
09:54:09,11.53,0.0,271,312496,卖盘,000001,2025-10-17 21:30:22
09:54:12,11.54,0.01,200,230635,买盘,000001,2025-10-17 21:30:22
09:54:15,11.54,0.0,35,40364,买盘,000001,2025-10-17 21:30:22
09:54:18,11.54,0.0,201,231883,买盘,000001,2025-10-17 21:30:22
09:54:21,11.54,0.0,600,692300,买盘,000001,2025-10-17 21:30:22
09:54:24,11.54,0.0,493,568909,买盘,000001,2025-10-17 21:30:22
09:54:27,11.54,0.0,365,420897,买盘,000001,2025-10-17 21:30:22
09:54:30,11.54,0.0,1621,1871294,买盘,000001,2025-10-17 21:30:22
09:54:33,11.53,-0.01,63,72710,卖盘,000001,2025-10-17 21:30:22
09:54:36,11.54,0.01,165,190280,中性盘,000001,2025-10-17 21:30:22
09:54:39,11.53,-0.01,140,161420,卖盘,000001,2025-10-17 21:30:22
09:54:42,11.54,0.01,166,191525,买盘,000001,2025-10-17 21:30:22
09:54:45,11.53,-0.01,57,65721,卖盘,000001,2025-10-17 21:30:22
09:54:48,11.54,0.01,54,62286,买盘,000001,2025-10-17 21:30:22
09:54:51,11.54,0.0,3,3462,买盘,000001,2025-10-17 21:30:22
09:54:54,11.53,-0.01,65,74981,卖盘,000001,2025-10-17 21:30:22
09:54:57,11.53,0.0,94,108472,卖盘,000001,2025-10-17 21:30:22
09:55:00,11.55,0.02,4210,4862577,买盘,000001,2025-10-17 21:30:22
09:55:03,11.54,-0.01,194,223859,买盘,000001,2025-10-17 21:30:22
09:55:06,11.54,0.0,91,104939,买盘,000001,2025-10-17 21:30:22
09:55:09,11.54,0.0,26,29994,买盘,000001,2025-10-17 21:30:22
09:55:12,11.53,-0.01,182,209864,卖盘,000001,2025-10-17 21:30:22
09:55:15,11.53,0.0,40,46131,卖盘,000001,2025-10-17 21:30:22
09:55:18,11.53,0.0,114,131444,卖盘,000001,2025-10-17 21:30:22
09:55:21,11.53,0.0,94,108416,卖盘,000001,2025-10-17 21:30:22
09:55:24,11.53,0.0,556,641126,卖盘,000001,2025-10-17 21:30:22
09:55:27,11.53,0.0,186,214481,卖盘,000001,2025-10-17 21:30:22
09:55:30,11.54,0.01,75,86538,买盘,000001,2025-10-17 21:30:22
09:55:33,11.53,-0.01,96,110723,卖盘,000001,2025-10-17 21:30:22
09:55:36,11.53,0.0,459,529252,卖盘,000001,2025-10-17 21:30:22
09:55:39,11.53,0.0,268,309028,卖盘,000001,2025-10-17 21:30:22
09:55:42,11.53,0.0,793,914347,卖盘,000001,2025-10-17 21:30:22
09:55:45,11.53,0.0,60,69208,卖盘,000001,2025-10-17 21:30:22
09:55:48,11.53,0.0,201,231757,卖盘,000001,2025-10-17 21:30:22
09:55:51,11.54,0.01,289,333438,买盘,000001,2025-10-17 21:30:22
09:55:54,11.53,-0.01,261,301134,卖盘,000001,2025-10-17 21:30:22
09:55:57,11.54,0.01,214,246955,买盘,000001,2025-10-17 21:30:22
09:56:00,11.53,-0.01,801,924452,卖盘,000001,2025-10-17 21:30:22
09:56:03,11.55,0.02,238,274752,买盘,000001,2025-10-17 21:30:22
09:56:06,11.54,-0.01,35,40390,卖盘,000001,2025-10-17 21:30:22
09:56:09,11.54,0.0,48,55379,买盘,000001,2025-10-17 21:30:22
09:56:12,11.53,-0.01,38,43817,卖盘,000001,2025-10-17 21:30:22
09:56:15,11.54,0.01,533,615065,买盘,000001,2025-10-17 21:30:22
09:56:18,11.55,0.01,115,132784,买盘,000001,2025-10-17 21:30:22
09:56:21,11.55,0.0,77,88863,买盘,000001,2025-10-17 21:30:22
09:56:24,11.55,0.0,55,63506,买盘,000001,2025-10-17 21:30:22
09:56:27,11.54,-0.01,27,31164,卖盘,000001,2025-10-17 21:30:22
09:56:30,11.54,0.0,40,46175,卖盘,000001,2025-10-17 21:30:22
09:56:33,11.54,0.0,48,55438,卖盘,000001,2025-10-17 21:30:22
09:56:36,11.55,0.01,70,80839,买盘,000001,2025-10-17 21:30:22
09:56:39,11.54,-0.01,84,96945,卖盘,000001,2025-10-17 21:30:22
09:56:42,11.54,0.0,783,904316,卖盘,000001,2025-10-17 21:30:22
09:56:45,11.55,0.01,2049,2366457,买盘,000001,2025-10-17 21:30:22
09:56:48,11.55,0.0,192,221692,买盘,000001,2025-10-17 21:30:22
09:56:51,11.56,0.01,154,177834,买盘,000001,2025-10-17 21:30:22
09:56:54,11.56,0.0,335,386850,买盘,000001,2025-10-17 21:30:22
09:56:57,11.55,-0.01,139,160564,中性盘,000001,2025-10-17 21:30:22
09:57:00,11.56,0.01,100,115510,买盘,000001,2025-10-17 21:30:22
09:57:03,11.56,0.0,48,55478,买盘,000001,2025-10-17 21:30:22
09:57:06,11.55,-0.01,64,73943,卖盘,000001,2025-10-17 21:30:22
09:57:09,11.55,0.0,13,15025,卖盘,000001,2025-10-17 21:30:22
09:57:12,11.55,0.0,245,282988,卖盘,000001,2025-10-17 21:30:22
09:57:15,11.56,0.01,393,453915,买盘,000001,2025-10-17 21:30:22
09:57:18,11.55,-0.01,140,161807,卖盘,000001,2025-10-17 21:30:22
09:57:21,11.56,0.01,106,122506,买盘,000001,2025-10-17 21:30:22
09:57:24,11.55,-0.01,28,32348,卖盘,000001,2025-10-17 21:30:22
09:57:27,11.56,0.01,227,262410,买盘,000001,2025-10-17 21:30:22
09:57:30,11.56,0.0,268,309760,买盘,000001,2025-10-17 21:30:22
09:57:33,11.55,-0.01,321,371010,卖盘,000001,2025-10-17 21:30:22
09:57:36,11.55,0.0,963,1112982,卖盘,000001,2025-10-17 21:30:22
09:57:39,11.55,0.0,98,113269,卖盘,000001,2025-10-17 21:30:22
09:57:42,11.55,0.0,237,273741,卖盘,000001,2025-10-17 21:30:22
09:57:45,11.55,0.0,320,369651,卖盘,000001,2025-10-17 21:30:22
09:57:48,11.55,0.0,211,243705,买盘,000001,2025-10-17 21:30:22
09:57:51,11.56,0.01,355,410126,买盘,000001,2025-10-17 21:30:22
09:57:54,11.55,-0.01,36,41580,卖盘,000001,2025-10-17 21:30:22
09:57:57,11.55,0.0,388,448140,卖盘,000001,2025-10-17 21:30:22
09:58:00,11.55,0.0,328,378729,买盘,000001,2025-10-17 21:30:22
09:58:03,11.55,0.0,214,247118,买盘,000001,2025-10-17 21:30:22
09:58:06,11.55,0.0,171,197443,买盘,000001,2025-10-17 21:30:22
09:58:09,11.55,0.0,239,276239,买盘,000001,2025-10-17 21:30:22
09:58:12,11.55,0.0,4,4620,中性盘,000001,2025-10-17 21:30:22
09:58:15,11.56,0.01,1,1156,买盘,000001,2025-10-17 21:30:22
09:58:18,11.55,-0.01,172,198659,卖盘,000001,2025-10-17 21:30:22
09:58:21,11.55,0.0,162,187090,买盘,000001,2025-10-17 21:30:22
09:58:24,11.55,0.0,67,77325,买盘,000001,2025-10-17 21:30:22
09:58:27,11.55,0.0,71,81955,买盘,000001,2025-10-17 21:30:22
09:58:30,11.54,-0.01,129,148966,卖盘,000001,2025-10-17 21:30:22
09:58:33,11.55,0.01,90,103897,买盘,000001,2025-10-17 21:30:22
09:58:36,11.54,-0.01,124,143124,卖盘,000001,2025-10-17 21:30:22
09:58:39,11.55,0.01,216,249441,买盘,000001,2025-10-17 21:30:22
09:58:42,11.55,0.0,1,1155,买盘,000001,2025-10-17 21:30:22
09:58:45,11.54,-0.01,1559,1799086,卖盘,000001,2025-10-17 21:30:22
09:58:48,11.54,0.0,72,83062,买盘,000001,2025-10-17 21:30:22
09:58:51,11.54,0.0,75,86550,买盘,000001,2025-10-17 21:30:22
09:58:54,11.54,0.0,598,689998,买盘,000001,2025-10-17 21:30:22
09:58:57,11.54,0.0,36,41539,买盘,000001,2025-10-17 21:30:22
09:59:00,11.54,0.0,88,101552,买盘,000001,2025-10-17 21:30:22
09:59:03,11.54,0.0,141,162688,买盘,000001,2025-10-17 21:30:22
09:59:06,11.54,0.0,148,170777,买盘,000001,2025-10-17 21:30:22
09:59:09,11.54,0.0,97,111938,买盘,000001,2025-10-17 21:30:22
09:59:12,11.54,0.0,504,581820,买盘,000001,2025-10-17 21:30:22
09:59:15,11.54,0.0,153,176461,卖盘,000001,2025-10-17 21:30:22
09:59:18,11.54,0.0,64,73849,买盘,000001,2025-10-17 21:30:22
09:59:21,11.53,-0.01,100,115343,卖盘,000001,2025-10-17 21:30:22
09:59:24,11.54,0.01,423,488142,买盘,000001,2025-10-17 21:30:22
09:59:27,11.54,0.0,322,371588,买盘,000001,2025-10-17 21:30:22
09:59:30,11.54,0.0,192,221568,卖盘,000001,2025-10-17 21:30:22
09:59:33,11.55,0.01,258,297710,买盘,000001,2025-10-17 21:30:22
09:59:36,11.55,0.0,82,94631,买盘,000001,2025-10-17 21:30:22
09:59:39,11.53,-0.02,99,114219,卖盘,000001,2025-10-17 21:30:22
09:59:42,11.53,0.0,52,59997,卖盘,000001,2025-10-17 21:30:22
09:59:45,11.54,0.01,66,76134,买盘,000001,2025-10-17 21:30:22
09:59:48,11.54,0.0,59,68066,买盘,000001,2025-10-17 21:30:22
09:59:51,11.53,-0.01,41,47273,卖盘,000001,2025-10-17 21:30:22
09:59:54,11.54,0.01,113,130390,买盘,000001,2025-10-17 21:30:22
09:59:57,11.53,-0.01,31,35749,卖盘,000001,2025-10-17 21:30:22
10:00:00,11.53,0.0,295,340170,卖盘,000001,2025-10-17 21:30:22
10:00:03,11.53,0.0,446,514268,卖盘,000001,2025-10-17 21:30:22
10:00:06,11.54,0.01,319,367822,买盘,000001,2025-10-17 21:30:22
10:00:09,11.53,-0.01,129,148764,卖盘,000001,2025-10-17 21:30:22
10:00:12,11.53,0.0,266,306698,卖盘,000001,2025-10-17 21:30:22
10:00:15,11.54,0.01,110,126860,买盘,000001,2025-10-17 21:30:22
10:00:18,11.54,0.0,147,169550,买盘,000001,2025-10-17 21:30:22
10:00:21,11.53,-0.01,79,91058,卖盘,000001,2025-10-17 21:30:22
10:00:24,11.53,0.0,140,161420,买盘,000001,2025-10-17 21:30:22
10:00:27,11.52,-0.01,144,165954,卖盘,000001,2025-10-17 21:30:22
10:00:30,11.54,0.02,556,641047,买盘,000001,2025-10-17 21:30:22
10:00:33,11.53,-0.01,66,76086,中性盘,000001,2025-10-17 21:30:22
10:00:36,11.53,0.0,48,55363,买盘,000001,2025-10-17 21:30:22
10:00:39,11.52,-0.01,54,62260,卖盘,000001,2025-10-17 21:30:22
10:00:42,11.53,0.01,54,62249,买盘,000001,2025-10-17 21:30:22
10:00:45,11.53,0.0,10,11530,买盘,000001,2025-10-17 21:30:22
10:00:48,11.52,-0.01,652,751634,卖盘,000001,2025-10-17 21:30:22
10:00:51,11.52,0.0,112,129024,卖盘,000001,2025-10-17 21:30:22
10:00:54,11.53,0.01,198,228219,买盘,000001,2025-10-17 21:30:22
10:00:57,11.53,0.0,76,87573,买盘,000001,2025-10-17 21:30:22
10:01:00,11.53,0.0,463,533379,买盘,000001,2025-10-17 21:30:22
10:01:03,11.52,-0.01,491,565632,卖盘,000001,2025-10-17 21:30:22
10:01:06,11.52,0.0,57,65679,卖盘,000001,2025-10-17 21:30:22
10:01:09,11.53,0.01,464,534546,买盘,000001,2025-10-17 21:30:22
10:01:12,11.53,0.0,441,508048,买盘,000001,2025-10-17 21:30:22
10:01:15,11.52,-0.01,292,336485,卖盘,000001,2025-10-17 21:30:22
10:01:18,11.52,0.0,55,63360,卖盘,000001,2025-10-17 21:30:22
10:01:21,11.52,0.0,586,675579,卖盘,000001,2025-10-17 21:30:22
10:01:24,11.53,0.01,56,64568,买盘,000001,2025-10-17 21:30:22
10:01:27,11.52,-0.01,130,149832,卖盘,000001,2025-10-17 21:30:22
10:01:30,11.52,0.0,36,41503,卖盘,000001,2025-10-17 21:30:22
10:01:33,11.53,0.01,85,97933,买盘,000001,2025-10-17 21:30:22
10:01:36,11.52,-0.01,64,73728,卖盘,000001,2025-10-17 21:30:22
10:01:39,11.52,0.0,1904,2193249,卖盘,000001,2025-10-17 21:30:22
10:01:42,11.53,0.01,156,179740,买盘,000001,2025-10-17 21:30:22
10:01:45,11.52,-0.01,231,266128,卖盘,000001,2025-10-17 21:30:22
10:01:48,11.53,0.01,79,91030,买盘,000001,2025-10-17 21:30:22
10:01:51,11.52,-0.01,135,155520,卖盘,000001,2025-10-17 21:30:22
10:01:54,11.52,0.0,52,59904,买盘,000001,2025-10-17 21:30:22
10:01:57,11.52,0.0,88,101376,买盘,000001,2025-10-17 21:30:22
10:02:00,11.52,0.0,222,255744,买盘,000001,2025-10-17 21:30:22
10:02:03,11.51,-0.01,204,234825,卖盘,000001,2025-10-17 21:30:22
10:02:06,11.52,0.01,280,322522,买盘,000001,2025-10-17 21:30:22
10:02:09,11.52,0.0,132,152007,买盘,000001,2025-10-17 21:30:22
10:02:12,11.52,0.0,33,38003,买盘,000001,2025-10-17 21:30:22
10:02:15,11.52,0.0,95,109386,买盘,000001,2025-10-17 21:30:22
10:02:18,11.52,0.0,93,107136,买盘,000001,2025-10-17 21:30:22
10:02:21,11.52,0.0,1133,1305216,买盘,000001,2025-10-17 21:30:22
10:02:24,11.53,0.01,402,463376,买盘,000001,2025-10-17 21:30:22
10:02:27,11.52,-0.01,239,275478,卖盘,000001,2025-10-17 21:30:22
10:02:30,11.53,0.01,15,17281,买盘,000001,2025-10-17 21:30:22
10:02:33,11.52,-0.01,321,369921,卖盘,000001,2025-10-17 21:30:22
10:02:36,11.52,0.0,329,379016,卖盘,000001,2025-10-17 21:30:22
10:02:39,11.52,0.0,100,115154,买盘,000001,2025-10-17 21:30:22
10:02:42,11.52,0.0,41,47212,买盘,000001,2025-10-17 21:30:22
10:02:45,11.51,-0.01,193,222225,卖盘,000001,2025-10-17 21:30:22
10:02:48,11.52,0.01,80,92160,买盘,000001,2025-10-17 21:30:22
10:02:51,11.51,-0.01,395,454950,卖盘,000001,2025-10-17 21:30:22
10:02:54,11.52,0.01,45,51840,买盘,000001,2025-10-17 21:30:22
10:02:57,11.52,0.0,132,152004,买盘,000001,2025-10-17 21:30:22
10:03:00,11.52,0.0,43,49523,买盘,000001,2025-10-17 21:30:22
10:03:03,11.52,0.0,35,40298,买盘,000001,2025-10-17 21:30:22
10:03:06,11.51,-0.01,27,31093,卖盘,000001,2025-10-17 21:30:22
10:03:09,11.52,0.01,57,65644,买盘,000001,2025-10-17 21:30:22
10:03:12,11.51,-0.01,84,96684,卖盘,000001,2025-10-17 21:30:22
10:03:15,11.51,0.0,356,410086,卖盘,000001,2025-10-17 21:30:22
10:03:18,11.51,0.0,230,264749,卖盘,000001,2025-10-17 21:30:22
10:03:21,11.51,0.0,89,102482,卖盘,000001,2025-10-17 21:30:22
10:03:24,11.52,0.01,144,165773,买盘,000001,2025-10-17 21:30:22
10:03:27,11.51,-0.01,457,526023,卖盘,000001,2025-10-17 21:30:22
10:03:30,11.52,0.01,82,94430,买盘,000001,2025-10-17 21:30:22
10:03:33,11.51,-0.01,348,400561,卖盘,000001,2025-10-17 21:30:22
10:03:36,11.52,0.01,72,82900,买盘,000001,2025-10-17 21:30:22
10:03:39,11.52,0.0,555,639325,买盘,000001,2025-10-17 21:30:22
10:03:42,11.52,0.0,1766,2032667,买盘,000001,2025-10-17 21:30:22
10:03:45,11.51,-0.01,79,90963,卖盘,000001,2025-10-17 21:30:22
10:03:48,11.52,0.01,429,494192,买盘,000001,2025-10-17 21:30:22
10:03:51,11.51,-0.01,75,86354,卖盘,000001,2025-10-17 21:30:22
10:03:54,11.51,0.0,188,216487,卖盘,000001,2025-10-17 21:30:22
10:03:57,11.51,0.0,120,138145,卖盘,000001,2025-10-17 21:30:22
10:04:00,11.52,0.01,141,162304,买盘,000001,2025-10-17 21:30:22
10:04:03,11.51,-0.01,82,94382,卖盘,000001,2025-10-17 21:30:22
10:04:06,11.51,0.0,88,101303,卖盘,000001,2025-10-17 21:30:22
10:04:09,11.51,0.0,164,188854,卖盘,000001,2025-10-17 21:30:22
10:04:12,11.51,0.0,247,284317,卖盘,000001,2025-10-17 21:30:22
10:04:15,11.52,0.01,49,56407,买盘,000001,2025-10-17 21:30:22
10:04:18,11.51,-0.01,114,131228,卖盘,000001,2025-10-17 21:30:22
10:04:21,11.51,0.0,30,34530,卖盘,000001,2025-10-17 21:30:22
10:04:24,11.52,0.01,76,87512,买盘,000001,2025-10-17 21:30:22
10:04:27,11.52,0.0,497,572093,买盘,000001,2025-10-17 21:30:22
10:04:30,11.52,0.0,417,480004,买盘,000001,2025-10-17 21:30:22
10:04:33,11.51,-0.01,174,200373,卖盘,000001,2025-10-17 21:30:22
10:04:36,11.52,0.01,32,36857,买盘,000001,2025-10-17 21:30:22
10:04:39,11.51,-0.01,75,86325,卖盘,000001,2025-10-17 21:30:22
10:04:42,11.51,0.0,63,72533,卖盘,000001,2025-10-17 21:30:22
10:04:45,11.51,0.0,71,81753,卖盘,000001,2025-10-17 21:30:22
10:04:48,11.51,0.0,167,192230,卖盘,000001,2025-10-17 21:30:22
10:04:51,11.51,0.0,59,67909,卖盘,000001,2025-10-17 21:30:22
10:04:54,11.52,0.01,132,151971,买盘,000001,2025-10-17 21:30:22
10:04:57,11.51,-0.01,239,275105,卖盘,000001,2025-10-17 21:30:22
10:05:00,11.52,0.01,60,69088,买盘,000001,2025-10-17 21:30:22
10:05:03,11.51,-0.01,218,250918,卖盘,000001,2025-10-17 21:30:22
10:05:06,11.52,0.01,1075,1237381,买盘,000001,2025-10-17 21:30:22
10:05:09,11.51,-0.01,234,269243,卖盘,000001,2025-10-17 21:30:22
10:05:12,11.51,0.0,16,18416,买盘,000001,2025-10-17 21:30:22
10:05:15,11.5,-0.01,102,117363,卖盘,000001,2025-10-17 21:30:22
10:05:18,11.5,0.0,159,182855,卖盘,000001,2025-10-17 21:30:22
10:05:21,11.51,0.01,13,14963,买盘,000001,2025-10-17 21:30:22
10:05:24,11.51,0.0,11,12661,买盘,000001,2025-10-17 21:30:22
10:05:27,11.5,-0.01,191,219768,卖盘,000001,2025-10-17 21:30:22
10:05:30,11.5,0.0,139,159887,卖盘,000001,2025-10-17 21:30:22
10:05:33,11.5,0.0,59,67855,卖盘,000001,2025-10-17 21:30:22
10:05:36,11.5,0.0,469,539472,卖盘,000001,2025-10-17 21:30:22
10:05:39,11.51,0.01,33,37980,买盘,000001,2025-10-17 21:30:22
10:05:42,11.5,-0.01,629,723800,卖盘,000001,2025-10-17 21:30:22
10:05:45,11.5,0.0,109,125367,卖盘,000001,2025-10-17 21:30:22
10:05:48,11.5,0.0,230,264688,卖盘,000001,2025-10-17 21:30:22
10:05:51,11.5,0.0,9146,10517975,卖盘,000001,2025-10-17 21:30:22
10:05:54,11.5,0.0,183,210481,买盘,000001,2025-10-17 21:30:22
10:05:57,11.51,0.01,149,171425,买盘,000001,2025-10-17 21:30:22
10:06:00,11.51,0.0,85,97773,买盘,000001,2025-10-17 21:30:22
10:06:03,11.5,-0.01,125,143768,卖盘,000001,2025-10-17 21:30:22
10:06:06,11.5,0.0,164,188551,卖盘,000001,2025-10-17 21:30:22
10:06:09,11.51,0.01,204,234571,买盘,000001,2025-10-17 21:30:22
10:06:12,11.5,-0.01,312,358767,买盘,000001,2025-10-17 21:30:22
10:06:15,11.5,0.0,181,208101,买盘,000001,2025-10-17 21:30:22
10:06:18,11.5,0.0,363,417407,买盘,000001,2025-10-17 21:30:22
10:06:21,11.5,0.0,101,116120,买盘,000001,2025-10-17 21:30:22
10:06:24,11.5,0.0,77,88550,买盘,000001,2025-10-17 21:30:22
10:06:27,11.5,0.0,214,246096,买盘,000001,2025-10-17 21:30:22
10:06:30,11.51,0.01,1008,1159405,买盘,000001,2025-10-17 21:30:22
10:06:33,11.51,0.0,169,194419,买盘,000001,2025-10-17 21:30:22
10:06:36,11.51,0.0,362,416572,买盘,000001,2025-10-17 21:30:22
10:06:39,11.51,0.0,181,208175,买盘,000001,2025-10-17 21:30:22
10:06:42,11.51,0.0,416,478723,买盘,000001,2025-10-17 21:30:22
10:06:45,11.5,-0.01,567,652082,卖盘,000001,2025-10-17 21:30:22
10:06:48,11.51,0.01,133,153076,买盘,000001,2025-10-17 21:30:22
10:06:51,11.51,0.0,90,103590,买盘,000001,2025-10-17 21:30:22
10:06:54,11.51,0.0,66,75966,买盘,000001,2025-10-17 21:30:22
10:06:57,11.51,0.0,504,579601,买盘,000001,2025-10-17 21:30:22
10:07:00,11.51,0.0,1014,1166211,买盘,000001,2025-10-17 21:30:22
10:07:03,11.5,-0.01,378,434740,卖盘,000001,2025-10-17 21:30:22
10:07:06,11.51,0.01,114,131191,买盘,000001,2025-10-17 21:30:22
10:07:09,11.5,-0.01,108,124200,卖盘,000001,2025-10-17 21:30:22
10:07:12,11.5,0.0,264,303610,卖盘,000001,2025-10-17 21:30:22
10:07:15,11.5,0.0,200,230019,卖盘,000001,2025-10-17 21:30:22
10:07:18,11.5,0.0,285,327765,卖盘,000001,2025-10-17 21:30:22
10:07:21,11.5,0.0,144,165576,买盘,000001,2025-10-17 21:30:22
10:07:24,11.5,0.0,13,14950,买盘,000001,2025-10-17 21:30:22
10:07:27,11.5,0.0,123,141400,买盘,000001,2025-10-17 21:30:22
10:07:30,11.5,0.0,83,95436,买盘,000001,2025-10-17 21:30:22
10:07:33,11.5,0.0,121,139150,买盘,000001,2025-10-17 21:30:22
10:07:36,11.5,0.0,97,111550,买盘,000001,2025-10-17 21:30:22
10:07:39,11.5,0.0,105,120750,买盘,000001,2025-10-17 21:30:22
10:07:42,11.5,0.0,18,20700,买盘,000001,2025-10-17 21:30:22
10:07:45,11.49,-0.01,102,117217,卖盘,000001,2025-10-17 21:30:22
10:07:48,11.5,0.01,111,127604,买盘,000001,2025-10-17 21:30:22
10:07:51,11.49,-0.01,65,74730,卖盘,000001,2025-10-17 21:30:22
10:07:54,11.49,0.0,52,59780,卖盘,000001,2025-10-17 21:30:22
10:07:57,11.5,0.01,57,65530,买盘,000001,2025-10-17 21:30:22
10:08:00,11.5,0.0,139,159850,买盘,000001,2025-10-17 21:30:22
10:08:03,11.51,0.01,30,34516,买盘,000001,2025-10-17 21:30:22
10:08:06,11.5,-0.01,44,50600,卖盘,000001,2025-10-17 21:30:22
10:08:09,11.5,0.0,245,281767,卖盘,000001,2025-10-17 21:30:22
10:08:12,11.5,0.0,227,261065,卖盘,000001,2025-10-17 21:30:22
10:08:15,11.5,0.0,429,493354,卖盘,000001,2025-10-17 21:30:22
10:08:18,11.51,0.01,33,37980,买盘,000001,2025-10-17 21:30:22
10:08:21,11.5,-0.01,1067,1228037,卖盘,000001,2025-10-17 21:30:22
10:08:24,11.52,0.02,183,210659,买盘,000001,2025-10-17 21:30:22
10:08:27,11.5,-0.02,155,178328,卖盘,000001,2025-10-17 21:30:22
10:08:30,11.5,0.0,91,104665,卖盘,000001,2025-10-17 21:30:22
10:08:33,11.52,0.02,74,85184,买盘,000001,2025-10-17 21:30:22
10:08:36,11.51,-0.01,26,29926,卖盘,000001,2025-10-17 21:30:22
10:08:39,11.51,0.0,79,90944,卖盘,000001,2025-10-17 21:30:22
10:08:42,11.51,0.0,210,241776,卖盘,000001,2025-10-17 21:30:22
10:08:45,11.51,0.0,92,105912,卖盘,000001,2025-10-17 21:30:22
10:08:48,11.51,0.0,80,92090,卖盘,000001,2025-10-17 21:30:22
10:08:51,11.51,0.0,88,101348,卖盘,000001,2025-10-17 21:30:22
10:08:54,11.51,0.0,149,171591,卖盘,000001,2025-10-17 21:30:22
10:08:57,11.52,0.01,105,120915,买盘,000001,2025-10-17 21:30:22
10:09:00,11.51,-0.01,135,155402,卖盘,000001,2025-10-17 21:30:22
10:09:03,11.51,0.0,1132,1303914,卖盘,000001,2025-10-17 21:30:22
10:09:06,11.5,-0.01,386,444262,卖盘,000001,2025-10-17 21:30:22
10:09:09,11.52,0.02,71,81713,买盘,000001,2025-10-17 21:30:22
10:09:12,11.52,0.0,45,51796,买盘,000001,2025-10-17 21:30:22
10:09:15,11.51,-0.01,829,954438,卖盘,000001,2025-10-17 21:30:22
10:09:18,11.5,-0.01,3,3451,卖盘,000001,2025-10-17 21:30:22
10:09:21,11.51,0.01,46,52946,中性盘,000001,2025-10-17 21:30:22
10:09:24,11.51,0.0,6,6906,买盘,000001,2025-10-17 21:30:22
10:09:27,11.5,-0.01,27,31052,卖盘,000001,2025-10-17 21:30:22
10:09:30,11.51,0.01,207,238341,买盘,000001,2025-10-17 21:30:22
10:09:33,11.51,0.0,82,94382,中性盘,000001,2025-10-17 21:30:22
10:09:36,11.51,0.0,233,268217,卖盘,000001,2025-10-17 21:30:22
10:09:39,11.5,-0.01,1305,1501089,卖盘,000001,2025-10-17 21:30:22
10:09:42,11.51,0.01,89,102393,买盘,000001,2025-10-17 21:30:22
10:09:45,11.51,0.0,38,43726,买盘,000001,2025-10-17 21:30:22
10:09:48,11.5,-0.01,17,19550,卖盘,000001,2025-10-17 21:30:22
10:09:51,11.51,0.01,88,101226,买盘,000001,2025-10-17 21:30:22
10:09:54,11.51,0.0,44,50644,买盘,000001,2025-10-17 21:30:22
10:09:57,11.51,0.0,48,55248,买盘,000001,2025-10-17 21:30:22
10:10:00,11.51,0.0,80,92062,买盘,000001,2025-10-17 21:30:22
10:10:03,11.51,0.0,166,191020,买盘,000001,2025-10-17 21:30:22
10:10:06,11.51,0.0,875,1007060,买盘,000001,2025-10-17 21:30:22
10:10:09,11.5,-0.01,1208,1389500,卖盘,000001,2025-10-17 21:30:22
10:10:12,11.51,0.01,246,283076,买盘,000001,2025-10-17 21:30:22
10:10:15,11.51,0.0,55,63285,买盘,000001,2025-10-17 21:30:22
10:10:18,11.5,-0.01,17,19566,卖盘,000001,2025-10-17 21:30:22
10:10:21,11.51,0.01,13,14963,买盘,000001,2025-10-17 21:30:22
10:10:24,11.5,-0.01,634,729242,卖盘,000001,2025-10-17 21:30:22
10:10:27,11.5,0.0,120,138000,卖盘,000001,2025-10-17 21:30:22
10:10:33,11.5,0.0,487,560098,卖盘,000001,2025-10-17 21:30:22
10:10:36,11.51,0.01,60,69060,买盘,000001,2025-10-17 21:30:22
10:10:39,11.51,0.0,110,126584,买盘,000001,2025-10-17 21:30:22
10:10:42,11.5,-0.01,287,330050,卖盘,000001,2025-10-17 21:30:22
10:10:45,11.5,0.0,82,94343,卖盘,000001,2025-10-17 21:30:22
10:10:48,11.51,0.01,245,281766,买盘,000001,2025-10-17 21:30:22
10:10:54,11.5,-0.01,659,758350,卖盘,000001,2025-10-17 21:30:22
10:10:57,11.5,0.0,3,3450,卖盘,000001,2025-10-17 21:30:22
10:11:00,11.5,0.0,957,1100550,卖盘,000001,2025-10-17 21:30:22
10:11:03,11.5,0.0,2798,3217691,卖盘,000001,2025-10-17 21:30:22
10:11:06,11.5,0.0,69,79350,买盘,000001,2025-10-17 21:30:22
10:11:09,11.5,0.0,204,234720,买盘,000001,2025-10-17 21:30:22
10:11:12,11.51,0.01,82,94381,买盘,000001,2025-10-17 21:30:22
10:11:15,11.5,-0.01,30,34500,卖盘,000001,2025-10-17 21:30:22
10:11:18,11.51,0.01,99,113919,买盘,000001,2025-10-17 21:30:22
10:11:21,11.51,0.0,77,88591,买盘,000001,2025-10-17 21:30:22
10:11:24,11.51,0.0,73,84022,买盘,000001,2025-10-17 21:30:22
10:11:27,11.5,-0.01,185,212907,卖盘,000001,2025-10-17 21:30:22
10:11:30,11.51,0.01,155,178373,买盘,000001,2025-10-17 21:30:22
10:11:33,11.51,0.0,293,337191,买盘,000001,2025-10-17 21:30:22
10:11:36,11.51,0.0,283,325769,买盘,000001,2025-10-17 21:30:22
10:11:39,11.51,0.0,29,33379,卖盘,000001,2025-10-17 21:30:22
10:11:42,11.51,0.0,140,161231,卖盘,000001,2025-10-17 21:30:22
10:11:45,11.51,0.0,279,321310,卖盘,000001,2025-10-17 21:30:22
10:11:48,11.51,0.0,66,75959,买盘,000001,2025-10-17 21:30:22
10:11:51,11.51,0.0,9,10359,中性盘,000001,2025-10-17 21:30:22
10:11:54,11.5,-0.01,1230,1414719,卖盘,000001,2025-10-17 21:30:22
10:11:57,11.51,0.01,24,27605,买盘,000001,2025-10-17 21:30:22
10:12:00,11.5,-0.01,82,94301,卖盘,000001,2025-10-17 21:30:22
10:12:03,11.5,0.0,103,118501,卖盘,000001,2025-10-17 21:30:22
10:12:06,11.5,0.0,69,79365,卖盘,000001,2025-10-17 21:30:22
10:12:09,11.5,0.0,104,119600,卖盘,000001,2025-10-17 21:30:22
10:12:12,11.5,0.0,809,930550,卖盘,000001,2025-10-17 21:30:22
10:12:15,11.5,0.0,347,399050,卖盘,000001,2025-10-17 21:30:22
10:12:18,11.5,0.0,67,77050,卖盘,000001,2025-10-17 21:30:22
10:12:21,11.51,0.01,106,121918,买盘,000001,2025-10-17 21:30:22
10:12:24,11.51,0.0,583,670647,买盘,000001,2025-10-17 21:30:22
10:12:27,11.5,-0.01,25,28756,卖盘,000001,2025-10-17 21:30:22
10:12:30,11.5,0.0,19,21851,卖盘,000001,2025-10-17 21:30:22
10:12:33,11.5,0.0,381,438150,卖盘,000001,2025-10-17 21:30:22
10:12:36,11.5,0.0,273,314102,中性盘,000001,2025-10-17 21:30:22
10:12:39,11.49,-0.01,70,80442,卖盘,000001,2025-10-17 21:30:22
10:12:42,11.5,0.01,25,28747,买盘,000001,2025-10-17 21:30:22
10:12:45,11.5,0.0,62,71258,买盘,000001,2025-10-17 21:30:22
10:12:48,11.5,0.0,11,12650,买盘,000001,2025-10-17 21:30:22
10:12:51,11.49,-0.01,34,39066,卖盘,000001,2025-10-17 21:30:22
10:12:54,11.5,0.01,42,48271,买盘,000001,2025-10-17 21:30:22
10:12:57,11.5,0.0,46,52900,买盘,000001,2025-10-17 21:30:22
10:13:00,11.5,0.0,48,55173,买盘,000001,2025-10-17 21:30:22
10:13:03,11.5,0.0,20,22990,买盘,000001,2025-10-17 21:30:22
10:13:06,11.5,0.0,77,88500,买盘,000001,2025-10-17 21:30:22
10:13:09,11.49,-0.01,29,33342,卖盘,000001,2025-10-17 21:30:22
10:13:12,11.5,0.01,143,164354,买盘,000001,2025-10-17 21:30:22
10:13:15,11.5,0.0,441,506849,买盘,000001,2025-10-17 21:30:22
10:13:18,11.5,0.0,162,186179,买盘,000001,2025-10-17 21:30:22
10:13:21,11.5,0.0,60,69000,买盘,000001,2025-10-17 21:30:22
10:13:24,11.5,0.0,110,126500,买盘,000001,2025-10-17 21:30:22
10:13:27,11.5,0.0,93,106950,买盘,000001,2025-10-17 21:30:22
10:13:30,11.5,0.0,104,119532,买盘,000001,2025-10-17 21:30:22
10:13:33,11.5,0.0,134,154493,买盘,000001,2025-10-17 21:30:22
10:13:36,11.49,-0.01,171,196640,卖盘,000001,2025-10-17 21:30:22
10:13:42,11.49,0.0,219,251837,卖盘,000001,2025-10-17 21:30:22
10:13:45,11.49,0.0,90,103463,卖盘,000001,2025-10-17 21:30:22
10:13:48,11.49,0.0,158,181690,卖盘,000001,2025-10-17 21:30:22
10:13:51,11.49,0.0,227,261029,卖盘,000001,2025-10-17 21:30:22
10:13:54,11.5,0.01,384,441600,买盘,000001,2025-10-17 21:30:22
10:13:57,11.5,0.0,192,220796,买盘,000001,2025-10-17 21:30:22
10:14:00,11.5,0.0,213,245008,买盘,000001,2025-10-17 21:30:22
10:14:03,11.5,0.0,159,182817,买盘,000001,2025-10-17 21:30:22
10:14:06,11.49,-0.01,52,59788,卖盘,000001,2025-10-17 21:30:22
10:14:09,11.49,0.0,243,279432,卖盘,000001,2025-10-17 21:30:22
10:14:12,11.49,0.0,135,155145,卖盘,000001,2025-10-17 21:30:22
10:14:15,11.49,0.0,71,81588,卖盘,000001,2025-10-17 21:30:22
10:14:18,11.49,0.0,179,205799,卖盘,000001,2025-10-17 21:30:22
10:14:21,11.5,0.01,666,765846,买盘,000001,2025-10-17 21:30:22
10:14:24,11.5,0.0,317,364550,买盘,000001,2025-10-17 21:30:22
10:14:27,11.51,0.01,199,228931,买盘,000001,2025-10-17 21:30:22
10:14:30,11.51,0.0,72,82860,买盘,000001,2025-10-17 21:30:22
10:14:33,11.5,-0.01,232,266957,卖盘,000001,2025-10-17 21:30:22
10:14:36,11.51,0.01,47,54078,买盘,000001,2025-10-17 21:30:22
10:14:39,11.5,-0.01,39,44862,卖盘,000001,2025-10-17 21:30:22
10:14:42,11.5,0.0,5,5750,卖盘,000001,2025-10-17 21:30:22
10:14:48,11.51,0.01,1273,1463972,买盘,000001,2025-10-17 21:30:22
10:14:51,11.5,-0.01,29,33366,卖盘,000001,2025-10-17 21:30:22
10:14:54,11.51,0.01,40,46030,买盘,000001,2025-10-17 21:30:22
10:14:57,11.51,0.0,213,245101,买盘,000001,2025-10-17 21:30:22
10:15:00,11.5,-0.01,161,185150,卖盘,000001,2025-10-17 21:30:22
10:15:03,11.51,0.01,11,12661,买盘,000001,2025-10-17 21:30:22
10:15:06,11.5,-0.01,12,13800,卖盘,000001,2025-10-17 21:30:22
10:15:09,11.5,0.0,57,65600,卖盘,000001,2025-10-17 21:30:22
10:15:12,11.51,0.01,49,56361,买盘,000001,2025-10-17 21:30:22
10:15:15,11.5,-0.01,89,102398,卖盘,000001,2025-10-17 21:30:22
10:15:18,11.5,0.0,50,57500,卖盘,000001,2025-10-17 21:30:22
10:15:21,11.5,0.0,260,299000,卖盘,000001,2025-10-17 21:30:22
10:15:24,11.51,0.01,86,98952,买盘,000001,2025-10-17 21:30:22
10:15:27,11.51,0.0,142,163375,买盘,000001,2025-10-17 21:30:22
10:15:30,11.51,0.0,72,82819,买盘,000001,2025-10-17 21:30:22
10:15:33,11.5,-0.01,53,60985,卖盘,000001,2025-10-17 21:30:22
10:15:39,11.51,0.01,136,156536,买盘,000001,2025-10-17 21:30:22
10:15:42,11.5,-0.01,28,32225,卖盘,000001,2025-10-17 21:30:22
10:15:48,11.5,0.0,35,40253,卖盘,000001,2025-10-17 21:30:22
10:15:54,11.5,0.0,180,207016,卖盘,000001,2025-10-17 21:30:22
10:15:57,11.5,0.0,478,549701,卖盘,000001,2025-10-17 21:30:22
10:16:00,11.51,0.01,26,29901,买盘,000001,2025-10-17 21:30:22
10:16:03,11.51,0.0,49,56384,买盘,000001,2025-10-17 21:30:22
10:16:06,11.5,-0.01,104,119615,卖盘,000001,2025-10-17 21:30:22
10:16:09,11.51,0.01,15,17265,买盘,000001,2025-10-17 21:30:22
10:16:12,11.5,-0.01,91,104668,卖盘,000001,2025-10-17 21:30:22
10:16:15,11.5,0.0,40,46000,卖盘,000001,2025-10-17 21:30:22
10:16:18,11.5,0.0,1798,2066769,卖盘,000001,2025-10-17 21:30:22
10:16:21,11.5,0.0,164,188588,买盘,000001,2025-10-17 21:30:22
10:16:24,11.5,0.0,221,254150,买盘,000001,2025-10-17 21:30:22
10:16:27,11.49,-0.01,344,395576,卖盘,000001,2025-10-17 21:30:22
10:16:30,11.5,0.01,1497,1721387,买盘,000001,2025-10-17 21:30:22
10:16:33,11.5,0.0,96,110390,买盘,000001,2025-10-17 21:30:22
10:16:36,11.49,-0.01,76,87387,卖盘,000001,2025-10-17 21:30:22
10:16:39,11.49,0.0,60,68960,卖盘,000001,2025-10-17 21:30:22
10:16:42,11.49,0.0,111,127640,卖盘,000001,2025-10-17 21:30:22
10:16:45,11.49,0.0,32,36770,卖盘,000001,2025-10-17 21:30:22
10:16:51,11.49,0.0,1,1149,卖盘,000001,2025-10-17 21:30:22
10:16:54,11.49,0.0,65,74685,卖盘,000001,2025-10-17 21:30:22
10:16:57,11.49,0.0,2186,2511730,卖盘,000001,2025-10-17 21:30:22
10:17:00,11.49,0.0,752,864698,卖盘,000001,2025-10-17 21:30:22
10:17:03,11.49,0.0,1169,1343226,卖盘,000001,2025-10-17 21:30:22
10:17:06,11.49,0.0,1026,1179026,卖盘,000001,2025-10-17 21:30:22
10:17:09,11.48,-0.01,4176,4797656,卖盘,000001,2025-10-17 21:30:22
10:17:12,11.49,0.01,15,17232,买盘,000001,2025-10-17 21:30:22
10:17:15,11.49,0.0,2808,3223615,买盘,000001,2025-10-17 21:30:22
10:17:18,11.48,-0.01,337,386878,卖盘,000001,2025-10-17 21:30:22
10:17:21,11.49,0.01,194,222802,买盘,000001,2025-10-17 21:30:22
10:17:24,11.48,-0.01,31,35617,卖盘,000001,2025-10-17 21:30:22
10:17:27,11.48,0.0,48,55104,卖盘,000001,2025-10-17 21:30:22
10:17:30,11.48,0.0,401,460364,卖盘,000001,2025-10-17 21:30:22
10:17:33,11.48,0.0,84,96472,卖盘,000001,2025-10-17 21:30:22
10:17:36,11.47,-0.01,6572,7544240,卖盘,000001,2025-10-17 21:30:22
10:17:39,11.47,0.0,61,69992,卖盘,000001,2025-10-17 21:30:22
10:17:42,11.48,0.01,155,177840,买盘,000001,2025-10-17 21:30:22
10:17:45,11.47,-0.01,13,14919,卖盘,000001,2025-10-17 21:30:22
10:17:48,11.48,0.01,35,40180,买盘,000001,2025-10-17 21:30:22
10:17:51,11.47,-0.01,188,215724,卖盘,000001,2025-10-17 21:30:22
10:17:54,11.47,0.0,188,215784,卖盘,000001,2025-10-17 21:30:22
10:17:57,11.47,0.0,42,48194,卖盘,000001,2025-10-17 21:30:22
10:18:00,11.47,0.0,81,92959,卖盘,000001,2025-10-17 21:30:22
10:18:03,11.48,0.01,240,275306,买盘,000001,2025-10-17 21:30:22
10:18:06,11.47,-0.01,134,153718,卖盘,000001,2025-10-17 21:30:22
10:18:09,11.48,0.01,10,11480,买盘,000001,2025-10-17 21:30:22
10:18:12,11.47,-0.01,195,223713,卖盘,000001,2025-10-17 21:30:22
10:18:15,11.48,0.01,33,37881,买盘,000001,2025-10-17 21:30:22
10:18:18,11.48,0.0,224,257019,买盘,000001,2025-10-17 21:30:22
10:18:21,11.47,-0.01,185,212295,卖盘,000001,2025-10-17 21:30:22
10:18:24,11.48,0.01,511,586234,买盘,000001,2025-10-17 21:30:22
10:18:27,11.47,-0.01,420,481850,卖盘,000001,2025-10-17 21:30:22
10:18:30,11.48,0.01,1150,1320167,买盘,000001,2025-10-17 21:30:22
10:18:33,11.48,0.0,72,82656,买盘,000001,2025-10-17 21:30:22
10:18:36,11.47,-0.01,87,99851,卖盘,000001,2025-10-17 21:30:22
10:18:39,11.48,0.01,343,393676,买盘,000001,2025-10-17 21:30:22
10:18:42,11.48,0.0,102,117086,买盘,000001,2025-10-17 21:30:22
10:18:45,11.47,-0.01,68,78048,卖盘,000001,2025-10-17 21:30:22
10:18:48,11.47,0.0,132,151414,卖盘,000001,2025-10-17 21:30:22
10:18:51,11.48,0.01,113,129698,买盘,000001,2025-10-17 21:30:22
10:18:54,11.48,0.0,132,151422,买盘,000001,2025-10-17 21:30:22
10:18:57,11.48,0.0,2,2295,买盘,000001,2025-10-17 21:30:22
10:19:00,11.48,0.0,550,631370,买盘,000001,2025-10-17 21:30:22
10:19:03,11.48,0.0,1098,1259629,买盘,000001,2025-10-17 21:30:22
10:19:06,11.48,0.0,93,106764,买盘,000001,2025-10-17 21:30:22
10:19:09,11.48,0.0,62,71176,买盘,000001,2025-10-17 21:30:22
10:19:12,11.48,0.0,51,58528,买盘,000001,2025-10-17 21:30:22
10:19:15,11.48,0.0,1784,2046292,买盘,000001,2025-10-17 21:30:22
10:19:18,11.48,0.0,65,74562,买盘,000001,2025-10-17 21:30:22
10:19:21,11.47,-0.01,154,176654,卖盘,000001,2025-10-17 21:30:22
10:19:24,11.48,0.01,23,26399,买盘,000001,2025-10-17 21:30:22
10:19:27,11.47,-0.01,432,495542,卖盘,000001,2025-10-17 21:30:22
10:19:30,11.47,0.0,38,43597,卖盘,000001,2025-10-17 21:30:22
10:19:33,11.48,0.01,205,235325,买盘,000001,2025-10-17 21:30:22
10:19:36,11.48,0.0,461,528772,买盘,000001,2025-10-17 21:30:22
10:19:39,11.47,-0.01,160,183554,卖盘,000001,2025-10-17 21:30:22
10:19:42,11.48,0.01,10,11471,买盘,000001,2025-10-17 21:30:22
10:19:45,11.48,0.0,30,34431,买盘,000001,2025-10-17 21:30:22
10:19:48,11.48,0.0,40,45884,买盘,000001,2025-10-17 21:30:22
10:19:51,11.48,0.0,286,328045,买盘,000001,2025-10-17 21:30:22
10:19:54,11.47,-0.01,249,285629,卖盘,000001,2025-10-17 21:30:22
10:19:57,11.47,0.0,12,13764,卖盘,000001,2025-10-17 21:30:22
10:20:00,11.48,0.01,52,59677,买盘,000001,2025-10-17 21:30:22
10:20:03,11.47,-0.01,232,266109,卖盘,000001,2025-10-17 21:30:22
10:20:06,11.47,0.0,31,35558,卖盘,000001,2025-10-17 21:30:22
10:20:09,11.48,0.01,96,110128,买盘,000001,2025-10-17 21:30:22
10:20:12,11.47,-0.01,696,798312,卖盘,000001,2025-10-17 21:30:22
10:20:15,11.47,0.0,14,16058,卖盘,000001,2025-10-17 21:30:22
10:20:18,11.48,0.01,62,71160,买盘,000001,2025-10-17 21:30:22
10:20:21,11.47,-0.01,27,30969,卖盘,000001,2025-10-17 21:30:22
10:20:24,11.47,0.0,1022,1172254,卖盘,000001,2025-10-17 21:30:22
10:20:27,11.47,0.0,217,249067,卖盘,000001,2025-10-17 21:30:22
10:20:30,11.48,0.01,518,594648,买盘,000001,2025-10-17 21:30:22
10:20:33,11.48,0.0,1141,1309827,买盘,000001,2025-10-17 21:30:22
10:20:36,11.47,-0.01,35,40145,卖盘,000001,2025-10-17 21:30:22
10:20:39,11.48,0.01,321,368191,买盘,000001,2025-10-17 21:30:22
10:20:42,11.47,-0.01,254,291364,卖盘,000001,2025-10-17 21:30:22
10:20:51,11.47,0.0,124,142239,卖盘,000001,2025-10-17 21:30:22
10:20:54,11.48,0.01,523,599894,买盘,000001,2025-10-17 21:30:22
10:20:57,11.47,-0.01,696,798329,卖盘,000001,2025-10-17 21:30:22
10:21:00,11.47,0.0,89,102083,卖盘,000001,2025-10-17 21:30:22
10:21:03,11.48,0.01,558,640054,买盘,000001,2025-10-17 21:30:22
10:21:06,11.47,-0.01,39,44743,卖盘,000001,2025-10-17 21:30:22
10:21:09,11.48,0.01,151,173206,买盘,000001,2025-10-17 21:30:22
10:21:12,11.47,-0.01,787,902689,卖盘,000001,2025-10-17 21:30:22
10:21:15,11.46,-0.01,54,61884,卖盘,000001,2025-10-17 21:30:22
10:21:18,11.47,0.01,176,201859,买盘,000001,2025-10-17 21:30:22
10:21:21,11.47,0.0,155,177785,买盘,000001,2025-10-17 21:30:22
10:21:24,11.46,-0.01,412,472177,卖盘,000001,2025-10-17 21:30:22
10:21:27,11.47,0.01,97,111260,卖盘,000001,2025-10-17 21:30:22
10:21:30,11.47,0.0,95,108982,卖盘,000001,2025-10-17 21:30:22
10:21:33,11.47,0.0,111,127323,中性盘,000001,2025-10-17 21:30:22
10:21:36,11.47,0.0,85,97496,卖盘,000001,2025-10-17 21:30:22
10:21:39,11.47,0.0,146,167487,卖盘,000001,2025-10-17 21:30:22
10:21:42,11.47,0.0,107,122729,卖盘,000001,2025-10-17 21:30:22
10:21:45,11.48,0.01,266,305118,买盘,000001,2025-10-17 21:30:22
10:21:48,11.47,-0.01,218,250046,卖盘,000001,2025-10-17 21:30:22
10:21:51,11.47,0.0,80,91760,卖盘,000001,2025-10-17 21:30:22
10:21:54,11.47,0.0,91,104377,买盘,000001,2025-10-17 21:30:22
10:21:57,11.47,0.0,89,102083,卖盘,000001,2025-10-17 21:30:22
10:22:00,11.47,0.0,665,762755,买盘,000001,2025-10-17 21:30:22
10:22:03,11.48,0.01,16,18368,买盘,000001,2025-10-17 21:30:22
10:22:06,11.47,-0.01,340,389994,卖盘,000001,2025-10-17 21:30:22
10:22:09,11.47,0.0,115,131905,卖盘,000001,2025-10-17 21:30:22
10:22:12,11.47,0.0,187,214574,卖盘,000001,2025-10-17 21:30:22
10:22:15,11.47,0.0,60,68820,卖盘,000001,2025-10-17 21:30:22
10:22:18,11.47,0.0,41,47058,卖盘,000001,2025-10-17 21:30:22
10:22:21,11.47,0.0,68,78032,卖盘,000001,2025-10-17 21:30:22
10:22:24,11.47,0.0,43,49321,卖盘,000001,2025-10-17 21:30:22
10:22:27,11.47,0.0,67,76885,卖盘,000001,2025-10-17 21:30:22
10:22:30,11.48,0.01,102,117028,买盘,000001,2025-10-17 21:30:22
10:22:33,11.48,0.0,237,271856,买盘,000001,2025-10-17 21:30:22
10:22:36,11.48,0.0,87,99844,买盘,000001,2025-10-17 21:30:22
10:22:39,11.47,-0.01,99,113602,卖盘,000001,2025-10-17 21:30:22
10:22:42,11.47,0.0,56,64232,卖盘,000001,2025-10-17 21:30:22
10:22:45,11.48,0.01,102,116995,买盘,000001,2025-10-17 21:30:22
10:22:48,11.47,-0.01,50,57350,卖盘,000001,2025-10-17 21:30:22
10:22:51,11.48,0.01,19,21812,买盘,000001,2025-10-17 21:30:22
10:22:54,11.48,0.0,43,49350,买盘,000001,2025-10-17 21:30:22
10:22:57,11.47,-0.01,5194,5954282,卖盘,000001,2025-10-17 21:30:22
10:23:00,11.47,0.0,218,250029,中性盘,000001,2025-10-17 21:30:22
10:23:03,11.47,0.0,374,429057,卖盘,000001,2025-10-17 21:30:22
10:23:06,11.47,0.0,165,189206,买盘,000001,2025-10-17 21:30:22
10:23:09,11.47,0.0,324,371643,卖盘,000001,2025-10-17 21:30:22
10:23:12,11.47,0.0,430,493210,卖盘,000001,2025-10-17 21:30:22
10:23:15,11.47,0.0,183,209901,买盘,000001,2025-10-17 21:30:22
10:23:18,11.47,0.0,43,49321,卖盘,000001,2025-10-17 21:30:22
10:23:21,11.47,0.0,536,615179,卖盘,000001,2025-10-17 21:30:22
10:23:24,11.47,0.0,301,345247,卖盘,000001,2025-10-17 21:30:22
10:23:27,11.47,0.0,25,28675,卖盘,000001,2025-10-17 21:30:22
10:23:30,11.47,0.0,4,4588,卖盘,000001,2025-10-17 21:30:22
10:23:33,11.48,0.01,1030,1181660,买盘,000001,2025-10-17 21:30:22
10:23:36,11.47,-0.01,41,47040,卖盘,000001,2025-10-17 21:30:22
10:23:39,11.47,0.0,45,51615,卖盘,000001,2025-10-17 21:30:22
10:23:42,11.47,0.0,640,734095,卖盘,000001,2025-10-17 21:30:22
10:23:45,11.47,0.0,79,90613,买盘,000001,2025-10-17 21:30:22
10:23:48,11.47,0.0,212,243149,买盘,000001,2025-10-17 21:30:22
10:23:51,11.47,0.0,128,146816,买盘,000001,2025-10-17 21:30:22
10:23:54,11.47,0.0,97,111300,卖盘,000001,2025-10-17 21:30:22
10:23:57,11.46,-0.01,7458,8546918,卖盘,000001,2025-10-17 21:30:22
10:24:00,11.46,0.0,203,232616,买盘,000001,2025-10-17 21:30:22
10:24:03,11.46,0.0,942,1079387,买盘,000001,2025-10-17 21:30:22
10:24:06,11.46,0.0,478,547745,买盘,000001,2025-10-17 21:30:22
10:24:09,11.46,0.0,212,242802,买盘,000001,2025-10-17 21:30:22
10:24:12,11.46,0.0,234,268139,买盘,000001,2025-10-17 21:30:22
10:24:15,11.46,0.0,76,87060,买盘,000001,2025-10-17 21:30:22
10:24:18,11.45,-0.01,104,119119,卖盘,000001,2025-10-17 21:30:22
10:24:21,11.45,0.0,653,747820,卖盘,000001,2025-10-17 21:30:22
10:24:24,11.46,0.01,132,151376,中性盘,000001,2025-10-17 21:30:22
10:24:27,11.46,0.0,64,73360,卖盘,000001,2025-10-17 21:30:22
10:24:30,11.46,0.0,85,97423,卖盘,000001,2025-10-17 21:30:22
10:24:33,11.47,0.01,155,177685,买盘,000001,2025-10-17 21:30:22
10:24:36,11.46,-0.01,74,84804,买盘,000001,2025-10-17 21:30:22
10:24:39,11.46,0.0,247,283061,卖盘,000001,2025-10-17 21:30:22
10:24:42,11.47,0.01,175,200712,买盘,000001,2025-10-17 21:30:22
10:24:45,11.47,0.0,179,205186,买盘,000001,2025-10-17 21:30:22
10:24:48,11.46,-0.01,119,136374,卖盘,000001,2025-10-17 21:30:22
10:24:51,11.46,0.0,18,20628,卖盘,000001,2025-10-17 21:30:22
10:24:54,11.47,0.01,200,229400,买盘,000001,2025-10-17 21:30:22
10:24:57,11.47,0.0,26,29813,买盘,000001,2025-10-17 21:30:22
10:25:00,11.47,0.0,22,25234,买盘,000001,2025-10-17 21:30:22
10:25:03,11.46,-0.01,14,16044,卖盘,000001,2025-10-17 21:30:22
10:25:06,11.46,0.0,76,87109,卖盘,000001,2025-10-17 21:30:22
10:25:09,11.47,0.01,47,53887,买盘,000001,2025-10-17 21:30:22
10:25:12,11.46,-0.01,2,2292,卖盘,000001,2025-10-17 21:30:22
10:25:15,11.47,0.01,41,47027,买盘,000001,2025-10-17 21:30:22
10:25:18,11.46,-0.01,25,28650,卖盘,000001,2025-10-17 21:30:22
10:25:21,11.46,0.0,13,14908,卖盘,000001,2025-10-17 21:30:22
10:25:27,11.46,0.0,15,17194,卖盘,000001,2025-10-17 21:30:22
10:25:30,11.47,0.01,236,270672,买盘,000001,2025-10-17 21:30:22
10:25:33,11.47,0.0,151,173180,买盘,000001,2025-10-17 21:30:22
10:25:36,11.47,0.0,68,77953,买盘,000001,2025-10-17 21:30:22
10:25:39,11.47,0.0,32,36684,买盘,000001,2025-10-17 21:30:22
10:25:42,11.46,-0.01,10,11461,卖盘,000001,2025-10-17 21:30:22
10:25:45,11.47,0.01,113,129611,买盘,000001,2025-10-17 21:30:22
10:25:48,11.47,0.0,1,1147,买盘,000001,2025-10-17 21:30:22
10:25:51,11.47,0.0,1,1147,买盘,000001,2025-10-17 21:30:22
10:25:54,11.47,0.0,233,267225,买盘,000001,2025-10-17 21:30:22
10:26:00,11.47,0.0,114,130748,买盘,000001,2025-10-17 21:30:22
10:26:03,11.46,-0.01,131,150166,卖盘,000001,2025-10-17 21:30:22
10:26:06,11.46,0.0,131,150129,卖盘,000001,2025-10-17 21:30:22
10:26:12,11.47,0.01,26,29812,买盘,000001,2025-10-17 21:30:22
10:26:15,11.47,0.0,86,98642,买盘,000001,2025-10-17 21:30:22
10:26:18,11.47,0.0,157,180079,买盘,000001,2025-10-17 21:30:22
10:26:21,11.47,0.0,180,206460,买盘,000001,2025-10-17 21:30:22
10:26:24,11.47,0.0,10,11470,买盘,000001,2025-10-17 21:30:22
10:26:27,11.46,-0.01,22,25212,卖盘,000001,2025-10-17 21:30:22
10:26:30,11.46,0.0,50,57337,卖盘,000001,2025-10-17 21:30:22
10:26:33,11.47,0.01,39,44733,买盘,000001,2025-10-17 21:30:22
10:26:36,11.46,-0.01,137,157087,卖盘,000001,2025-10-17 21:30:22
10:26:42,11.46,0.0,20,22930,卖盘,000001,2025-10-17 21:30:22
10:26:45,11.46,0.0,92,105442,卖盘,000001,2025-10-17 21:30:22
10:26:48,11.47,0.01,292,334804,买盘,000001,2025-10-17 21:30:22
10:26:51,11.46,-0.01,48,55008,卖盘,000001,2025-10-17 21:30:22
10:26:54,11.46,0.0,4555,5220055,卖盘,000001,2025-10-17 21:30:22
10:26:57,11.46,0.0,26,29795,买盘,000001,2025-10-17 21:30:22
10:27:00,11.45,-0.01,42,48105,卖盘,000001,2025-10-17 21:30:22
10:27:03,11.46,0.01,41,46976,买盘,000001,2025-10-17 21:30:22
10:27:06,11.46,0.0,66,75604,买盘,000001,2025-10-17 21:30:22
10:27:09,11.46,0.0,224,256680,买盘,000001,2025-10-17 21:30:22
10:27:12,11.45,-0.01,65,74475,卖盘,000001,2025-10-17 21:30:22
10:27:15,11.46,0.01,223,255558,买盘,000001,2025-10-17 21:30:22
10:27:18,11.46,0.0,143,163858,买盘,000001,2025-10-17 21:30:22
10:27:24,11.46,0.0,42,48129,买盘,000001,2025-10-17 21:30:22
10:27:27,11.46,0.0,116,132905,买盘,000001,2025-10-17 21:30:22
10:27:30,11.45,-0.01,11,12601,卖盘,000001,2025-10-17 21:30:22
10:27:33,11.46,0.01,99,113415,买盘,000001,2025-10-17 21:30:22
10:27:36,11.45,-0.01,552,632087,卖盘,000001,2025-10-17 21:30:22
10:27:39,11.45,0.0,131,150033,卖盘,000001,2025-10-17 21:30:22
10:27:42,11.45,0.0,1827,2091933,卖盘,000001,2025-10-17 21:30:22
10:27:45,11.45,0.0,272,311450,卖盘,000001,2025-10-17 21:30:22
10:27:48,11.45,0.0,172,196990,卖盘,000001,2025-10-17 21:30:22
10:27:51,11.46,0.01,98,112254,买盘,000001,2025-10-17 21:30:22
10:27:54,11.45,-0.01,108,123710,卖盘,000001,2025-10-17 21:30:22
10:27:57,11.45,0.0,222,254190,卖盘,000001,2025-10-17 21:30:22
10:28:00,11.46,0.01,2416,2766329,买盘,000001,2025-10-17 21:30:22
10:28:03,11.45,-0.01,5984,6851669,卖盘,000001,2025-10-17 21:30:22
10:28:06,11.44,-0.01,587,671533,卖盘,000001,2025-10-17 21:30:22
10:28:09,11.44,0.0,639,731507,卖盘,000001,2025-10-17 21:30:22
10:28:12,11.45,0.01,28,32047,买盘,000001,2025-10-17 21:30:22
10:28:15,11.44,-0.01,19,21736,卖盘,000001,2025-10-17 21:30:22
10:28:18,11.44,0.0,977,1118647,卖盘,000001,2025-10-17 21:30:22
10:28:21,11.45,0.01,69,79065,中性盘,000001,2025-10-17 21:30:22
10:28:24,11.45,0.0,100,114500,卖盘,000001,2025-10-17 21:30:22
10:28:27,11.46,0.01,865,990676,买盘,000001,2025-10-17 21:30:22
10:28:30,11.45,-0.01,43,49243,卖盘,000001,2025-10-17 21:30:22
10:28:33,11.46,0.01,6,6876,买盘,000001,2025-10-17 21:30:22
10:28:36,11.45,-0.01,273,312617,卖盘,000001,2025-10-17 21:30:22
10:28:39,11.46,0.01,3121,3576656,买盘,000001,2025-10-17 21:30:22
10:28:42,11.47,0.01,125,143282,买盘,000001,2025-10-17 21:30:22
10:28:45,11.46,-0.01,120,137595,卖盘,000001,2025-10-17 21:30:22
10:28:48,11.47,0.01,92,105467,买盘,000001,2025-10-17 21:30:22
10:28:51,11.47,0.0,64,73383,买盘,000001,2025-10-17 21:30:22
10:28:54,11.46,-0.01,57,65343,卖盘,000001,2025-10-17 21:30:22
10:28:57,11.47,0.01,2030,2328380,买盘,000001,2025-10-17 21:30:22
10:29:00,11.46,-0.01,279,319946,卖盘,000001,2025-10-17 21:30:22
10:29:03,11.47,0.01,1324,1518616,买盘,000001,2025-10-17 21:30:22
10:29:06,11.47,0.0,385,441595,卖盘,000001,2025-10-17 21:30:22
10:29:09,11.48,0.01,90,103232,买盘,000001,2025-10-17 21:30:22
10:29:12,11.47,-0.01,293,336185,卖盘,000001,2025-10-17 21:30:22
10:29:15,11.47,0.0,31,36032,卖盘,000001,2025-10-17 21:30:22
10:29:18,11.47,0.0,87,99789,卖盘,000001,2025-10-17 21:30:22
10:29:21,11.47,0.0,601,688888,卖盘,000001,2025-10-17 21:30:22
10:29:24,11.46,-0.01,85,97443,卖盘,000001,2025-10-17 21:30:22
10:29:27,11.47,0.01,160,183466,买盘,000001,2025-10-17 21:30:22
10:29:30,11.47,0.0,65,74554,买盘,000001,2025-10-17 21:30:22
10:29:33,11.46,-0.01,117,134148,卖盘,000001,2025-10-17 21:30:22
10:29:36,11.47,0.01,68,77996,买盘,000001,2025-10-17 21:30:22
10:29:39,11.46,-0.01,704,807138,卖盘,000001,2025-10-17 21:30:22
10:29:42,11.47,0.01,272,311766,买盘,000001,2025-10-17 21:30:22
10:29:45,11.47,0.0,39,44726,买盘,000001,2025-10-17 21:30:22
10:29:48,11.46,-0.01,33,37826,卖盘,000001,2025-10-17 21:30:22
10:29:51,11.47,0.01,56,64232,买盘,000001,2025-10-17 21:30:22
10:29:54,11.47,0.0,36,41312,卖盘,000001,2025-10-17 21:30:22
10:29:57,11.46,-0.01,45,51600,卖盘,000001,2025-10-17 21:30:22
10:30:00,11.46,0.0,12,13752,卖盘,000001,2025-10-17 21:30:22
10:30:03,11.48,0.02,120,137676,买盘,000001,2025-10-17 21:30:22
10:30:06,11.46,-0.02,94,107805,卖盘,000001,2025-10-17 21:30:22
10:30:09,11.47,0.01,100,114619,买盘,000001,2025-10-17 21:30:22
10:30:12,11.47,0.0,61,69979,买盘,000001,2025-10-17 21:30:22
10:30:15,11.46,-0.01,42,48157,卖盘,000001,2025-10-17 21:30:22
10:30:18,11.47,0.01,206,236297,买盘,000001,2025-10-17 21:30:22
10:30:21,11.48,0.01,100,114794,买盘,000001,2025-10-17 21:30:22
10:30:30,11.47,-0.01,35,40171,卖盘,000001,2025-10-17 21:30:22
10:30:33,11.48,0.01,33,37867,买盘,000001,2025-10-17 21:30:22
10:30:36,11.47,-0.01,176,202028,卖盘,000001,2025-10-17 21:30:22
10:30:39,11.48,0.01,11,12628,买盘,000001,2025-10-17 21:30:22
10:30:42,11.47,-0.01,40,45880,卖盘,000001,2025-10-17 21:30:22
10:30:45,11.48,0.01,10,11480,买盘,000001,2025-10-17 21:30:22
10:30:51,11.48,0.0,67,76880,买盘,000001,2025-10-17 21:30:22
10:30:54,11.48,0.0,56,64254,买盘,000001,2025-10-17 21:30:22
10:30:57,11.47,-0.01,33,37851,卖盘,000001,2025-10-17 21:30:22
10:31:00,11.48,0.01,45,52084,买盘,000001,2025-10-17 21:30:22
10:31:03,11.48,0.0,53,60809,买盘,000001,2025-10-17 21:30:22
10:31:06,11.48,0.0,230,263884,买盘,000001,2025-10-17 21:30:22
10:31:09,11.47,-0.01,314,360302,卖盘,000001,2025-10-17 21:30:22
10:31:12,11.48,0.01,127,145762,买盘,000001,2025-10-17 21:30:22
10:31:15,11.47,-0.01,16,18352,卖盘,000001,2025-10-17 21:30:22
10:31:18,11.48,0.01,39,44772,买盘,000001,2025-10-17 21:30:22
10:31:21,11.48,0.0,191,219243,买盘,000001,2025-10-17 21:30:22
10:31:24,11.48,0.0,8,9184,买盘,000001,2025-10-17 21:30:22
10:31:27,11.48,0.0,123,141161,买盘,000001,2025-10-17 21:30:22
10:31:30,11.48,0.0,244,280112,买盘,000001,2025-10-17 21:30:22
10:31:33,11.48,0.0,96,110208,买盘,000001,2025-10-17 21:30:22
10:31:36,11.47,-0.01,27,30980,卖盘,000001,2025-10-17 21:30:22
10:31:39,11.48,0.01,342,392616,买盘,000001,2025-10-17 21:30:22
10:31:42,11.48,0.0,41,47048,买盘,000001,2025-10-17 21:30:22
10:31:45,11.47,-0.01,264,303056,卖盘,000001,2025-10-17 21:30:22
10:31:48,11.48,0.01,56,64283,买盘,000001,2025-10-17 21:30:22
10:31:51,11.48,0.0,67,76916,买盘,000001,2025-10-17 21:30:22
10:31:54,11.47,-0.01,64,73449,卖盘,000001,2025-10-17 21:30:22
10:32:00,11.48,0.01,22,25256,买盘,000001,2025-10-17 21:30:22
10:32:03,11.48,0.0,54,61992,买盘,000001,2025-10-17 21:30:22
10:32:06,11.48,0.0,23,26404,买盘,000001,2025-10-17 21:30:22
10:32:09,11.48,0.0,203,232931,买盘,000001,2025-10-17 21:30:22
10:32:12,11.48,0.0,65,74603,买盘,000001,2025-10-17 21:30:22
10:32:15,11.47,-0.01,79,90615,卖盘,000001,2025-10-17 21:30:22
10:32:18,11.47,0.0,121,138826,卖盘,000001,2025-10-17 21:30:22
10:32:21,11.48,0.01,263,301869,买盘,000001,2025-10-17 21:30:22
10:32:24,11.48,0.0,57,65436,买盘,000001,2025-10-17 21:30:22
10:32:27,11.47,-0.01,56,64248,卖盘,000001,2025-10-17 21:30:22
10:32:30,11.47,0.0,194,222693,卖盘,000001,2025-10-17 21:30:22
10:32:33,11.48,0.01,17,19516,买盘,000001,2025-10-17 21:30:22
10:32:36,11.47,-0.01,14,16070,卖盘,000001,2025-10-17 21:30:22
10:32:39,11.48,0.01,18,20664,买盘,000001,2025-10-17 21:30:22
10:32:42,11.48,0.0,17,19516,买盘,000001,2025-10-17 21:30:22
10:32:48,11.48,0.0,9,10332,买盘,000001,2025-10-17 21:30:22
10:32:51,11.47,-0.01,128,146903,卖盘,000001,2025-10-17 21:30:22
10:32:54,11.48,0.01,5,5740,买盘,000001,2025-10-17 21:30:22
10:32:57,11.47,-0.01,135,154871,卖盘,000001,2025-10-17 21:30:22
10:33:00,11.47,0.0,16,18352,卖盘,000001,2025-10-17 21:30:22
10:33:03,11.47,0.0,268,307415,卖盘,000001,2025-10-17 21:30:22
10:33:06,11.48,0.01,94,107848,买盘,000001,2025-10-17 21:30:22
10:33:09,11.47,-0.01,2856,3274499,卖盘,000001,2025-10-17 21:30:22
10:33:12,11.47,0.0,58,66508,买盘,000001,2025-10-17 21:30:22
10:33:15,11.47,0.0,75,86025,买盘,000001,2025-10-17 21:30:22
10:33:18,11.47,0.0,158,181226,买盘,000001,2025-10-17 21:30:22
10:33:21,11.46,-0.01,23,26367,卖盘,000001,2025-10-17 21:30:22
10:33:24,11.47,0.01,114,130758,买盘,000001,2025-10-17 21:30:22
10:33:27,11.46,-0.01,25,28650,卖盘,000001,2025-10-17 21:30:22
10:33:30,11.47,0.01,129,147894,买盘,000001,2025-10-17 21:30:22
10:33:33,11.47,0.0,163,186892,买盘,000001,2025-10-17 21:30:22
10:33:36,11.46,-0.01,163,186838,卖盘,000001,2025-10-17 21:30:22
10:33:39,11.46,0.0,162,185703,卖盘,000001,2025-10-17 21:30:22
10:33:42,11.47,0.01,23,26360,买盘,000001,2025-10-17 21:30:22
10:33:45,11.46,-0.01,41,47009,卖盘,000001,2025-10-17 21:30:22
10:33:48,11.47,0.01,59,67673,买盘,000001,2025-10-17 21:30:22
10:33:54,11.47,0.0,963,1104561,买盘,000001,2025-10-17 21:30:22
10:33:57,11.47,0.0,18,20653,卖盘,000001,2025-10-17 21:30:22
10:34:00,11.47,0.0,96,110117,卖盘,000001,2025-10-17 21:30:22
10:34:03,11.48,0.01,31,35588,买盘,000001,2025-10-17 21:30:22
10:34:06,11.47,-0.01,78,89466,卖盘,000001,2025-10-17 21:30:22
10:34:09,11.48,0.01,22,25255,买盘,000001,2025-10-17 21:30:22
10:34:12,11.47,-0.01,40,45880,卖盘,000001,2025-10-17 21:30:22
10:34:15,11.47,0.0,5,5736,卖盘,000001,2025-10-17 21:30:22
10:34:18,11.48,0.01,44,50485,买盘,000001,2025-10-17 21:30:22
10:34:24,11.48,0.0,94,107845,买盘,000001,2025-10-17 21:30:22
10:34:27,11.48,0.0,71,81466,买盘,000001,2025-10-17 21:30:22
10:34:30,11.48,0.0,313,359161,买盘,000001,2025-10-17 21:30:22
10:34:33,11.48,0.0,60,68851,买盘,000001,2025-10-17 21:30:22
10:34:36,11.48,0.0,18,20663,买盘,000001,2025-10-17 21:30:22
10:34:39,11.48,0.0,14,16060,买盘,000001,2025-10-17 21:30:22
10:34:42,11.48,0.0,7,8036,买盘,000001,2025-10-17 21:30:22
10:34:45,11.48,0.0,5,5740,买盘,000001,2025-10-17 21:30:22
10:34:48,11.48,0.0,58,66530,买盘,000001,2025-10-17 21:30:22
10:34:51,11.48,0.0,55,63103,买盘,000001,2025-10-17 21:30:22
10:34:54,11.48,0.0,91,104455,买盘,000001,2025-10-17 21:30:22
10:34:57,11.48,0.0,15,17212,买盘,000001,2025-10-17 21:30:22
10:35:03,11.48,0.0,53,60842,买盘,000001,2025-10-17 21:30:22
10:35:06,11.48,0.0,43,49364,买盘,000001,2025-10-17 21:30:22
10:35:09,11.48,0.0,42,48214,买盘,000001,2025-10-17 21:30:22
10:35:12,11.48,0.0,29,33282,买盘,000001,2025-10-17 21:30:22
10:35:15,11.47,-0.01,7,8030,卖盘,000001,2025-10-17 21:30:22
10:35:18,11.48,0.01,4,4592,买盘,000001,2025-10-17 21:30:22
10:35:21,11.48,0.0,53,60844,买盘,000001,2025-10-17 21:30:22
10:35:24,11.48,0.0,59,67732,买盘,000001,2025-10-17 21:30:22
10:35:27,11.48,0.0,110,126280,买盘,000001,2025-10-17 21:30:22
10:35:30,11.48,0.0,10,11480,买盘,000001,2025-10-17 21:30:22
10:35:33,11.48,0.0,41,47037,买盘,000001,2025-10-17 21:30:22
10:35:36,11.47,-0.01,66,75743,卖盘,000001,2025-10-17 21:30:22
10:35:39,11.48,0.01,106,121663,买盘,000001,2025-10-17 21:30:22
10:35:42,11.48,0.0,23,26396,买盘,000001,2025-10-17 21:30:22
10:35:45,11.47,-0.01,203,232844,卖盘,000001,2025-10-17 21:30:22
10:35:48,11.48,0.01,191,219228,买盘,000001,2025-10-17 21:30:22
10:35:51,11.48,0.0,38,43624,买盘,000001,2025-10-17 21:30:22
10:35:54,11.48,0.0,22,25256,买盘,000001,2025-10-17 21:30:22
10:35:57,11.48,0.0,10,11480,买盘,000001,2025-10-17 21:30:22
10:36:00,11.47,-0.01,76,87174,卖盘,000001,2025-10-17 21:30:22
10:36:03,11.48,0.01,152,174363,买盘,000001,2025-10-17 21:30:22
10:36:06,11.47,-0.01,155,177785,卖盘,000001,2025-10-17 21:30:22
10:36:09,11.48,0.01,150,172145,买盘,000001,2025-10-17 21:30:22
10:36:12,11.47,-0.01,59,67673,卖盘,000001,2025-10-17 21:30:22
10:36:15,11.48,0.01,48,55091,买盘,000001,2025-10-17 21:30:22
10:36:18,11.48,0.0,90,103320,买盘,000001,2025-10-17 21:30:22
10:36:21,11.48,0.0,11,12628,买盘,000001,2025-10-17 21:30:22
10:36:24,11.48,0.0,322,369656,买盘,000001,2025-10-17 21:30:22
10:36:27,11.48,0.0,1056,1212797,买盘,000001,2025-10-17 21:30:22
10:36:30,11.48,0.0,78,89544,卖盘,000001,2025-10-17 21:30:22
10:36:33,11.49,0.01,91,104495,买盘,000001,2025-10-17 21:30:22
10:36:36,11.49,0.0,27,30998,买盘,000001,2025-10-17 21:30:22
10:36:39,11.49,0.0,35,40215,买盘,000001,2025-10-17 21:30:22
10:36:42,11.48,-0.01,1197,1374554,卖盘,000001,2025-10-17 21:30:22
10:36:45,11.49,0.01,8,9191,买盘,000001,2025-10-17 21:30:22
10:36:48,11.49,0.0,34,39066,买盘,000001,2025-10-17 21:30:22
10:36:51,11.49,0.0,11,12638,买盘,000001,2025-10-17 21:30:22
10:36:54,11.49,0.0,13,14937,买盘,000001,2025-10-17 21:30:22
10:36:57,11.49,0.0,16,18384,买盘,000001,2025-10-17 21:30:22
10:37:00,11.48,-0.01,63,72344,卖盘,000001,2025-10-17 21:30:22
10:37:03,11.48,0.0,77,88435,卖盘,000001,2025-10-17 21:30:22
10:37:06,11.48,0.0,14,16072,卖盘,000001,2025-10-17 21:30:22
10:37:09,11.49,0.01,159,182632,买盘,000001,2025-10-17 21:30:22
10:37:12,11.49,0.0,386,443181,买盘,000001,2025-10-17 21:30:22
10:37:15,11.48,-0.01,19,21828,卖盘,000001,2025-10-17 21:30:22
10:37:18,11.48,0.0,57,65436,卖盘,000001,2025-10-17 21:30:22
10:37:21,11.49,0.01,19,21831,买盘,000001,2025-10-17 21:30:22
10:37:24,11.49,0.0,62,71238,买盘,000001,2025-10-17 21:30:22
10:37:30,11.49,0.0,33,37907,买盘,000001,2025-10-17 21:30:22
10:37:33,11.48,-0.01,124,142364,卖盘,000001,2025-10-17 21:30:22
10:37:36,11.48,0.0,109,125132,卖盘,000001,2025-10-17 21:30:22
10:37:39,11.49,0.01,18,20682,买盘,000001,2025-10-17 21:30:22
10:37:42,11.48,-0.01,309,354743,卖盘,000001,2025-10-17 21:30:22
10:37:45,11.48,0.0,104,119339,买盘,000001,2025-10-17 21:30:22
10:37:48,11.48,0.0,86,98706,买盘,000001,2025-10-17 21:30:22
10:37:51,11.48,0.0,50,57400,卖盘,000001,2025-10-17 21:30:22
10:37:57,11.48,0.0,13,14924,卖盘,000001,2025-10-17 21:30:22
10:38:00,11.48,0.0,502,576396,卖盘,000001,2025-10-17 21:30:22
10:38:03,11.48,0.0,112,128537,买盘,000001,2025-10-17 21:30:22
10:38:06,11.48,0.0,130,149165,买盘,000001,2025-10-17 21:30:22
10:38:09,11.47,-0.01,47,53927,卖盘,000001,2025-10-17 21:30:22
10:38:12,11.47,0.0,45,51617,卖盘,000001,2025-10-17 21:30:22
10:38:15,11.48,0.01,38,43624,买盘,000001,2025-10-17 21:30:22
10:38:18,11.48,0.0,348,399504,买盘,000001,2025-10-17 21:30:22
10:38:21,11.48,0.0,33,37878,买盘,000001,2025-10-17 21:30:22
10:38:24,11.48,0.0,5,5740,买盘,000001,2025-10-17 21:30:22
10:38:27,11.48,0.0,64,73472,买盘,000001,2025-10-17 21:30:22
10:38:30,11.48,0.0,130,149266,卖盘,000001,2025-10-17 21:30:22
10:38:33,11.49,0.01,40,45960,买盘,000001,2025-10-17 21:30:22
10:38:36,11.48,-0.01,11,12634,卖盘,000001,2025-10-17 21:30:22
10:38:42,11.48,0.0,20,22964,卖盘,000001,2025-10-17 21:30:22
10:38:45,11.49,0.01,58,66629,买盘,000001,2025-10-17 21:30:22
10:38:48,11.49,0.0,362,415938,买盘,000001,2025-10-17 21:30:22
10:38:51,11.48,-0.01,75,86116,卖盘,000001,2025-10-17 21:30:22
10:38:54,11.48,0.0,61,70043,卖盘,000001,2025-10-17 21:30:22
10:38:57,11.49,0.01,20,22962,买盘,000001,2025-10-17 21:30:22
10:39:00,11.48,-0.01,15,17225,卖盘,000001,2025-10-17 21:30:22
10:39:03,11.49,0.01,117,134337,买盘,000001,2025-10-17 21:30:22
10:39:06,11.49,0.0,33,37900,买盘,000001,2025-10-17 21:30:22
10:39:09,11.49,0.0,131,150519,买盘,000001,2025-10-17 21:30:22
10:39:12,11.48,-0.01,260,298680,卖盘,000001,2025-10-17 21:30:22
10:39:15,11.48,0.0,98,112518,卖盘,000001,2025-10-17 21:30:22
10:39:18,11.48,0.0,67,76916,卖盘,000001,2025-10-17 21:30:22
10:39:21,11.48,0.0,17,19532,卖盘,000001,2025-10-17 21:30:22
10:39:24,11.49,0.01,130,149370,买盘,000001,2025-10-17 21:30:22
10:39:27,11.49,0.0,27,30999,买盘,000001,2025-10-17 21:30:22
10:39:30,11.48,-0.01,161,184828,卖盘,000001,2025-10-17 21:30:22
10:39:33,11.48,0.0,22,25256,卖盘,000001,2025-10-17 21:30:22
10:39:36,11.48,0.0,60,68880,卖盘,000001,2025-10-17 21:30:22
10:39:39,11.48,0.0,45,51682,卖盘,000001,2025-10-17 21:30:22
10:39:42,11.48,0.0,385,442339,卖盘,000001,2025-10-17 21:30:22
10:39:45,11.49,0.01,33,37916,买盘,000001,2025-10-17 21:30:22
10:39:48,11.49,0.0,7,8043,买盘,000001,2025-10-17 21:30:22
10:39:51,11.49,0.0,12,13788,买盘,000001,2025-10-17 21:30:22
10:39:54,11.49,0.0,31,35614,买盘,000001,2025-10-17 21:30:22
10:39:57,11.48,-0.01,3,3444,卖盘,000001,2025-10-17 21:30:22
10:40:00,11.49,0.01,52,59748,买盘,000001,2025-10-17 21:30:22
10:40:03,11.48,-0.01,8,9184,卖盘,000001,2025-10-17 21:30:22
10:40:06,11.49,0.01,211,242436,买盘,000001,2025-10-17 21:30:22
10:40:09,11.49,0.0,32,36751,买盘,000001,2025-10-17 21:30:22
10:40:12,11.49,0.0,17,19528,买盘,000001,2025-10-17 21:30:22
10:40:15,11.49,0.0,23,26427,买盘,000001,2025-10-17 21:30:22
10:40:18,11.48,-0.01,5,5741,卖盘,000001,2025-10-17 21:30:22
10:40:21,11.48,0.0,9,10334,卖盘,000001,2025-10-17 21:30:22
10:40:24,11.49,0.01,341,391805,买盘,000001,2025-10-17 21:30:22
10:40:27,11.48,-0.01,68,78100,卖盘,000001,2025-10-17 21:30:22
10:40:30,11.49,0.01,38,43636,买盘,000001,2025-10-17 21:30:22
10:40:33,11.48,-0.01,2146,2463629,卖盘,000001,2025-10-17 21:30:22
10:40:36,11.47,-0.01,60,68820,卖盘,000001,2025-10-17 21:30:22
10:40:39,11.48,0.01,205,235325,买盘,000001,2025-10-17 21:30:22
10:40:42,11.48,0.0,136,156128,买盘,000001,2025-10-17 21:30:22
10:40:45,11.47,-0.01,748,858688,卖盘,000001,2025-10-17 21:30:22
10:40:48,11.47,0.0,5,5735,卖盘,000001,2025-10-17 21:30:22
10:40:51,11.48,0.01,171,196210,买盘,000001,2025-10-17 21:30:22
10:40:54,11.48,0.0,27,30970,买盘,000001,2025-10-17 21:30:22
10:40:57,11.48,0.0,35,40180,买盘,000001,2025-10-17 21:30:22
10:41:00,11.48,0.0,11,12628,买盘,000001,2025-10-17 21:30:22
10:41:03,11.47,-0.01,58,66526,卖盘,000001,2025-10-17 21:30:22
10:41:06,11.47,0.0,72,82596,卖盘,000001,2025-10-17 21:30:22
10:41:09,11.47,0.0,39,44733,卖盘,000001,2025-10-17 21:30:22
10:41:12,11.47,0.0,5,5735,卖盘,000001,2025-10-17 21:30:22
10:41:15,11.47,0.0,56,64269,卖盘,000001,2025-10-17 21:30:22
10:41:18,11.48,0.01,5,5740,买盘,000001,2025-10-17 21:30:22
10:41:21,11.48,0.0,731,839188,买盘,000001,2025-10-17 21:30:22
10:41:24,11.48,0.0,58,66579,买盘,000001,2025-10-17 21:30:22
10:41:27,11.47,-0.01,3,3441,卖盘,000001,2025-10-17 21:30:22
10:41:30,11.48,0.01,47,53953,买盘,000001,2025-10-17 21:30:22
10:41:33,11.47,-0.01,2,2294,卖盘,000001,2025-10-17 21:30:22
10:41:36,11.47,0.0,15,17205,卖盘,000001,2025-10-17 21:30:22
10:41:39,11.47,0.0,30,34410,卖盘,000001,2025-10-17 21:30:22
10:41:42,11.47,0.0,35,40155,卖盘,000001,2025-10-17 21:30:22
10:41:45,11.47,0.0,819,939409,卖盘,000001,2025-10-17 21:30:22
10:41:48,11.47,0.0,726,832731,卖盘,000001,2025-10-17 21:30:22
10:41:51,11.46,-0.01,1745,2001460,卖盘,000001,2025-10-17 21:30:22
10:41:54,11.47,0.01,97,111172,买盘,000001,2025-10-17 21:30:22
10:41:57,11.47,0.0,52,59617,买盘,000001,2025-10-17 21:30:22
10:42:00,11.46,-0.01,15,17190,卖盘,000001,2025-10-17 21:30:22
10:42:03,11.47,0.01,71,81420,买盘,000001,2025-10-17 21:30:22
10:42:06,11.46,-0.01,112,128352,卖盘,000001,2025-10-17 21:30:22
10:42:09,11.47,0.01,225,258075,买盘,000001,2025-10-17 21:30:22
10:42:12,11.48,0.01,415,476035,买盘,000001,2025-10-17 21:30:22
10:42:15,11.47,-0.01,15,17205,卖盘,000001,2025-10-17 21:30:22
10:42:18,11.48,0.01,91,104468,买盘,000001,2025-10-17 21:30:22
10:42:21,11.47,-0.01,200,229400,卖盘,000001,2025-10-17 21:30:22
10:42:27,11.48,0.01,60,68865,买盘,000001,2025-10-17 21:30:22
10:42:30,11.47,-0.01,40,45880,卖盘,000001,2025-10-17 21:30:22
10:42:33,11.48,0.01,47,53925,买盘,000001,2025-10-17 21:30:22
10:42:36,11.47,-0.01,255,292646,卖盘,000001,2025-10-17 21:30:22
10:42:39,11.47,0.0,77,88319,卖盘,000001,2025-10-17 21:30:22
10:42:42,11.47,0.0,12,13764,卖盘,000001,2025-10-17 21:30:22
10:42:51,11.48,0.01,18,20664,买盘,000001,2025-10-17 21:30:22
10:42:54,11.48,0.0,10,11480,买盘,000001,2025-10-17 21:30:22
10:42:57,11.47,-0.01,177,203019,卖盘,000001,2025-10-17 21:30:22
10:43:00,11.48,0.01,21,24100,买盘,000001,2025-10-17 21:30:22
10:43:03,11.47,-0.01,107,122729,卖盘,000001,2025-10-17 21:30:22
10:43:06,11.46,-0.01,193,221366,卖盘,000001,2025-10-17 21:30:22
10:43:09,11.46,0.0,63,72198,卖盘,000001,2025-10-17 21:30:22
10:43:12,11.46,0.0,12,13752,卖盘,000001,2025-10-17 21:30:22
10:43:15,11.46,0.0,9,10314,卖盘,000001,2025-10-17 21:30:22
10:43:18,11.47,0.01,249,285594,买盘,000001,2025-10-17 21:30:22
10:43:21,11.47,0.0,714,818958,买盘,000001,2025-10-17 21:30:22
10:43:24,11.47,0.0,205,235277,卖盘,000001,2025-10-17 21:30:22
10:43:27,11.48,0.01,15,17220,买盘,000001,2025-10-17 21:30:22
10:43:30,11.48,0.0,85,97510,买盘,000001,2025-10-17 21:30:22
10:43:36,11.48,0.0,15,17220,买盘,000001,2025-10-17 21:30:22
10:43:39,11.48,0.0,190,218120,买盘,000001,2025-10-17 21:30:22
10:43:42,11.48,0.0,15,17220,买盘,000001,2025-10-17 21:30:22
10:43:45,11.48,0.0,224,256997,买盘,000001,2025-10-17 21:30:22
10:43:48,11.47,-0.01,70,80320,卖盘,000001,2025-10-17 21:30:22
10:43:51,11.47,0.0,61,69982,卖盘,000001,2025-10-17 21:30:22
10:43:54,11.48,0.01,46,52808,买盘,000001,2025-10-17 21:30:22
10:43:57,11.47,-0.01,30,34410,卖盘,000001,2025-10-17 21:30:22
10:44:00,11.47,0.0,37,42439,卖盘,000001,2025-10-17 21:30:22
10:44:03,11.48,0.01,31,35578,买盘,000001,2025-10-17 21:30:22
10:44:06,11.48,0.0,63,72319,买盘,000001,2025-10-17 21:30:22
10:44:09,11.48,0.0,16,18368,买盘,000001,2025-10-17 21:30:22
10:44:12,11.47,-0.01,25,28675,卖盘,000001,2025-10-17 21:30:22
10:44:15,11.47,0.0,58,66526,卖盘,000001,2025-10-17 21:30:22
10:44:18,11.48,0.01,59,67722,买盘,000001,2025-10-17 21:30:22
10:44:21,11.47,-0.01,39,44748,卖盘,000001,2025-10-17 21:30:22
10:44:24,11.48,0.01,216,247767,买盘,000001,2025-10-17 21:30:22
10:44:27,11.48,0.0,16,18368,买盘,000001,2025-10-17 21:30:22
10:44:30,11.47,-0.01,43,49322,卖盘,000001,2025-10-17 21:30:22
10:44:33,11.47,0.0,45,51630,卖盘,000001,2025-10-17 21:30:22
10:44:36,11.48,0.01,121,138803,买盘,000001,2025-10-17 21:30:22
10:44:39,11.47,-0.01,32,36704,卖盘,000001,2025-10-17 21:30:22
10:44:42,11.48,0.01,53,60832,买盘,000001,2025-10-17 21:30:22
10:44:45,11.48,0.0,50,57399,买盘,000001,2025-10-17 21:30:22
10:44:48,11.48,0.0,31,35587,买盘,000001,2025-10-17 21:30:22
10:44:51,11.47,-0.01,44,50478,卖盘,000001,2025-10-17 21:30:22
10:44:54,11.47,0.0,23,26381,卖盘,000001,2025-10-17 21:30:22
10:44:57,11.48,0.01,35,40161,买盘,000001,2025-10-17 21:30:22
10:45:00,11.47,-0.01,38,43586,卖盘,000001,2025-10-17 21:30:22
10:45:06,11.48,0.01,4,4590,买盘,000001,2025-10-17 21:30:22
10:45:09,11.47,-0.01,44,50468,卖盘,000001,2025-10-17 21:30:22
10:45:12,11.48,0.01,75,86100,买盘,000001,2025-10-17 21:30:22
10:45:15,11.48,0.0,339,389172,买盘,000001,2025-10-17 21:30:22
10:45:18,11.48,0.0,34,39024,买盘,000001,2025-10-17 21:30:22
10:45:21,11.47,-0.01,39,44733,卖盘,000001,2025-10-17 21:30:22
10:45:27,11.47,0.0,32,36704,卖盘,000001,2025-10-17 21:30:22
10:45:30,11.48,0.01,159,182532,买盘,000001,2025-10-17 21:30:22
10:45:33,11.48,0.0,340,390020,买盘,000001,2025-10-17 21:30:22
10:45:36,11.48,0.0,41,47044,买盘,000001,2025-10-17 21:30:22
10:45:39,11.47,-0.01,10,11470,卖盘,000001,2025-10-17 21:30:22
10:45:42,11.48,0.01,72,82656,买盘,000001,2025-10-17 21:30:22
10:45:45,11.48,0.0,27,30995,买盘,000001,2025-10-17 21:30:22
10:45:48,11.48,0.0,224,257152,买盘,000001,2025-10-17 21:30:22
10:45:51,11.48,0.0,41,47064,买盘,000001,2025-10-17 21:30:22
10:45:54,11.47,-0.01,190,217959,卖盘,000001,2025-10-17 21:30:22
10:45:57,11.47,0.0,24,27533,卖盘,000001,2025-10-17 21:30:22
10:46:00,11.48,0.01,59,67732,买盘,000001,2025-10-17 21:30:22
10:46:03,11.49,0.01,227,260642,买盘,000001,2025-10-17 21:30:22
10:46:06,11.49,0.0,76,87324,买盘,000001,2025-10-17 21:30:22
10:46:09,11.49,0.0,160,183840,买盘,000001,2025-10-17 21:30:22
10:46:12,11.49,0.0,55,63141,买盘,000001,2025-10-17 21:30:22
10:46:15,11.48,-0.01,152,174646,中性盘,000001,2025-10-17 21:30:22
10:46:18,11.49,0.01,31,35619,买盘,000001,2025-10-17 21:30:22
10:46:21,11.48,-0.01,71,81574,卖盘,000001,2025-10-17 21:30:22
10:46:24,11.48,0.0,1,1148,卖盘,000001,2025-10-17 21:30:22
10:46:27,11.49,0.01,177,203362,买盘,000001,2025-10-17 21:30:22
10:46:30,11.49,0.0,1,1149,买盘,000001,2025-10-17 21:30:22
10:46:33,11.49,0.0,30,34460,买盘,000001,2025-10-17 21:30:22
10:46:36,11.48,-0.01,50,57415,卖盘,000001,2025-10-17 21:30:22
10:46:39,11.49,0.01,26,29850,买盘,000001,2025-10-17 21:30:22
10:46:42,11.49,0.0,85,97665,买盘,000001,2025-10-17 21:30:22
10:46:45,11.49,0.0,31,35619,买盘,000001,2025-10-17 21:30:22
10:46:48,11.49,0.0,75,86175,买盘,000001,2025-10-17 21:30:22
10:46:51,11.49,0.0,219,251631,买盘,000001,2025-10-17 21:30:22
10:46:54,11.49,0.0,5,5745,买盘,000001,2025-10-17 21:30:22
10:46:57,11.49,0.0,5,5745,买盘,000001,2025-10-17 21:30:22
10:47:00,11.49,0.0,85,97692,买盘,000001,2025-10-17 21:30:22
10:47:03,11.49,0.0,59,67791,买盘,000001,2025-10-17 21:30:22
10:47:06,11.49,0.0,28,32172,买盘,000001,2025-10-17 21:30:22
10:47:09,11.49,0.0,112,128688,买盘,000001,2025-10-17 21:30:22
10:47:12,11.49,0.0,153,175785,买盘,000001,2025-10-17 21:30:22
10:47:15,11.49,0.0,123,141327,卖盘,000001,2025-10-17 21:30:22
10:47:18,11.49,0.0,25,28725,卖盘,000001,2025-10-17 21:30:22
10:47:21,11.49,0.0,82,94278,卖盘,000001,2025-10-17 21:30:22
10:47:24,11.49,0.0,52,59748,卖盘,000001,2025-10-17 21:30:22
10:47:27,11.49,0.0,12,13788,买盘,000001,2025-10-17 21:30:22
10:47:30,11.49,0.0,18,20682,买盘,000001,2025-10-17 21:30:22
10:47:33,11.49,0.0,50,57450,买盘,000001,2025-10-17 21:30:22
10:47:36,11.49,0.0,160,183840,买盘,000001,2025-10-17 21:30:22
10:47:39,11.49,0.0,16,18384,买盘,000001,2025-10-17 21:30:22
10:47:42,11.48,-0.01,110,126280,卖盘,000001,2025-10-17 21:30:22
10:47:45,11.49,0.01,43,49210,买盘,000001,2025-10-17 21:30:22
10:47:48,11.48,-0.01,15,17220,卖盘,000001,2025-10-17 21:30:22
10:47:51,11.48,0.0,5,5740,卖盘,000001,2025-10-17 21:30:22
10:47:54,11.48,0.0,21,24124,卖盘,000001,2025-10-17 21:30:22
10:47:57,11.48,0.0,1,1148,卖盘,000001,2025-10-17 21:30:22
10:48:00,11.48,0.0,40,45920,卖盘,000001,2025-10-17 21:30:22
10:48:03,11.49,0.01,56,64344,买盘,000001,2025-10-17 21:30:22
10:48:06,11.48,-0.01,17,19525,卖盘,000001,2025-10-17 21:30:22
10:48:09,11.49,0.01,76,87324,买盘,000001,2025-10-17 21:30:22
10:48:12,11.48,-0.01,73,83823,卖盘,000001,2025-10-17 21:30:22
10:48:15,11.48,0.0,38,43649,卖盘,000001,2025-10-17 21:30:22
10:48:18,11.48,0.0,47,53956,卖盘,000001,2025-10-17 21:30:22
10:48:21,11.48,0.0,76,87299,卖盘,000001,2025-10-17 21:30:22
10:48:24,11.48,0.0,22,25257,卖盘,000001,2025-10-17 21:30:22
10:48:27,11.48,0.0,31,35604,卖盘,000001,2025-10-17 21:30:22
10:48:30,11.48,0.0,131,150407,卖盘,000001,2025-10-17 21:30:22
10:48:33,11.48,0.0,22,25256,卖盘,000001,2025-10-17 21:30:22
10:48:36,11.49,0.01,86,98804,买盘,000001,2025-10-17 21:30:22
10:48:39,11.49,0.0,32,36766,买盘,000001,2025-10-17 21:30:22
10:48:42,11.49,0.0,25,28725,买盘,000001,2025-10-17 21:30:22
10:48:45,11.48,-0.01,165,189572,卖盘,000001,2025-10-17 21:30:22
10:48:48,11.48,0.0,10,11484,卖盘,000001,2025-10-17 21:30:22
10:48:51,11.49,0.01,56,64294,买盘,000001,2025-10-17 21:30:22
10:48:57,11.49,0.0,26,29864,买盘,000001,2025-10-17 21:30:22
10:49:00,11.49,0.0,2,2298,买盘,000001,2025-10-17 21:30:22
10:49:03,11.49,0.0,13,14937,买盘,000001,2025-10-17 21:30:22
10:49:06,11.49,0.0,60,68940,买盘,000001,2025-10-17 21:30:22
10:49:09,11.49,0.0,66,75834,买盘,000001,2025-10-17 21:30:22
10:49:12,11.49,0.0,84,96481,买盘,000001,2025-10-17 21:30:22
10:49:15,11.49,0.0,16,18384,买盘,000001,2025-10-17 21:30:22
10:49:18,11.49,0.0,6,6892,买盘,000001,2025-10-17 21:30:22
10:49:21,11.49,0.0,16,18380,买盘,000001,2025-10-17 21:30:22
10:49:24,11.49,0.0,14,16086,买盘,000001,2025-10-17 21:30:22
10:49:27,11.48,-0.01,83,95287,卖盘,000001,2025-10-17 21:30:22
10:49:30,11.48,0.0,52,59712,卖盘,000001,2025-10-17 21:30:22
10:49:33,11.48,0.0,5,5740,卖盘,000001,2025-10-17 21:30:22
10:49:36,11.49,0.01,12,13788,买盘,000001,2025-10-17 21:30:22
10:49:39,11.49,0.0,62,71238,买盘,000001,2025-10-17 21:30:22
10:49:42,11.49,0.0,638,733062,买盘,000001,2025-10-17 21:30:22
10:49:45,11.49,0.0,146,167732,买盘,000001,2025-10-17 21:30:22
10:49:48,11.49,0.0,2040,2343818,买盘,000001,2025-10-17 21:30:22
10:49:51,11.5,0.01,284,326575,买盘,000001,2025-10-17 21:30:22
10:49:54,11.5,0.0,110,126432,买盘,000001,2025-10-17 21:30:22
10:49:57,11.5,0.0,847,973988,买盘,000001,2025-10-17 21:30:22
10:50:00,11.5,0.0,57,65516,买盘,000001,2025-10-17 21:30:22
10:50:03,11.5,0.0,124,142600,买盘,000001,2025-10-17 21:30:22
10:50:06,11.5,0.0,158,181700,买盘,000001,2025-10-17 21:30:22
10:50:09,11.5,0.0,102,117291,买盘,000001,2025-10-17 21:30:22
10:50:12,11.5,0.0,19,21850,买盘,000001,2025-10-17 21:30:22
10:50:15,11.5,0.0,163,187450,买盘,000001,2025-10-17 21:30:22
10:50:18,11.5,0.0,173,198937,买盘,000001,2025-10-17 21:30:22
10:50:21,11.5,0.0,55,63250,买盘,000001,2025-10-17 21:30:22
10:50:24,11.5,0.0,117,134550,买盘,000001,2025-10-17 21:30:22
10:50:27,11.5,0.0,79,90878,买盘,000001,2025-10-17 21:30:22
10:50:30,11.51,0.01,32,36832,买盘,000001,2025-10-17 21:30:22
10:50:33,11.51,0.0,274,315264,买盘,000001,2025-10-17 21:30:22
10:50:36,11.51,0.0,1835,2112004,买盘,000001,2025-10-17 21:30:22
10:50:39,11.51,0.0,340,391279,买盘,000001,2025-10-17 21:30:22
10:50:42,11.51,0.0,1096,1260466,买盘,000001,2025-10-17 21:30:22
10:50:45,11.51,0.0,334,384459,买盘,000001,2025-10-17 21:30:22
10:50:48,11.5,-0.01,236,271397,卖盘,000001,2025-10-17 21:30:22
10:50:51,11.5,0.0,16,18400,买盘,000001,2025-10-17 21:30:22
10:50:54,11.49,-0.01,27,31033,卖盘,000001,2025-10-17 21:30:22
10:50:57,11.5,0.01,21,24150,买盘,000001,2025-10-17 21:30:22
10:51:00,11.49,-0.01,102,117226,卖盘,000001,2025-10-17 21:30:22
10:51:03,11.5,0.01,91,104649,买盘,000001,2025-10-17 21:30:22
10:51:06,11.49,-0.01,85,97681,卖盘,000001,2025-10-17 21:30:22
10:51:09,11.5,0.01,119,136793,买盘,000001,2025-10-17 21:30:22
10:51:12,11.49,-0.01,39,44816,卖盘,000001,2025-10-17 21:30:22
10:51:15,11.5,0.01,62,71300,买盘,000001,2025-10-17 21:30:22
10:51:18,11.49,-0.01,29,33321,卖盘,000001,2025-10-17 21:30:22
10:51:21,11.5,0.01,17,19549,买盘,000001,2025-10-17 21:30:22
10:51:24,11.49,-0.01,26,29874,卖盘,000001,2025-10-17 21:30:22
10:51:27,11.5,0.01,61,70150,买盘,000001,2025-10-17 21:30:22
10:51:33,11.5,0.0,57,65540,买盘,000001,2025-10-17 21:30:22
10:51:39,11.5,0.0,32,36800,买盘,000001,2025-10-17 21:30:22
10:51:42,11.49,-0.01,40,45970,卖盘,000001,2025-10-17 21:30:22
10:51:45,11.5,0.01,57,65501,买盘,000001,2025-10-17 21:30:22
10:51:51,11.5,0.0,35,40225,买盘,000001,2025-10-17 21:30:22
10:51:54,11.5,0.0,43,49433,买盘,000001,2025-10-17 21:30:22
10:51:57,11.49,-0.01,1189,1366161,卖盘,000001,2025-10-17 21:30:22
10:52:00,11.5,0.01,60,68945,买盘,000001,2025-10-17 21:30:22
10:52:03,11.49,-0.01,51,58566,中性盘,000001,2025-10-17 21:30:22
10:52:06,11.49,0.0,75,86175,买盘,000001,2025-10-17 21:30:22
10:52:09,11.49,0.0,107,122930,买盘,000001,2025-10-17 21:30:22
10:52:15,11.49,0.0,55,63180,买盘,000001,2025-10-17 21:30:22
10:52:18,11.49,0.0,82,94218,买盘,000001,2025-10-17 21:30:22
10:52:21,11.48,-0.01,300,344400,卖盘,000001,2025-10-17 21:30:22
10:52:24,11.49,0.01,106,121689,买盘,000001,2025-10-17 21:30:22
10:52:27,11.49,0.0,64,73512,买盘,000001,2025-10-17 21:30:22
10:52:30,11.49,0.0,10,11490,买盘,000001,2025-10-17 21:30:22
10:52:33,11.49,0.0,27,31023,买盘,000001,2025-10-17 21:30:22
10:52:36,11.49,0.0,5,5745,买盘,000001,2025-10-17 21:30:22
10:52:39,11.48,-0.01,895,1027631,卖盘,000001,2025-10-17 21:30:22
10:52:42,11.49,0.01,52,59712,买盘,000001,2025-10-17 21:30:22
10:52:45,11.49,0.0,30,34470,买盘,000001,2025-10-17 21:30:22
10:52:48,11.48,-0.01,336,385728,卖盘,000001,2025-10-17 21:30:22
10:52:51,11.48,0.0,15,17220,卖盘,000001,2025-10-17 21:30:22
10:52:54,11.49,0.01,15,17235,买盘,000001,2025-10-17 21:30:22
10:52:57,11.48,-0.01,58,66612,卖盘,000001,2025-10-17 21:30:22
10:53:00,11.49,0.01,35,40215,买盘,000001,2025-10-17 21:30:22
10:53:03,11.49,0.0,275,315975,买盘,000001,2025-10-17 21:30:22
10:53:06,11.49,0.0,183,210267,买盘,000001,2025-10-17 21:30:22
10:53:09,11.49,0.0,10,11490,卖盘,000001,2025-10-17 21:30:22
10:53:12,11.5,0.01,54,62100,买盘,000001,2025-10-17 21:30:22
10:53:15,11.5,0.0,146,167900,买盘,000001,2025-10-17 21:30:22
10:53:18,11.49,-0.01,26,29874,卖盘,000001,2025-10-17 21:30:22
10:53:21,11.49,0.0,7,8043,卖盘,000001,2025-10-17 21:30:22
10:53:24,11.49,0.0,177,203436,卖盘,000001,2025-10-17 21:30:22
10:53:27,11.49,0.0,62,71189,中性盘,000001,2025-10-17 21:30:22
10:53:30,11.49,0.0,100,114834,卖盘,000001,2025-10-17 21:30:22
10:53:33,11.49,0.0,1,1149,卖盘,000001,2025-10-17 21:30:22
10:53:36,11.49,0.0,100,114802,卖盘,000001,2025-10-17 21:30:22
10:53:39,11.49,0.0,10,11490,卖盘,000001,2025-10-17 21:30:22
10:53:42,11.5,0.01,117,134530,买盘,000001,2025-10-17 21:30:22
10:53:45,11.5,0.0,122,140253,买盘,000001,2025-10-17 21:30:22
10:53:48,11.5,0.0,79,90820,买盘,000001,2025-10-17 21:30:22
10:53:51,11.5,0.0,25,28750,买盘,000001,2025-10-17 21:30:22
10:53:54,11.5,0.0,40,45999,买盘,000001,2025-10-17 21:30:22
10:53:57,11.5,0.0,89,102300,买盘,000001,2025-10-17 21:30:22
10:54:00,11.5,0.0,39,44850,买盘,000001,2025-10-17 21:30:22
10:54:03,11.5,0.0,264,303576,买盘,000001,2025-10-17 21:30:22
10:54:06,11.5,0.0,102,117300,买盘,000001,2025-10-17 21:30:22
10:54:09,11.49,-0.01,258,296670,卖盘,000001,2025-10-17 21:30:22
10:54:12,11.5,0.01,223,256435,买盘,000001,2025-10-17 21:30:22
10:54:15,11.5,0.0,57,65544,买盘,000001,2025-10-17 21:30:22
10:54:18,11.49,-0.01,40,45983,卖盘,000001,2025-10-17 21:30:22
10:54:21,11.49,0.0,165,189675,卖盘,000001,2025-10-17 21:30:22
10:54:24,11.5,0.01,8,9200,买盘,000001,2025-10-17 21:30:22
10:54:27,11.5,0.0,600,689500,买盘,000001,2025-10-17 21:30:22
10:54:30,11.5,0.0,54,62074,买盘,000001,2025-10-17 21:30:22
10:54:33,11.48,-0.02,141,161997,卖盘,000001,2025-10-17 21:30:22
10:54:36,11.48,0.0,76,87248,卖盘,000001,2025-10-17 21:30:22
10:54:39,11.48,0.0,80,91840,卖盘,000001,2025-10-17 21:30:22
10:54:42,11.48,0.0,179,205790,卖盘,000001,2025-10-17 21:30:22
10:54:45,11.48,0.0,42,48216,卖盘,000001,2025-10-17 21:30:22
10:54:48,11.48,0.0,38,43624,卖盘,000001,2025-10-17 21:30:22
10:54:51,11.49,0.01,16,18384,买盘,000001,2025-10-17 21:30:22
10:54:54,11.48,-0.01,115,132035,卖盘,000001,2025-10-17 21:30:22
10:54:57,11.48,0.0,85,97610,卖盘,000001,2025-10-17 21:30:22
10:55:03,11.48,0.0,13,14924,卖盘,000001,2025-10-17 21:30:22
10:55:06,11.49,0.01,37,42513,买盘,000001,2025-10-17 21:30:22
10:55:12,11.49,0.0,50,57456,买盘,000001,2025-10-17 21:30:22
10:55:15,11.49,0.0,57,65526,买盘,000001,2025-10-17 21:30:22
10:55:18,11.49,0.0,69,79281,卖盘,000001,2025-10-17 21:30:22
10:55:21,11.49,0.0,186,213702,卖盘,000001,2025-10-17 21:30:22
10:55:24,11.49,0.0,103,118347,买盘,000001,2025-10-17 21:30:22
10:55:27,11.48,-0.01,40,45920,卖盘,000001,2025-10-17 21:30:22
10:55:33,11.49,0.01,115,132135,买盘,000001,2025-10-17 21:30:22
10:55:36,11.48,-0.01,30,34464,卖盘,000001,2025-10-17 21:30:22
