时间,成交价,价格变动,成交量,成交额,买卖盘性质,股票代码,采集时间
09:25:00,29.45,0.0,15115,44513675,卖盘,000021,2025-10-17 22:49:07
09:30:00,29.52,0.07,5315,15686812,买盘,000021,2025-10-17 22:49:07
09:30:03,29.47,-0.05,19852,58549903,卖盘,000021,2025-10-17 22:49:07
09:30:06,29.52,0.05,3842,11325510,买盘,000021,2025-10-17 22:49:07
09:30:09,29.48,-0.04,983,2899962,卖盘,000021,2025-10-17 22:49:07
09:30:12,29.45,-0.03,5248,15459352,卖盘,000021,2025-10-17 22:49:07
09:30:15,29.4,-0.05,4753,13973893,卖盘,000021,2025-10-17 22:49:07
09:30:18,29.36,-0.04,2217,6508105,中性盘,000021,2025-10-17 22:49:07
09:30:21,29.35,-0.01,1108,3248966,卖盘,000021,2025-10-17 22:49:07
09:30:24,29.3,-0.05,1090,3193822,卖盘,000021,2025-10-17 22:49:07
09:30:27,29.34,0.04,2578,7546445,买盘,000021,2025-10-17 22:49:07
09:30:30,29.36,0.02,2821,8277700,买盘,000021,2025-10-17 22:49:07
09:30:33,29.46,0.1,2215,6518231,买盘,000021,2025-10-17 22:49:07
09:30:36,29.48,0.02,1556,4588448,买盘,000021,2025-10-17 22:49:07
09:30:39,29.47,-0.01,1091,3214237,卖盘,000021,2025-10-17 22:49:07
09:30:42,29.48,0.01,1287,3794615,买盘,000021,2025-10-17 22:49:07
09:30:45,29.48,0.0,684,2015726,买盘,000021,2025-10-17 22:49:07
09:30:48,29.46,-0.02,1927,5672037,卖盘,000021,2025-10-17 22:49:07
09:30:51,29.44,-0.02,1842,5412983,中性盘,000021,2025-10-17 22:49:07
09:30:54,29.36,-0.08,2258,6645459,卖盘,000021,2025-10-17 22:49:07
09:30:57,29.38,0.02,1473,4327980,中性盘,000021,2025-10-17 22:49:07
09:31:00,29.39,0.01,2207,6482417,买盘,000021,2025-10-17 22:49:07
09:31:03,29.44,0.05,1466,4318001,中性盘,000021,2025-10-17 22:49:07
09:31:06,29.62,0.18,1289,3805837,买盘,000021,2025-10-17 22:49:07
09:31:09,29.64,0.02,621,1840488,买盘,000021,2025-10-17 22:49:07
09:31:12,29.67,0.03,606,1796557,买盘,000021,2025-10-17 22:49:07
09:31:15,29.67,0.0,1601,4742404,买盘,000021,2025-10-17 22:49:07
09:31:18,29.69,0.02,1955,5797613,买盘,000021,2025-10-17 22:49:07
09:31:21,29.71,0.02,836,2481917,买盘,000021,2025-10-17 22:49:07
09:31:24,29.74,0.03,930,2761668,买盘,000021,2025-10-17 22:49:07
09:31:27,29.75,0.01,1264,3758160,买盘,000021,2025-10-17 22:49:07
09:31:30,29.76,0.01,2289,6818108,中性盘,000021,2025-10-17 22:49:07
09:31:33,29.78,0.02,1369,4076104,中性盘,000021,2025-10-17 22:49:07
09:31:36,29.75,-0.03,1478,4403396,卖盘,000021,2025-10-17 22:49:07
09:31:39,29.76,0.01,2512,7480124,买盘,000021,2025-10-17 22:49:07
09:31:42,29.82,0.06,2980,8863378,买盘,000021,2025-10-17 22:49:07
09:31:45,29.8,-0.02,696,2073285,卖盘,000021,2025-10-17 22:49:07
09:31:48,29.77,-0.03,678,2019670,卖盘,000021,2025-10-17 22:49:07
09:31:51,29.76,-0.01,1440,4288270,卖盘,000021,2025-10-17 22:49:07
09:31:54,29.72,-0.04,535,1591171,卖盘,000021,2025-10-17 22:49:07
09:31:57,29.7,-0.02,892,2650077,卖盘,000021,2025-10-17 22:49:07
09:32:00,29.66,-0.04,625,1854496,卖盘,000021,2025-10-17 22:49:07
09:32:03,29.64,-0.02,1780,5275823,中性盘,000021,2025-10-17 22:49:07
09:32:06,29.62,-0.02,838,2482267,卖盘,000021,2025-10-17 22:49:07
09:32:09,29.62,0.0,1948,5768622,买盘,000021,2025-10-17 22:49:07
09:32:12,29.72,0.1,4246,12614073,买盘,000021,2025-10-17 22:49:07
09:32:15,29.81,0.09,2171,6466755,买盘,000021,2025-10-17 22:49:07
09:32:18,29.87,0.06,1367,4085031,买盘,000021,2025-10-17 22:49:07
09:32:21,29.91,0.04,1391,4150881,买盘,000021,2025-10-17 22:49:07
09:32:24,29.87,-0.04,606,1810535,中性盘,000021,2025-10-17 22:49:07
09:32:27,29.86,-0.01,911,2719142,中性盘,000021,2025-10-17 22:49:07
09:32:30,29.83,-0.03,749,2233340,中性盘,000021,2025-10-17 22:49:07
09:32:33,29.82,-0.01,859,2561349,中性盘,000021,2025-10-17 22:49:07
09:32:36,29.82,0.0,815,2429296,买盘,000021,2025-10-17 22:49:07
09:32:39,29.81,-0.01,2459,7330633,卖盘,000021,2025-10-17 22:49:07
09:32:42,29.81,0.0,966,2877239,卖盘,000021,2025-10-17 22:49:07
09:32:45,29.79,-0.02,737,2192206,中性盘,000021,2025-10-17 22:49:07
09:32:48,29.79,0.0,746,2220090,买盘,000021,2025-10-17 22:49:07
09:32:51,29.76,-0.03,418,1242886,中性盘,000021,2025-10-17 22:49:07
09:32:54,29.71,-0.05,613,1821020,中性盘,000021,2025-10-17 22:49:07
09:32:57,29.73,0.02,637,1893815,中性盘,000021,2025-10-17 22:49:07
09:33:00,29.68,-0.05,470,1395075,卖盘,000021,2025-10-17 22:49:07
09:33:03,29.68,0.0,616,1828107,买盘,000021,2025-10-17 22:49:07
09:33:06,29.66,-0.02,704,2088307,卖盘,000021,2025-10-17 22:49:07
09:33:09,29.66,0.0,583,1729467,卖盘,000021,2025-10-17 22:49:07
09:33:12,29.64,-0.02,675,2001792,卖盘,000021,2025-10-17 22:49:07
09:33:15,29.63,-0.01,1641,4860366,卖盘,000021,2025-10-17 22:49:07
09:33:18,29.63,0.0,844,2499909,中性盘,000021,2025-10-17 22:49:07
09:33:21,29.66,0.03,2649,7855290,买盘,000021,2025-10-17 22:49:07
09:33:24,29.67,0.01,1097,3254529,中性盘,000021,2025-10-17 22:49:07
09:33:27,29.67,0.0,1101,3266134,卖盘,000021,2025-10-17 22:49:07
09:33:30,29.67,0.0,739,2191627,买盘,000021,2025-10-17 22:49:07
09:33:33,29.65,-0.02,598,1773420,中性盘,000021,2025-10-17 22:49:07
09:33:36,29.68,0.03,1301,3860022,买盘,000021,2025-10-17 22:49:07
09:33:39,29.74,0.06,1321,3926438,买盘,000021,2025-10-17 22:49:07
09:33:42,29.71,-0.03,357,1062774,卖盘,000021,2025-10-17 22:49:07
09:33:45,29.75,0.04,474,1408181,中性盘,000021,2025-10-17 22:49:07
09:33:48,29.77,0.02,198,589036,买盘,000021,2025-10-17 22:49:07
09:33:51,29.78,0.01,443,1316782,买盘,000021,2025-10-17 22:49:07
09:33:54,29.76,-0.02,484,1441002,中性盘,000021,2025-10-17 22:49:07
09:33:57,29.78,0.02,738,2196178,买盘,000021,2025-10-17 22:49:07
09:34:00,29.77,-0.01,503,1496960,卖盘,000021,2025-10-17 22:49:07
09:34:03,29.66,-0.11,1103,3279458,卖盘,000021,2025-10-17 22:49:07
09:34:06,29.67,0.01,301,894778,卖盘,000021,2025-10-17 22:49:07
09:34:09,29.7,0.03,963,2858709,买盘,000021,2025-10-17 22:49:07
09:34:12,29.67,-0.03,300,890068,卖盘,000021,2025-10-17 22:49:07
09:34:15,29.68,0.01,435,1290702,买盘,000021,2025-10-17 22:49:07
09:34:18,29.68,0.0,732,2173439,卖盘,000021,2025-10-17 22:49:07
09:34:21,29.69,0.01,615,1825292,买盘,000021,2025-10-17 22:49:07
09:34:24,29.68,-0.01,562,1668059,卖盘,000021,2025-10-17 22:49:07
09:34:27,29.67,-0.01,873,2590973,卖盘,000021,2025-10-17 22:49:07
09:34:30,29.7,0.03,1383,4106010,买盘,000021,2025-10-17 22:49:07
09:34:33,29.74,0.04,914,2713965,中性盘,000021,2025-10-17 22:49:07
09:34:36,29.68,-0.06,683,2027609,卖盘,000021,2025-10-17 22:49:07
09:34:39,29.7,0.02,559,1660177,买盘,000021,2025-10-17 22:49:07
09:34:42,29.74,0.04,311,924015,买盘,000021,2025-10-17 22:49:07
09:34:45,29.7,-0.04,682,2026445,卖盘,000021,2025-10-17 22:49:07
09:34:48,29.68,-0.02,581,1725451,卖盘,000021,2025-10-17 22:49:07
09:34:51,29.69,0.01,357,1059972,买盘,000021,2025-10-17 22:49:07
09:34:54,29.68,-0.01,585,1737156,卖盘,000021,2025-10-17 22:49:07
09:34:57,29.67,-0.01,803,2384546,卖盘,000021,2025-10-17 22:49:07
09:35:00,29.67,0.0,633,1878208,卖盘,000021,2025-10-17 22:49:07
09:35:03,29.63,-0.04,1848,5479155,卖盘,000021,2025-10-17 22:49:07
09:35:06,29.59,-0.04,1876,5556172,卖盘,000021,2025-10-17 22:49:07
09:35:09,29.53,-0.06,446,1319314,卖盘,000021,2025-10-17 22:49:07
09:35:12,29.52,-0.01,205,605710,卖盘,000021,2025-10-17 22:49:07
09:35:15,29.52,0.0,1682,4962908,卖盘,000021,2025-10-17 22:49:07
09:35:18,29.49,-0.03,806,2378278,中性盘,000021,2025-10-17 22:49:07
09:35:21,29.52,0.03,1957,5776807,买盘,000021,2025-10-17 22:49:07
09:35:24,29.51,-0.01,915,2699674,卖盘,000021,2025-10-17 22:49:07
09:35:27,29.5,-0.01,1089,3215200,卖盘,000021,2025-10-17 22:49:07
09:35:30,29.51,0.01,707,2086142,买盘,000021,2025-10-17 22:49:07
09:35:33,29.51,0.0,1746,5154022,买盘,000021,2025-10-17 22:49:07
09:35:36,29.51,0.0,688,2030375,卖盘,000021,2025-10-17 22:49:07
09:35:39,29.56,0.05,665,1963018,中性盘,000021,2025-10-17 22:49:07
09:35:42,29.57,0.01,945,2791493,中性盘,000021,2025-10-17 22:49:07
09:35:45,29.6,0.03,1015,3001394,买盘,000021,2025-10-17 22:49:07
09:35:48,29.58,-0.02,540,1597605,卖盘,000021,2025-10-17 22:49:07
09:35:51,29.58,0.0,427,1263581,卖盘,000021,2025-10-17 22:49:07
09:35:54,29.58,0.0,583,1725118,买盘,000021,2025-10-17 22:49:07
09:35:57,29.59,0.01,354,1047769,卖盘,000021,2025-10-17 22:49:07
09:36:00,29.58,-0.01,566,1674845,卖盘,000021,2025-10-17 22:49:07
09:36:03,29.59,0.01,788,2330630,买盘,000021,2025-10-17 22:49:07
09:36:06,29.57,-0.02,914,2701759,卖盘,000021,2025-10-17 22:49:07
09:36:09,29.56,-0.01,471,1392607,中性盘,000021,2025-10-17 22:49:07
09:36:12,29.57,0.01,404,1193253,买盘,000021,2025-10-17 22:49:07
09:36:15,29.53,-0.04,510,1506103,中性盘,000021,2025-10-17 22:49:07
09:36:18,29.55,0.02,859,2536415,中性盘,000021,2025-10-17 22:49:07
09:36:21,29.53,-0.02,343,1013266,卖盘,000021,2025-10-17 22:49:07
09:36:24,29.57,0.04,596,1761395,买盘,000021,2025-10-17 22:49:07
09:36:27,29.62,0.05,928,2744820,买盘,000021,2025-10-17 22:49:07
09:36:30,29.66,0.04,775,2293913,买盘,000021,2025-10-17 22:49:07
09:36:33,29.65,-0.01,638,1892496,卖盘,000021,2025-10-17 22:49:07
09:36:36,29.68,0.03,908,2694945,买盘,000021,2025-10-17 22:49:07
09:36:39,29.7,0.02,238,706870,买盘,000021,2025-10-17 22:49:07
09:36:42,29.7,0.0,267,792147,卖盘,000021,2025-10-17 22:49:07
09:36:45,29.71,0.01,352,1045781,中性盘,000021,2025-10-17 22:49:07
09:36:48,29.74,0.03,377,1121069,买盘,000021,2025-10-17 22:49:07
09:36:51,29.75,0.01,831,2470420,买盘,000021,2025-10-17 22:49:07
09:36:54,29.74,-0.01,713,2120070,卖盘,000021,2025-10-17 22:49:07
09:36:57,29.72,-0.02,1160,3445764,中性盘,000021,2025-10-17 22:49:07
09:37:00,29.66,-0.06,910,2703953,卖盘,000021,2025-10-17 22:49:07
09:37:03,29.69,0.03,338,1003019,买盘,000021,2025-10-17 22:49:07
09:37:06,29.69,0.0,814,2416157,买盘,000021,2025-10-17 22:49:07
09:37:09,29.7,0.01,551,1634673,中性盘,000021,2025-10-17 22:49:07
09:37:12,29.7,0.0,539,1600687,卖盘,000021,2025-10-17 22:49:07
09:37:15,29.65,-0.05,491,1457192,卖盘,000021,2025-10-17 22:49:07
09:37:18,29.65,0.0,426,1263419,买盘,000021,2025-10-17 22:49:07
09:37:21,29.62,-0.03,280,829389,卖盘,000021,2025-10-17 22:49:07
09:37:24,29.62,0.0,298,882473,买盘,000021,2025-10-17 22:49:07
09:37:27,29.61,-0.01,385,1140095,卖盘,000021,2025-10-17 22:49:07
09:37:30,29.61,0.0,772,2285563,买盘,000021,2025-10-17 22:49:07
09:37:33,29.61,0.0,863,2555093,买盘,000021,2025-10-17 22:49:07
09:37:36,29.6,-0.01,501,1483536,卖盘,000021,2025-10-17 22:49:07
09:37:39,29.64,0.04,867,2567722,买盘,000021,2025-10-17 22:49:07
09:37:42,29.61,-0.03,731,2165095,卖盘,000021,2025-10-17 22:49:07
09:37:45,29.64,0.03,218,646088,买盘,000021,2025-10-17 22:49:07
09:37:48,29.67,0.03,1000,2963598,买盘,000021,2025-10-17 22:49:07
09:37:51,29.65,-0.02,302,895424,卖盘,000021,2025-10-17 22:49:07
09:37:54,29.65,0.0,278,824337,买盘,000021,2025-10-17 22:49:07
09:37:57,29.65,0.0,367,1088441,卖盘,000021,2025-10-17 22:49:07
09:38:00,29.66,0.01,527,1562489,中性盘,000021,2025-10-17 22:49:07
09:38:03,29.65,-0.01,1210,3587284,卖盘,000021,2025-10-17 22:49:07
09:38:06,29.65,0.0,501,1485530,买盘,000021,2025-10-17 22:49:07
09:38:09,29.61,-0.04,880,2606555,卖盘,000021,2025-10-17 22:49:07
09:38:12,29.6,-0.01,1976,5848014,卖盘,000021,2025-10-17 22:49:07
09:38:15,29.59,-0.01,2504,7398738,中性盘,000021,2025-10-17 22:49:07
09:38:18,29.5,-0.09,1146,3382954,卖盘,000021,2025-10-17 22:49:07
09:38:21,29.5,0.0,1782,5257014,卖盘,000021,2025-10-17 22:49:07
09:38:24,29.49,-0.01,1162,3425757,卖盘,000021,2025-10-17 22:49:07
09:38:27,29.46,-0.03,2130,6271030,卖盘,000021,2025-10-17 22:49:07
09:38:30,29.4,-0.06,1117,3285026,卖盘,000021,2025-10-17 22:49:07
09:38:33,29.42,0.02,889,2613033,买盘,000021,2025-10-17 22:49:07
09:38:36,29.41,-0.01,3215,9446735,卖盘,000021,2025-10-17 22:49:07
09:38:39,29.4,-0.01,2062,6062349,卖盘,000021,2025-10-17 22:49:07
09:38:42,29.4,0.0,996,2927640,买盘,000021,2025-10-17 22:49:07
09:38:45,29.33,-0.07,1085,3184303,卖盘,000021,2025-10-17 22:49:07
09:38:48,29.33,0.0,1988,5831980,卖盘,000021,2025-10-17 22:49:07
09:38:51,29.32,-0.01,1583,4641635,卖盘,000021,2025-10-17 22:49:07
09:38:54,29.3,-0.02,3782,11085735,卖盘,000021,2025-10-17 22:49:07
09:38:57,29.29,-0.01,1544,4521175,卖盘,000021,2025-10-17 22:49:07
09:39:00,29.25,-0.04,1488,4355551,卖盘,000021,2025-10-17 22:49:07
09:39:03,29.22,-0.03,1020,2983394,卖盘,000021,2025-10-17 22:49:07
09:39:06,29.22,0.0,2273,6645646,卖盘,000021,2025-10-17 22:49:07
09:39:09,29.22,0.0,2798,8173058,卖盘,000021,2025-10-17 22:49:07
09:39:12,29.18,-0.04,2396,6995856,卖盘,000021,2025-10-17 22:49:07
09:39:15,29.19,0.01,1230,3588495,买盘,000021,2025-10-17 22:49:07
09:39:18,29.22,0.03,2425,7080662,买盘,000021,2025-10-17 22:49:07
09:39:21,29.22,0.0,1465,4281720,卖盘,000021,2025-10-17 22:49:07
09:39:24,29.22,0.0,1438,4204073,卖盘,000021,2025-10-17 22:49:07
09:39:27,29.2,-0.02,1697,4957022,卖盘,000021,2025-10-17 22:49:07
09:39:30,29.22,0.02,925,2702364,买盘,000021,2025-10-17 22:49:07
09:39:33,29.21,-0.01,1835,5360453,中性盘,000021,2025-10-17 22:49:07
09:39:36,29.21,0.0,1546,4513717,卖盘,000021,2025-10-17 22:49:07
09:39:39,29.22,0.01,973,2841245,买盘,000021,2025-10-17 22:49:07
09:39:42,29.2,-0.02,761,2224092,卖盘,000021,2025-10-17 22:49:07
09:39:45,29.21,0.01,1006,2938522,买盘,000021,2025-10-17 22:49:07
09:39:48,29.19,-0.02,1481,4323293,卖盘,000021,2025-10-17 22:49:07
09:39:51,29.18,-0.01,1113,3250018,卖盘,000021,2025-10-17 22:49:07
09:39:54,29.18,0.0,826,2410669,卖盘,000021,2025-10-17 22:49:07
09:39:57,29.18,0.0,1492,4353530,卖盘,000021,2025-10-17 22:49:07
09:40:00,29.15,-0.03,1084,3160426,卖盘,000021,2025-10-17 22:49:07
09:40:03,29.12,-0.03,611,1780468,卖盘,000021,2025-10-17 22:49:07
09:40:06,29.12,0.0,724,2108680,卖盘,000021,2025-10-17 22:49:07
09:40:09,29.12,0.0,1617,4707482,卖盘,000021,2025-10-17 22:49:07
09:40:12,29.1,-0.02,1310,3812387,卖盘,000021,2025-10-17 22:49:07
09:40:15,29.08,-0.02,732,2129263,卖盘,000021,2025-10-17 22:49:07
09:40:18,29.08,0.0,1026,2983202,卖盘,000021,2025-10-17 22:49:07
09:40:21,29.06,-0.02,547,1589596,卖盘,000021,2025-10-17 22:49:07
09:40:24,29.04,-0.02,2011,5841884,卖盘,000021,2025-10-17 22:49:07
09:40:27,29.03,-0.01,1369,3974135,卖盘,000021,2025-10-17 22:49:07
09:40:30,29.03,0.0,3406,9884405,卖盘,000021,2025-10-17 22:49:07
09:40:33,29.02,-0.01,2602,7551928,卖盘,000021,2025-10-17 22:49:07
09:40:36,29.01,-0.01,3088,8959609,卖盘,000021,2025-10-17 22:49:07
09:40:39,29.01,0.0,1614,4682339,卖盘,000021,2025-10-17 22:49:07
09:40:42,29.01,0.0,2514,7291571,买盘,000021,2025-10-17 22:49:07
09:40:45,29.0,-0.01,4294,12453547,卖盘,000021,2025-10-17 22:49:07
09:40:48,29.0,0.0,2275,6597381,卖盘,000021,2025-10-17 22:49:07
09:40:51,29.02,0.02,3659,10611425,买盘,000021,2025-10-17 22:49:07
09:40:54,29.03,0.01,1975,5733310,买盘,000021,2025-10-17 22:49:07
09:40:57,29.08,0.05,1646,4785203,买盘,000021,2025-10-17 22:49:07
09:41:00,29.08,0.0,799,2322300,卖盘,000021,2025-10-17 22:49:07
09:41:03,28.97,-0.11,5617,16293041,卖盘,000021,2025-10-17 22:49:07
09:41:06,29.01,0.04,1304,3781373,中性盘,000021,2025-10-17 22:49:07
09:41:09,29.01,0.0,885,2567321,买盘,000021,2025-10-17 22:49:07
09:41:12,29.03,0.02,1603,4653553,中性盘,000021,2025-10-17 22:49:07
09:41:15,29.02,-0.01,870,2525335,中性盘,000021,2025-10-17 22:49:07
09:41:18,29.02,0.0,944,2740893,卖盘,000021,2025-10-17 22:49:07
09:41:21,29.06,0.04,980,2845165,买盘,000021,2025-10-17 22:49:07
09:41:24,29.05,-0.01,469,1361910,卖盘,000021,2025-10-17 22:49:07
09:41:27,29.04,-0.01,1217,3533826,卖盘,000021,2025-10-17 22:49:07
09:41:30,29.07,0.03,1201,3490878,买盘,000021,2025-10-17 22:49:07
09:41:33,29.07,0.0,1278,3713529,卖盘,000021,2025-10-17 22:49:07
09:41:36,29.05,-0.02,645,1873262,卖盘,000021,2025-10-17 22:49:07
09:41:39,29.03,-0.02,264,766432,卖盘,000021,2025-10-17 22:49:07
09:41:42,29.03,0.0,777,2255911,买盘,000021,2025-10-17 22:49:07
09:41:45,29.02,-0.01,1136,3296698,卖盘,000021,2025-10-17 22:49:07
09:41:48,29.01,-0.01,698,2025333,卖盘,000021,2025-10-17 22:49:07
09:41:51,29.01,0.0,681,1975732,卖盘,000021,2025-10-17 22:49:07
09:41:54,29.0,-0.01,1674,4855023,卖盘,000021,2025-10-17 22:49:07
09:41:57,29.0,0.0,1046,3033259,卖盘,000021,2025-10-17 22:49:07
09:42:00,28.99,-0.01,786,2278619,卖盘,000021,2025-10-17 22:49:07
09:42:03,28.94,-0.05,2693,7798556,卖盘,000021,2025-10-17 22:49:07
09:42:06,28.93,-0.01,652,1886010,卖盘,000021,2025-10-17 22:49:07
09:42:09,28.91,-0.02,1178,3405535,卖盘,000021,2025-10-17 22:49:07
09:42:12,28.91,0.0,796,2300700,买盘,000021,2025-10-17 22:49:07
09:42:15,28.88,-0.03,1705,4926872,卖盘,000021,2025-10-17 22:49:07
09:42:18,28.88,0.0,1828,5280096,卖盘,000021,2025-10-17 22:49:07
09:42:21,28.87,-0.01,670,1934178,卖盘,000021,2025-10-17 22:49:07
09:42:24,28.86,-0.01,525,1514973,卖盘,000021,2025-10-17 22:49:07
09:42:27,28.82,-0.04,3130,9030036,卖盘,000021,2025-10-17 22:49:07
09:42:30,28.82,0.0,1071,3086767,卖盘,000021,2025-10-17 22:49:07
09:42:33,28.8,-0.02,1578,4545356,卖盘,000021,2025-10-17 22:49:07
09:42:36,28.75,-0.05,1304,3753142,卖盘,000021,2025-10-17 22:49:07
09:42:39,28.75,0.0,1861,5351977,卖盘,000021,2025-10-17 22:49:07
09:42:42,28.7,-0.05,2844,8174075,卖盘,000021,2025-10-17 22:49:07
09:42:45,28.71,0.01,2336,6710574,卖盘,000021,2025-10-17 22:49:07
09:42:48,28.73,0.02,2084,5983790,买盘,000021,2025-10-17 22:49:07
09:42:51,28.8,0.07,3198,9184637,买盘,000021,2025-10-17 22:49:07
09:42:54,28.77,-0.03,1573,4521242,中性盘,000021,2025-10-17 22:49:07
09:42:57,28.79,0.02,573,1649075,买盘,000021,2025-10-17 22:49:07
09:43:00,28.77,-0.02,1275,3668376,卖盘,000021,2025-10-17 22:49:07
09:43:03,28.8,0.03,976,2810704,买盘,000021,2025-10-17 22:49:07
09:43:06,28.81,0.01,1135,3268394,买盘,000021,2025-10-17 22:49:07
09:43:09,28.82,0.01,1623,4677501,买盘,000021,2025-10-17 22:49:07
09:43:12,28.84,0.02,289,833243,中性盘,000021,2025-10-17 22:49:07
09:43:15,28.87,0.03,1273,3672623,买盘,000021,2025-10-17 22:49:07
09:43:18,28.89,0.02,768,2217750,买盘,000021,2025-10-17 22:49:07
09:43:21,28.85,-0.04,972,2805899,卖盘,000021,2025-10-17 22:49:07
09:43:24,28.85,0.0,2936,8466958,卖盘,000021,2025-10-17 22:49:07
09:43:27,28.85,0.0,786,2266801,买盘,000021,2025-10-17 22:49:07
09:43:30,28.85,0.0,1579,4559658,买盘,000021,2025-10-17 22:49:07
09:43:33,28.86,0.01,482,1391245,中性盘,000021,2025-10-17 22:49:07
09:43:36,28.87,0.01,1765,5101399,卖盘,000021,2025-10-17 22:49:07
09:43:39,28.87,0.0,1122,3241019,中性盘,000021,2025-10-17 22:49:07
09:43:42,28.87,0.0,964,2783243,卖盘,000021,2025-10-17 22:49:07
09:43:45,28.9,0.03,783,2261650,买盘,000021,2025-10-17 22:49:07
09:43:48,28.87,-0.03,2363,6818616,卖盘,000021,2025-10-17 22:49:07
09:43:51,28.9,0.03,690,1992741,买盘,000021,2025-10-17 22:49:07
09:43:54,28.89,-0.01,650,1877556,中性盘,000021,2025-10-17 22:49:07
09:43:57,28.89,0.0,1085,3134004,买盘,000021,2025-10-17 22:49:07
09:44:00,28.89,0.0,605,1748248,卖盘,000021,2025-10-17 22:49:07
09:44:03,28.89,0.0,892,2577034,卖盘,000021,2025-10-17 22:49:07
09:44:06,28.89,0.0,728,2102633,卖盘,000021,2025-10-17 22:49:07
09:44:09,28.88,-0.01,241,695987,卖盘,000021,2025-10-17 22:49:07
09:44:12,28.82,-0.06,1331,3839145,卖盘,000021,2025-10-17 22:49:07
09:44:15,28.79,-0.03,1467,4226496,卖盘,000021,2025-10-17 22:49:07
09:44:18,28.77,-0.02,657,1891397,卖盘,000021,2025-10-17 22:49:07
09:44:21,28.72,-0.05,1531,4401838,卖盘,000021,2025-10-17 22:49:07
09:44:24,28.75,0.03,833,2394177,买盘,000021,2025-10-17 22:49:07
09:44:27,28.75,0.0,811,2329818,买盘,000021,2025-10-17 22:49:07
09:44:30,28.77,0.02,1930,5551895,买盘,000021,2025-10-17 22:49:07
09:44:33,28.78,0.01,2439,7020808,中性盘,000021,2025-10-17 22:49:07
09:44:36,28.85,0.07,1253,3605665,买盘,000021,2025-10-17 22:49:07
09:44:39,28.83,-0.02,758,2184286,中性盘,000021,2025-10-17 22:49:07
09:44:42,28.85,0.02,1012,2918470,买盘,000021,2025-10-17 22:49:07
09:44:45,28.81,-0.04,1053,3034621,卖盘,000021,2025-10-17 22:49:07
09:44:48,28.82,0.01,180,518829,买盘,000021,2025-10-17 22:49:07
09:44:51,28.81,-0.01,723,2082971,卖盘,000021,2025-10-17 22:49:07
09:44:54,28.82,0.01,795,2290398,买盘,000021,2025-10-17 22:49:07
09:44:57,28.81,-0.01,480,1383267,卖盘,000021,2025-10-17 22:49:07
09:45:00,28.82,0.01,1270,3657801,买盘,000021,2025-10-17 22:49:07
09:45:03,28.85,0.03,4204,12137920,买盘,000021,2025-10-17 22:49:07
09:45:06,28.86,0.01,431,1243159,中性盘,000021,2025-10-17 22:49:07
09:45:09,28.86,0.0,318,917631,卖盘,000021,2025-10-17 22:49:07
09:45:12,28.86,0.0,260,750747,卖盘,000021,2025-10-17 22:49:07
09:45:15,28.86,0.0,752,2170621,买盘,000021,2025-10-17 22:49:07
09:45:18,28.86,0.0,1925,5549302,卖盘,000021,2025-10-17 22:49:07
09:45:21,28.8,-0.06,1855,5342876,卖盘,000021,2025-10-17 22:49:07
09:45:24,28.76,-0.04,1305,3755025,卖盘,000021,2025-10-17 22:49:07
09:45:27,28.75,-0.01,651,1871857,卖盘,000021,2025-10-17 22:49:07
09:45:30,28.74,-0.01,761,2186089,卖盘,000021,2025-10-17 22:49:07
09:45:33,28.73,-0.01,503,1444642,卖盘,000021,2025-10-17 22:49:07
09:45:36,28.72,-0.01,2000,5747632,卖盘,000021,2025-10-17 22:49:07
09:45:39,28.72,0.0,1271,3648523,买盘,000021,2025-10-17 22:49:07
09:45:42,28.7,-0.02,2436,6993089,卖盘,000021,2025-10-17 22:49:07
09:45:45,28.69,-0.01,2982,8557700,卖盘,000021,2025-10-17 22:49:07
09:45:48,28.7,0.01,1716,4924508,买盘,000021,2025-10-17 22:49:07
09:45:51,28.67,-0.03,1109,3180121,卖盘,000021,2025-10-17 22:49:07
09:45:54,28.66,-0.01,678,1943634,卖盘,000021,2025-10-17 22:49:07
09:45:57,28.67,0.01,1062,3045580,中性盘,000021,2025-10-17 22:49:07
09:46:00,28.67,0.0,1536,4403663,卖盘,000021,2025-10-17 22:49:07
09:46:03,28.66,-0.01,971,2782600,卖盘,000021,2025-10-17 22:49:07
09:46:06,28.66,0.0,1426,4086211,买盘,000021,2025-10-17 22:49:07
09:46:09,28.65,-0.01,1028,2944955,卖盘,000021,2025-10-17 22:49:07
09:46:12,28.64,-0.01,2274,6511012,卖盘,000021,2025-10-17 22:49:07
09:46:15,28.6,-0.04,502,1436887,卖盘,000021,2025-10-17 22:49:07
09:46:18,28.59,-0.01,1878,5370641,卖盘,000021,2025-10-17 22:49:07
09:46:21,28.59,0.0,757,2163932,买盘,000021,2025-10-17 22:49:07
09:46:24,28.56,-0.03,888,2537783,卖盘,000021,2025-10-17 22:49:07
09:46:27,28.56,0.0,1828,5219668,卖盘,000021,2025-10-17 22:49:07
09:46:30,28.56,0.0,1450,4138180,买盘,000021,2025-10-17 22:49:07
09:46:33,28.53,-0.03,1922,5480707,卖盘,000021,2025-10-17 22:49:07
09:46:36,28.51,-0.02,1458,4157122,中性盘,000021,2025-10-17 22:49:07
09:46:39,28.51,0.0,1563,4456022,卖盘,000021,2025-10-17 22:49:07
09:46:42,28.51,0.0,4402,12559967,买盘,000021,2025-10-17 22:49:07
09:46:45,28.53,0.02,3190,9103401,中性盘,000021,2025-10-17 22:49:07
09:46:48,28.59,0.06,1234,3519193,买盘,000021,2025-10-17 22:49:07
09:46:51,28.56,-0.03,1526,4359611,卖盘,000021,2025-10-17 22:49:07
09:46:54,28.6,0.04,1058,3021270,买盘,000021,2025-10-17 22:49:07
09:46:57,28.56,-0.04,1336,3816967,卖盘,000021,2025-10-17 22:49:07
09:47:00,28.57,0.01,469,1340153,中性盘,000021,2025-10-17 22:49:07
09:47:03,28.57,0.0,578,1651307,中性盘,000021,2025-10-17 22:49:07
09:47:06,28.6,0.03,710,2029270,买盘,000021,2025-10-17 22:49:07
09:47:09,28.61,0.01,737,2106183,买盘,000021,2025-10-17 22:49:07
09:47:12,28.57,-0.04,843,2409250,中性盘,000021,2025-10-17 22:49:07
09:47:15,28.6,0.03,1189,3398800,买盘,000021,2025-10-17 22:49:07
09:47:18,28.6,0.0,674,1926924,买盘,000021,2025-10-17 22:49:07
09:47:21,28.6,0.0,525,1502364,买盘,000021,2025-10-17 22:49:07
09:47:24,28.61,0.01,578,1653017,买盘,000021,2025-10-17 22:49:07
09:47:27,28.6,-0.01,1072,3066152,卖盘,000021,2025-10-17 22:49:07
09:47:30,28.61,0.01,874,2498725,买盘,000021,2025-10-17 22:49:07
09:47:33,28.6,-0.01,1221,3493124,卖盘,000021,2025-10-17 22:49:07
09:47:36,28.6,0.0,1526,4364739,卖盘,000021,2025-10-17 22:49:07
09:47:39,28.6,0.0,647,1850313,买盘,000021,2025-10-17 22:49:07
09:47:42,28.6,0.0,1216,3476526,买盘,000021,2025-10-17 22:49:07
09:47:45,28.62,0.02,1212,3466744,买盘,000021,2025-10-17 22:49:07
09:47:48,28.62,0.0,408,1166982,买盘,000021,2025-10-17 22:49:07
09:47:51,28.62,0.0,369,1055954,买盘,000021,2025-10-17 22:49:07
09:47:54,28.63,0.01,721,2063738,买盘,000021,2025-10-17 22:49:07
09:47:57,28.63,0.0,694,1986644,买盘,000021,2025-10-17 22:49:07
09:48:00,28.63,0.0,760,2176092,买盘,000021,2025-10-17 22:49:07
09:48:03,28.63,0.0,524,1500421,卖盘,000021,2025-10-17 22:49:07
09:48:06,28.6,-0.03,3327,9514663,卖盘,000021,2025-10-17 22:49:07
09:48:09,28.59,-0.01,328,937791,中性盘,000021,2025-10-17 22:49:07
09:48:12,28.55,-0.04,564,1612261,卖盘,000021,2025-10-17 22:49:07
09:48:15,28.57,0.02,1064,3040208,买盘,000021,2025-10-17 22:49:07
09:48:18,28.55,-0.02,1073,3063928,卖盘,000021,2025-10-17 22:49:07
09:48:21,28.55,0.0,711,2030188,买盘,000021,2025-10-17 22:49:07
09:48:24,28.53,-0.02,1066,3041348,卖盘,000021,2025-10-17 22:49:07
09:48:27,28.53,0.0,850,2424633,买盘,000021,2025-10-17 22:49:07
09:48:30,28.51,-0.02,1041,2968864,卖盘,000021,2025-10-17 22:49:07
09:48:33,28.51,0.0,1373,3914939,卖盘,000021,2025-10-17 22:49:07
09:48:36,28.5,-0.01,686,1955947,卖盘,000021,2025-10-17 22:49:07
09:48:39,28.51,0.01,1582,4510215,买盘,000021,2025-10-17 22:49:07
09:48:42,28.51,0.0,1673,4768623,买盘,000021,2025-10-17 22:49:07
09:48:45,28.49,-0.02,2240,6382550,卖盘,000021,2025-10-17 22:49:07
09:48:48,28.48,-0.01,461,1313244,卖盘,000021,2025-10-17 22:49:07
09:48:51,28.48,0.0,787,2241640,卖盘,000021,2025-10-17 22:49:07
09:48:54,28.48,0.0,1403,3994855,买盘,000021,2025-10-17 22:49:07
09:48:57,28.48,0.0,847,2411815,买盘,000021,2025-10-17 22:49:07
09:49:00,28.47,-0.01,1323,3766773,买盘,000021,2025-10-17 22:49:07
09:49:03,28.51,0.04,2458,7004874,买盘,000021,2025-10-17 22:49:07
09:49:06,28.57,0.06,597,1703318,买盘,000021,2025-10-17 22:49:07
09:49:09,28.57,0.0,458,1307624,卖盘,000021,2025-10-17 22:49:07
09:49:12,28.59,0.02,991,2834229,买盘,000021,2025-10-17 22:49:07
09:49:15,28.7,0.11,1112,3188391,买盘,000021,2025-10-17 22:49:07
09:49:18,28.71,0.01,303,869966,买盘,000021,2025-10-17 22:49:07
09:49:21,28.76,0.05,1220,3507190,买盘,000021,2025-10-17 22:49:07
09:49:24,28.74,-0.02,803,2307447,卖盘,000021,2025-10-17 22:49:07
09:49:27,28.74,0.0,1044,2998984,中性盘,000021,2025-10-17 22:49:07
09:49:30,28.75,0.01,731,2101663,买盘,000021,2025-10-17 22:49:07
09:49:33,28.75,0.0,848,2437937,买盘,000021,2025-10-17 22:49:07
09:49:36,28.74,-0.01,575,1652726,卖盘,000021,2025-10-17 22:49:07
09:49:39,28.74,0.0,1319,3790470,买盘,000021,2025-10-17 22:49:07
09:49:42,28.74,0.0,339,974214,中性盘,000021,2025-10-17 22:49:07
09:49:45,28.77,0.03,772,2221781,买盘,000021,2025-10-17 22:49:07
09:49:48,28.77,0.0,406,1167433,卖盘,000021,2025-10-17 22:49:07
09:49:51,28.76,-0.01,337,969247,中性盘,000021,2025-10-17 22:49:07
09:49:54,28.77,0.01,346,995407,买盘,000021,2025-10-17 22:49:07
09:49:57,28.77,0.0,608,1749018,卖盘,000021,2025-10-17 22:49:07
09:50:00,28.76,-0.01,1418,4076808,卖盘,000021,2025-10-17 22:49:07
09:50:03,28.76,0.0,934,2685723,买盘,000021,2025-10-17 22:49:07
09:50:06,28.75,-0.01,336,966121,卖盘,000021,2025-10-17 22:49:07
09:50:09,28.73,-0.02,559,1605311,卖盘,000021,2025-10-17 22:49:07
09:50:12,28.72,-0.01,288,826607,中性盘,000021,2025-10-17 22:49:07
09:50:15,28.7,-0.02,668,1917501,中性盘,000021,2025-10-17 22:49:07
09:50:18,28.72,0.02,459,1317514,买盘,000021,2025-10-17 22:49:07
09:50:21,28.7,-0.02,864,2480168,卖盘,000021,2025-10-17 22:49:07
09:50:24,28.7,0.0,401,1150814,卖盘,000021,2025-10-17 22:49:07
09:50:27,28.7,0.0,403,1156196,买盘,000021,2025-10-17 22:49:07
09:50:30,28.67,-0.03,1178,3379717,卖盘,000021,2025-10-17 22:49:07
09:50:33,28.66,-0.01,421,1206884,卖盘,000021,2025-10-17 22:49:07
09:50:36,28.65,-0.01,320,916777,卖盘,000021,2025-10-17 22:49:07
09:50:39,28.64,-0.01,239,684244,中性盘,000021,2025-10-17 22:49:07
09:50:42,28.63,-0.01,354,1013239,卖盘,000021,2025-10-17 22:49:07
09:50:45,28.61,-0.02,258,738386,卖盘,000021,2025-10-17 22:49:07
09:50:48,28.59,-0.02,705,2016277,卖盘,000021,2025-10-17 22:49:07
09:50:51,28.58,-0.01,1097,3137028,卖盘,000021,2025-10-17 22:49:07
09:50:54,28.56,-0.02,580,1658181,卖盘,000021,2025-10-17 22:49:07
09:50:57,28.55,-0.01,289,824428,卖盘,000021,2025-10-17 22:49:07
09:51:00,28.55,0.0,693,1979106,卖盘,000021,2025-10-17 22:49:07
09:51:03,28.55,0.0,616,1760353,卖盘,000021,2025-10-17 22:49:07
09:51:06,28.55,0.0,641,1829330,买盘,000021,2025-10-17 22:49:07
09:51:09,28.56,0.01,492,1404391,中性盘,000021,2025-10-17 22:49:07
09:51:12,28.61,0.05,139,397274,买盘,000021,2025-10-17 22:49:07
09:51:15,28.56,-0.05,336,959600,卖盘,000021,2025-10-17 22:49:07
09:51:18,28.56,0.0,477,1362022,买盘,000021,2025-10-17 22:49:07
09:51:21,28.56,0.0,380,1085310,买盘,000021,2025-10-17 22:49:07
09:51:24,28.57,0.01,603,1722708,买盘,000021,2025-10-17 22:49:07
09:51:27,28.56,-0.01,857,2447963,卖盘,000021,2025-10-17 22:49:07
09:51:30,28.56,0.0,1031,2944332,卖盘,000021,2025-10-17 22:49:07
09:51:33,28.57,0.01,690,1971811,中性盘,000021,2025-10-17 22:49:07
09:51:36,28.56,-0.01,1000,2856240,卖盘,000021,2025-10-17 22:49:07
09:51:39,28.56,0.0,560,1599210,买盘,000021,2025-10-17 22:49:07
09:51:42,28.55,-0.01,370,1056354,卖盘,000021,2025-10-17 22:49:07
09:51:45,28.54,-0.01,831,2372252,卖盘,000021,2025-10-17 22:49:07
09:51:48,28.54,0.0,319,910503,买盘,000021,2025-10-17 22:49:07
09:51:51,28.53,-0.01,808,2306291,卖盘,000021,2025-10-17 22:49:07
09:51:54,28.52,-0.01,396,1129595,卖盘,000021,2025-10-17 22:49:07
09:51:57,28.51,-0.01,285,812738,卖盘,000021,2025-10-17 22:49:07
09:52:00,28.51,0.0,968,2759938,卖盘,000021,2025-10-17 22:49:07
09:52:03,28.5,-0.01,426,1214289,卖盘,000021,2025-10-17 22:49:07
09:52:06,28.5,0.0,1249,3560000,卖盘,000021,2025-10-17 22:49:07
09:52:09,28.55,0.05,2263,6455419,买盘,000021,2025-10-17 22:49:07
09:52:12,28.57,0.02,170,485446,买盘,000021,2025-10-17 22:49:07
09:52:15,28.58,0.01,357,1019966,中性盘,000021,2025-10-17 22:49:07
09:52:18,28.61,0.03,958,2738619,买盘,000021,2025-10-17 22:49:07
09:52:21,28.62,0.01,199,569321,买盘,000021,2025-10-17 22:49:07
09:52:24,28.65,0.03,128,367402,买盘,000021,2025-10-17 22:49:07
09:52:27,28.62,-0.03,1661,4754651,卖盘,000021,2025-10-17 22:49:07
09:52:30,28.65,0.03,286,819649,买盘,000021,2025-10-17 22:49:07
09:52:33,28.67,0.02,258,738242,买盘,000021,2025-10-17 22:49:07
09:52:36,28.63,-0.04,751,2150546,卖盘,000021,2025-10-17 22:49:07
09:52:39,28.63,0.0,646,1849576,卖盘,000021,2025-10-17 22:49:07
09:52:42,28.63,0.0,593,1698537,买盘,000021,2025-10-17 22:49:07
09:52:45,28.63,0.0,875,2507074,卖盘,000021,2025-10-17 22:49:07
09:52:48,28.66,0.03,432,1237715,中性盘,000021,2025-10-17 22:49:07
09:52:51,28.63,-0.03,528,1511952,卖盘,000021,2025-10-17 22:49:07
09:52:54,28.65,0.02,600,1718111,买盘,000021,2025-10-17 22:49:07
09:52:57,28.65,0.0,310,887631,买盘,000021,2025-10-17 22:49:07
09:53:00,28.63,-0.02,811,2322458,中性盘,000021,2025-10-17 22:49:07
09:53:03,28.65,0.02,229,655699,买盘,000021,2025-10-17 22:49:07
09:53:06,28.65,0.0,269,770487,买盘,000021,2025-10-17 22:49:07
09:53:09,28.65,0.0,182,521451,买盘,000021,2025-10-17 22:49:07
09:53:12,28.68,0.03,56,160475,买盘,000021,2025-10-17 22:49:07
09:53:15,28.67,-0.01,373,1068917,卖盘,000021,2025-10-17 22:49:07
09:53:18,28.68,0.01,415,1189855,买盘,000021,2025-10-17 22:49:07
09:53:21,28.67,-0.01,183,524714,卖盘,000021,2025-10-17 22:49:07
09:53:24,28.68,0.01,509,1459433,买盘,000021,2025-10-17 22:49:07
09:53:27,28.68,0.0,1104,3165606,卖盘,000021,2025-10-17 22:49:07
09:53:30,28.66,-0.02,1502,4303263,卖盘,000021,2025-10-17 22:49:07
09:53:33,28.65,-0.01,194,555784,中性盘,000021,2025-10-17 22:49:07
09:53:36,28.61,-0.04,738,2111697,卖盘,000021,2025-10-17 22:49:07
09:53:39,28.6,-0.01,513,1469044,卖盘,000021,2025-10-17 22:49:07
09:53:42,28.6,0.0,460,1316000,卖盘,000021,2025-10-17 22:49:07
09:53:45,28.63,0.03,563,1610483,中性盘,000021,2025-10-17 22:49:07
09:53:48,28.6,-0.03,420,1201561,卖盘,000021,2025-10-17 22:49:07
09:53:51,28.6,0.0,481,1375566,买盘,000021,2025-10-17 22:49:07
09:53:54,28.6,0.0,259,740817,买盘,000021,2025-10-17 22:49:07
09:53:57,28.6,0.0,1115,3188444,卖盘,000021,2025-10-17 22:49:07
09:54:00,28.59,-0.01,1589,4538637,中性盘,000021,2025-10-17 22:49:07
09:54:03,28.54,-0.05,363,1037100,中性盘,000021,2025-10-17 22:49:07
09:54:06,28.53,-0.01,212,605303,卖盘,000021,2025-10-17 22:49:07
09:54:09,28.51,-0.02,614,1750961,卖盘,000021,2025-10-17 22:49:07
09:54:12,28.53,0.02,717,2044404,买盘,000021,2025-10-17 22:49:07
09:54:15,28.51,-0.02,297,847062,卖盘,000021,2025-10-17 22:49:07
09:54:18,28.51,0.0,547,1559683,卖盘,000021,2025-10-17 22:49:07
09:54:21,28.52,0.01,768,2190245,买盘,000021,2025-10-17 22:49:07
09:54:24,28.53,0.01,212,604795,中性盘,000021,2025-10-17 22:49:07
09:54:27,28.56,0.03,558,1592855,买盘,000021,2025-10-17 22:49:07
09:54:30,28.56,0.0,180,514016,卖盘,000021,2025-10-17 22:49:07
09:54:33,28.57,0.01,189,539819,买盘,000021,2025-10-17 22:49:07
09:54:36,28.55,-0.02,341,973825,卖盘,000021,2025-10-17 22:49:07
09:54:39,28.55,0.0,264,753998,卖盘,000021,2025-10-17 22:49:07
09:54:42,28.56,0.01,254,725282,买盘,000021,2025-10-17 22:49:07
09:54:45,28.54,-0.02,501,1430726,卖盘,000021,2025-10-17 22:49:07
09:54:48,28.54,0.0,391,1116118,卖盘,000021,2025-10-17 22:49:07
09:54:51,28.54,0.0,343,979034,买盘,000021,2025-10-17 22:49:07
09:54:54,28.54,0.0,398,1135828,卖盘,000021,2025-10-17 22:49:07
09:54:57,28.54,0.0,612,1746341,买盘,000021,2025-10-17 22:49:07
09:55:00,28.54,0.0,274,782001,卖盘,000021,2025-10-17 22:49:07
09:55:03,28.54,0.0,437,1247234,卖盘,000021,2025-10-17 22:49:07
09:55:06,28.54,0.0,551,1572167,买盘,000021,2025-10-17 22:49:07
09:55:09,28.53,-0.01,325,927328,中性盘,000021,2025-10-17 22:49:07
09:55:12,28.53,0.0,298,850235,买盘,000021,2025-10-17 22:49:07
09:55:15,28.53,0.0,496,1415025,卖盘,000021,2025-10-17 22:49:07
09:55:18,28.52,-0.01,450,1283578,卖盘,000021,2025-10-17 22:49:07
09:55:21,28.52,0.0,1959,5585070,卖盘,000021,2025-10-17 22:49:07
09:55:24,28.52,0.0,720,2052895,买盘,000021,2025-10-17 22:49:07
09:55:27,28.5,-0.02,660,1881230,卖盘,000021,2025-10-17 22:49:07
09:55:30,28.52,0.02,693,1975904,买盘,000021,2025-10-17 22:49:07
09:55:33,28.51,-0.01,298,849778,卖盘,000021,2025-10-17 22:49:07
09:55:36,28.52,0.01,343,978077,卖盘,000021,2025-10-17 22:49:07
09:55:39,28.51,-0.01,284,809842,卖盘,000021,2025-10-17 22:49:07
09:55:42,28.51,0.0,404,1151830,卖盘,000021,2025-10-17 22:49:07
09:55:45,28.51,0.0,696,1984030,买盘,000021,2025-10-17 22:49:07
09:55:48,28.51,0.0,654,1864210,买盘,000021,2025-10-17 22:49:07
09:55:51,28.51,0.0,399,1138351,卖盘,000021,2025-10-17 22:49:07
09:55:54,28.51,0.0,1458,4155469,买盘,000021,2025-10-17 22:49:07
09:55:57,28.5,-0.01,617,1758745,卖盘,000021,2025-10-17 22:49:07
09:56:00,28.51,0.01,536,1527820,买盘,000021,2025-10-17 22:49:07
09:56:03,28.46,-0.05,6733,19173068,卖盘,000021,2025-10-17 22:49:07
09:56:06,28.44,-0.02,1443,4109374,卖盘,000021,2025-10-17 22:49:07
09:56:09,28.45,0.01,156,443724,买盘,000021,2025-10-17 22:49:07
09:56:12,28.43,-0.02,712,2024059,卖盘,000021,2025-10-17 22:49:07
09:56:15,28.42,-0.01,277,787300,卖盘,000021,2025-10-17 22:49:07
09:56:18,28.42,0.0,827,2350271,买盘,000021,2025-10-17 22:49:07
09:56:21,28.41,-0.01,1835,5212296,买盘,000021,2025-10-17 22:49:07
09:56:24,28.39,-0.02,1043,2961191,卖盘,000021,2025-10-17 22:49:07
09:56:27,28.38,-0.01,617,1751746,卖盘,000021,2025-10-17 22:49:07
09:56:30,28.4,0.02,1210,3434927,买盘,000021,2025-10-17 22:49:07
09:56:33,28.39,-0.01,762,2162702,卖盘,000021,2025-10-17 22:49:07
09:56:36,28.38,-0.01,1631,4628102,卖盘,000021,2025-10-17 22:49:07
09:56:39,28.35,-0.03,892,2529435,卖盘,000021,2025-10-17 22:49:07
09:56:42,28.38,0.03,1559,4422123,买盘,000021,2025-10-17 22:49:07
09:56:45,28.34,-0.04,419,1187639,卖盘,000021,2025-10-17 22:49:07
09:56:48,28.35,0.01,565,1601089,买盘,000021,2025-10-17 22:49:07
09:56:51,28.34,-0.01,803,2275962,卖盘,000021,2025-10-17 22:49:07
09:56:54,28.34,0.0,1719,4873368,卖盘,000021,2025-10-17 22:49:07
09:56:57,28.33,-0.01,1639,4644162,卖盘,000021,2025-10-17 22:49:07
09:57:00,28.34,0.01,2242,6354787,买盘,000021,2025-10-17 22:49:07
09:57:03,28.35,0.01,3103,8805148,中性盘,000021,2025-10-17 22:49:07
09:57:06,28.34,-0.01,1584,4489210,卖盘,000021,2025-10-17 22:49:07
09:57:09,28.35,0.01,1042,2953994,买盘,000021,2025-10-17 22:49:07
09:57:12,28.4,0.05,902,2556646,中性盘,000021,2025-10-17 22:49:07
09:57:15,28.42,0.02,961,2725886,买盘,000021,2025-10-17 22:49:07
09:57:18,28.35,-0.07,949,2692438,卖盘,000021,2025-10-17 22:49:07
09:57:21,28.41,0.06,620,1760472,中性盘,000021,2025-10-17 22:49:07
09:57:24,28.36,-0.05,461,1308653,卖盘,000021,2025-10-17 22:49:07
09:57:27,28.4,0.04,911,2584761,买盘,000021,2025-10-17 22:49:07
09:57:30,28.4,0.0,341,968075,买盘,000021,2025-10-17 22:49:07
09:57:33,28.41,0.01,537,1525065,买盘,000021,2025-10-17 22:49:07
09:57:36,28.41,0.0,698,1981834,买盘,000021,2025-10-17 22:49:07
09:57:39,28.41,0.0,374,1062679,卖盘,000021,2025-10-17 22:49:07
09:57:42,28.42,0.01,493,1400930,买盘,000021,2025-10-17 22:49:07
09:57:45,28.43,0.01,650,1847598,买盘,000021,2025-10-17 22:49:07
09:57:48,28.44,0.01,457,1299921,买盘,000021,2025-10-17 22:49:07
09:57:51,28.47,0.03,368,1046832,买盘,000021,2025-10-17 22:49:07
09:57:54,28.46,-0.01,193,549042,中性盘,000021,2025-10-17 22:49:07
09:57:57,28.45,-0.01,2528,7191005,卖盘,000021,2025-10-17 22:49:07
09:58:00,28.45,0.0,843,2397038,买盘,000021,2025-10-17 22:49:07
09:58:03,28.42,-0.03,1236,3510861,中性盘,000021,2025-10-17 22:49:07
09:58:06,28.39,-0.03,835,2371601,卖盘,000021,2025-10-17 22:49:07
09:58:09,28.4,0.01,222,630467,买盘,000021,2025-10-17 22:49:07
09:58:12,28.4,0.0,599,1701413,买盘,000021,2025-10-17 22:49:07
09:58:15,28.4,0.0,404,1146980,卖盘,000021,2025-10-17 22:49:07
09:58:18,28.4,0.0,371,1053295,买盘,000021,2025-10-17 22:49:07
09:58:21,28.4,0.0,890,2527841,卖盘,000021,2025-10-17 22:49:07
09:58:24,28.42,0.02,599,1701313,卖盘,000021,2025-10-17 22:49:07
09:58:27,28.4,-0.02,346,982677,卖盘,000021,2025-10-17 22:49:07
09:58:30,28.4,0.0,268,760060,买盘,000021,2025-10-17 22:49:07
09:58:33,28.39,-0.01,608,1725884,卖盘,000021,2025-10-17 22:49:07
09:58:36,28.37,-0.02,910,2582199,卖盘,000021,2025-10-17 22:49:07
09:58:39,28.36,-0.01,223,632515,卖盘,000021,2025-10-17 22:49:07
09:58:42,28.36,0.0,821,2328904,卖盘,000021,2025-10-17 22:49:07
09:58:45,28.36,0.0,310,879057,卖盘,000021,2025-10-17 22:49:07
09:58:48,28.35,-0.01,765,2168931,卖盘,000021,2025-10-17 22:49:07
09:58:51,28.35,0.0,446,1264372,卖盘,000021,2025-10-17 22:49:07
09:58:54,28.34,-0.01,313,887138,卖盘,000021,2025-10-17 22:49:07
09:58:57,28.31,-0.03,1595,4519302,卖盘,000021,2025-10-17 22:49:07
09:59:00,28.31,0.0,371,1050671,卖盘,000021,2025-10-17 22:49:07
09:59:03,28.31,0.0,608,1721628,卖盘,000021,2025-10-17 22:49:07
09:59:06,28.31,0.0,1976,5591822,卖盘,000021,2025-10-17 22:49:07
09:59:09,28.31,0.0,1516,4291424,买盘,000021,2025-10-17 22:49:07
09:59:12,28.35,0.04,1553,4402724,买盘,000021,2025-10-17 22:49:07
09:59:15,28.34,-0.01,319,904099,卖盘,000021,2025-10-17 22:49:07
09:59:18,28.34,0.0,946,2680511,卖盘,000021,2025-10-17 22:49:07
09:59:21,28.35,0.01,627,1777878,买盘,000021,2025-10-17 22:49:07
09:59:24,28.39,0.04,397,1125985,买盘,000021,2025-10-17 22:49:07
09:59:27,28.35,-0.04,1217,3450721,卖盘,000021,2025-10-17 22:49:07
09:59:30,28.4,0.05,787,2232014,买盘,000021,2025-10-17 22:49:07
09:59:33,28.4,0.0,433,1228536,买盘,000021,2025-10-17 22:49:07
09:59:36,28.4,0.0,405,1150759,卖盘,000021,2025-10-17 22:49:07
09:59:39,28.41,0.01,122,346590,买盘,000021,2025-10-17 22:49:07
09:59:42,28.41,0.0,202,573934,卖盘,000021,2025-10-17 22:49:07
09:59:45,28.43,0.02,566,1607362,买盘,000021,2025-10-17 22:49:07
09:59:48,28.43,0.0,393,1117310,卖盘,000021,2025-10-17 22:49:07
09:59:51,28.44,0.01,717,2037802,买盘,000021,2025-10-17 22:49:07
09:59:54,28.44,0.0,347,986109,买盘,000021,2025-10-17 22:49:07
09:59:57,28.44,0.0,1183,3362389,买盘,000021,2025-10-17 22:49:07
10:00:00,28.38,-0.06,356,1011803,卖盘,000021,2025-10-17 22:49:07
10:00:03,28.36,-0.02,353,1001699,卖盘,000021,2025-10-17 22:49:07
10:00:06,28.34,-0.02,602,1706636,卖盘,000021,2025-10-17 22:49:07
10:00:09,28.35,0.01,168,476158,买盘,000021,2025-10-17 22:49:07
10:00:12,28.33,-0.02,1025,2905960,卖盘,000021,2025-10-17 22:49:07
10:00:15,28.33,0.0,328,929219,卖盘,000021,2025-10-17 22:49:07
10:00:18,28.32,-0.01,1128,3193987,卖盘,000021,2025-10-17 22:49:07
10:00:21,28.32,0.0,466,1319363,买盘,000021,2025-10-17 22:49:07
10:00:24,28.32,0.0,1358,3843202,买盘,000021,2025-10-17 22:49:07
10:00:27,28.27,-0.05,1739,4919327,卖盘,000021,2025-10-17 22:49:07
10:00:30,28.28,0.01,328,928071,买盘,000021,2025-10-17 22:49:07
10:00:33,28.28,0.0,1117,3156724,卖盘,000021,2025-10-17 22:49:07
10:00:36,28.22,-0.06,474,1338696,卖盘,000021,2025-10-17 22:49:07
10:00:39,28.21,-0.01,1032,2915736,卖盘,000021,2025-10-17 22:49:07
10:00:42,28.2,-0.01,1652,4658865,卖盘,000021,2025-10-17 22:49:07
10:00:45,28.15,-0.05,745,2099235,卖盘,000021,2025-10-17 22:49:07
10:00:48,28.15,0.0,614,1728515,卖盘,000021,2025-10-17 22:49:07
10:00:51,28.13,-0.02,1393,3918608,卖盘,000021,2025-10-17 22:49:07
10:00:54,28.11,-0.02,1300,3654879,卖盘,000021,2025-10-17 22:49:07
10:00:57,28.15,0.04,2479,6973295,买盘,000021,2025-10-17 22:49:07
10:01:00,28.16,0.01,1587,4462726,买盘,000021,2025-10-17 22:49:07
10:01:03,28.16,0.0,760,2138602,卖盘,000021,2025-10-17 22:49:07
10:01:06,28.15,-0.01,2567,7226965,卖盘,000021,2025-10-17 22:49:07
10:01:09,28.14,-0.01,1007,2836945,卖盘,000021,2025-10-17 22:49:07
10:01:12,28.13,-0.01,899,2529769,卖盘,000021,2025-10-17 22:49:07
10:01:15,28.12,-0.01,1179,3316117,卖盘,000021,2025-10-17 22:49:07
10:01:18,28.12,0.0,2062,5794322,买盘,000021,2025-10-17 22:49:07
10:01:21,28.15,0.03,1555,4374975,买盘,000021,2025-10-17 22:49:07
10:01:24,28.18,0.03,543,1528463,买盘,000021,2025-10-17 22:49:07
10:01:27,28.21,0.03,683,1922552,买盘,000021,2025-10-17 22:49:07
10:01:30,28.16,-0.05,371,1045678,卖盘,000021,2025-10-17 22:49:07
10:01:33,28.2,0.04,323,910508,买盘,000021,2025-10-17 22:49:07
10:01:36,28.17,-0.03,295,830997,卖盘,000021,2025-10-17 22:49:07
10:01:39,28.17,0.0,925,2607881,买盘,000021,2025-10-17 22:49:07
10:01:42,28.2,0.03,715,2013743,买盘,000021,2025-10-17 22:49:07
10:01:45,28.15,-0.05,482,1357374,卖盘,000021,2025-10-17 22:49:07
10:01:48,28.14,-0.01,239,672707,卖盘,000021,2025-10-17 22:49:07
10:01:51,28.15,0.01,589,1657330,买盘,000021,2025-10-17 22:49:07
10:01:54,28.15,0.0,842,2370390,买盘,000021,2025-10-17 22:49:07
10:01:57,28.15,0.0,1283,3613660,卖盘,000021,2025-10-17 22:49:07
10:02:00,28.16,0.01,746,2100916,中性盘,000021,2025-10-17 22:49:07
10:02:03,28.15,-0.01,584,1643657,卖盘,000021,2025-10-17 22:49:07
10:02:06,28.15,0.0,551,1552251,卖盘,000021,2025-10-17 22:49:07
10:02:09,28.17,0.02,331,931896,买盘,000021,2025-10-17 22:49:07
10:02:12,28.17,0.0,301,847871,买盘,000021,2025-10-17 22:49:07
10:02:15,28.17,0.0,697,1963391,卖盘,000021,2025-10-17 22:49:07
10:02:18,28.18,0.01,499,1405881,买盘,000021,2025-10-17 22:49:07
10:02:21,28.18,0.0,455,1281862,买盘,000021,2025-10-17 22:49:07
10:02:24,28.22,0.04,1346,3794451,买盘,000021,2025-10-17 22:49:07
10:02:27,28.22,0.0,914,2576839,买盘,000021,2025-10-17 22:49:07
10:02:30,28.2,-0.02,576,1624425,卖盘,000021,2025-10-17 22:49:07
10:02:33,28.23,0.03,390,1100138,买盘,000021,2025-10-17 22:49:07
10:02:36,28.22,-0.01,450,1270159,卖盘,000021,2025-10-17 22:49:07
10:02:39,28.22,0.0,580,1637253,买盘,000021,2025-10-17 22:49:07
10:02:42,28.22,0.0,329,929037,卖盘,000021,2025-10-17 22:49:07
10:02:45,28.22,0.0,452,1276255,卖盘,000021,2025-10-17 22:49:07
10:02:48,28.27,0.05,490,1383349,中性盘,000021,2025-10-17 22:49:07
10:02:51,28.29,0.02,270,763429,买盘,000021,2025-10-17 22:49:07
10:02:54,28.29,0.0,301,851361,买盘,000021,2025-10-17 22:49:07
10:02:57,28.3,0.01,944,2671277,买盘,000021,2025-10-17 22:49:07
10:03:00,28.31,0.01,118,333904,中性盘,000021,2025-10-17 22:49:07
10:03:03,28.26,-0.05,1389,3929011,卖盘,000021,2025-10-17 22:49:07
10:03:06,28.26,0.0,478,1351964,卖盘,000021,2025-10-17 22:49:07
10:03:09,28.32,0.06,1003,2838128,买盘,000021,2025-10-17 22:49:07
10:03:12,28.24,-0.08,870,2460264,卖盘,000021,2025-10-17 22:49:07
10:03:15,28.24,0.0,829,2340795,买盘,000021,2025-10-17 22:49:07
10:03:18,28.24,0.0,496,1400596,买盘,000021,2025-10-17 22:49:07
10:03:21,28.24,0.0,1047,2957227,买盘,000021,2025-10-17 22:49:07
10:03:24,28.28,0.04,346,977450,买盘,000021,2025-10-17 22:49:07
10:03:27,28.26,-0.02,251,709176,中性盘,000021,2025-10-17 22:49:07
10:03:30,28.26,0.0,99,279837,卖盘,000021,2025-10-17 22:49:07
10:03:33,28.26,0.0,278,786273,卖盘,000021,2025-10-17 22:49:07
10:03:36,28.26,0.0,427,1206616,买盘,000021,2025-10-17 22:49:07
10:03:39,28.26,0.0,929,2624540,买盘,000021,2025-10-17 22:49:07
10:03:42,28.26,0.0,1531,4325571,卖盘,000021,2025-10-17 22:49:07
10:03:45,28.26,0.0,531,1500870,卖盘,000021,2025-10-17 22:49:07
10:03:48,28.27,0.01,312,881862,买盘,000021,2025-10-17 22:49:07
10:03:51,28.27,0.0,356,1006169,买盘,000021,2025-10-17 22:49:07
10:03:54,28.26,-0.01,347,980560,卖盘,000021,2025-10-17 22:49:07
10:03:57,28.26,0.0,368,1040056,卖盘,000021,2025-10-17 22:49:07
10:04:00,28.28,0.02,371,1048706,买盘,000021,2025-10-17 22:49:07
10:04:03,28.27,-0.01,250,706987,卖盘,000021,2025-10-17 22:49:07
10:04:06,28.3,0.03,615,1740165,买盘,000021,2025-10-17 22:49:07
10:04:09,28.31,0.01,464,1313028,买盘,000021,2025-10-17 22:49:07
10:04:12,28.3,-0.01,312,883095,卖盘,000021,2025-10-17 22:49:07
10:04:15,28.31,0.01,540,1528050,买盘,000021,2025-10-17 22:49:07
10:04:18,28.32,0.01,476,1347439,买盘,000021,2025-10-17 22:49:07
10:04:21,28.3,-0.02,1064,3011955,卖盘,000021,2025-10-17 22:49:07
10:04:24,28.3,0.0,382,1081022,买盘,000021,2025-10-17 22:49:07
10:04:27,28.31,0.01,569,1610194,买盘,000021,2025-10-17 22:49:07
10:04:30,28.33,0.02,346,979374,买盘,000021,2025-10-17 22:49:07
10:04:33,28.33,0.0,320,906137,买盘,000021,2025-10-17 22:49:07
10:04:36,28.33,0.0,274,776043,买盘,000021,2025-10-17 22:49:07
10:04:39,28.34,0.01,379,1073629,买盘,000021,2025-10-17 22:49:07
10:04:42,28.35,0.01,461,1306247,买盘,000021,2025-10-17 22:49:07
10:04:45,28.33,-0.02,508,1439995,卖盘,000021,2025-10-17 22:49:07
10:04:48,28.35,0.02,219,620521,买盘,000021,2025-10-17 22:49:07
10:04:51,28.37,0.02,295,836280,买盘,000021,2025-10-17 22:49:07
10:04:54,28.36,-0.01,258,731598,中性盘,000021,2025-10-17 22:49:07
10:04:57,28.37,0.01,367,1040812,买盘,000021,2025-10-17 22:49:07
10:05:00,28.39,0.02,142,403028,买盘,000021,2025-10-17 22:49:07
10:05:03,28.4,0.01,450,1277416,买盘,000021,2025-10-17 22:49:07
10:05:06,28.4,0.0,643,1825901,卖盘,000021,2025-10-17 22:49:07
10:05:09,28.4,0.0,529,1502579,卖盘,000021,2025-10-17 22:49:07
10:05:12,28.42,0.02,320,909176,买盘,000021,2025-10-17 22:49:07
10:05:15,28.4,-0.02,872,2476736,卖盘,000021,2025-10-17 22:49:07
10:05:18,28.4,0.0,951,2701337,买盘,000021,2025-10-17 22:49:07
10:05:21,28.42,0.02,369,1048301,买盘,000021,2025-10-17 22:49:07
10:05:24,28.4,-0.02,547,1553597,卖盘,000021,2025-10-17 22:49:07
10:05:27,28.4,0.0,453,1286437,买盘,000021,2025-10-17 22:49:07
10:05:30,28.39,-0.01,505,1434200,卖盘,000021,2025-10-17 22:49:07
10:05:33,28.4,0.01,912,2590145,买盘,000021,2025-10-17 22:49:07
10:05:36,28.36,-0.04,904,2565203,卖盘,000021,2025-10-17 22:49:07
10:05:39,28.38,0.02,196,555982,买盘,000021,2025-10-17 22:49:07
10:05:42,28.38,0.0,242,686499,买盘,000021,2025-10-17 22:49:07
10:05:45,28.36,-0.02,1068,3026640,卖盘,000021,2025-10-17 22:49:07
10:05:48,28.4,0.04,468,1327869,买盘,000021,2025-10-17 22:49:07
10:05:51,28.38,-0.02,109,309361,卖盘,000021,2025-10-17 22:49:07
10:05:54,28.39,0.01,198,562142,中性盘,000021,2025-10-17 22:49:07
10:05:57,28.4,0.01,886,2515962,买盘,000021,2025-10-17 22:49:07
10:06:00,28.45,0.05,1787,5080304,买盘,000021,2025-10-17 22:49:07
10:06:03,28.43,-0.02,117,332369,中性盘,000021,2025-10-17 22:49:07
10:06:06,28.41,-0.02,270,767321,卖盘,000021,2025-10-17 22:49:07
10:06:09,28.45,0.04,87,247369,买盘,000021,2025-10-17 22:49:07
10:06:12,28.46,0.01,53,150826,买盘,000021,2025-10-17 22:49:07
10:06:15,28.45,-0.01,299,850784,卖盘,000021,2025-10-17 22:49:07
10:06:18,28.44,-0.01,1381,3929583,卖盘,000021,2025-10-17 22:49:07
10:06:21,28.42,-0.02,400,1137400,中性盘,000021,2025-10-17 22:49:07
10:06:24,28.44,0.02,473,1345079,买盘,000021,2025-10-17 22:49:07
10:06:27,28.42,-0.02,383,1089086,卖盘,000021,2025-10-17 22:49:07
10:06:30,28.46,0.04,257,731269,买盘,000021,2025-10-17 22:49:07
10:06:33,28.46,0.0,34,96785,卖盘,000021,2025-10-17 22:49:07
10:06:36,28.47,0.01,572,1628461,买盘,000021,2025-10-17 22:49:07
10:06:39,28.46,-0.01,630,1792517,卖盘,000021,2025-10-17 22:49:07
10:06:42,28.46,0.0,722,2054578,买盘,000021,2025-10-17 22:49:07
10:06:45,28.45,-0.01,187,532040,卖盘,000021,2025-10-17 22:49:07
10:06:48,28.46,0.01,330,939077,买盘,000021,2025-10-17 22:49:07
10:06:51,28.46,0.0,150,426833,卖盘,000021,2025-10-17 22:49:07
10:06:54,28.45,-0.01,490,1393691,卖盘,000021,2025-10-17 22:49:07
10:06:57,28.45,0.0,268,762407,卖盘,000021,2025-10-17 22:49:07
10:07:00,28.45,0.0,271,770896,买盘,000021,2025-10-17 22:49:07
10:07:03,28.43,-0.02,470,1337759,卖盘,000021,2025-10-17 22:49:07
10:07:06,28.42,-0.01,141,400903,卖盘,000021,2025-10-17 22:49:07
10:07:09,28.43,0.01,444,1262106,买盘,000021,2025-10-17 22:49:07
10:07:12,28.42,-0.01,205,582678,卖盘,000021,2025-10-17 22:49:07
10:07:15,28.43,0.01,477,1356070,买盘,000021,2025-10-17 22:49:07
10:07:18,28.44,0.01,341,970164,买盘,000021,2025-10-17 22:49:07
10:07:21,28.47,0.03,148,421006,买盘,000021,2025-10-17 22:49:07
10:07:24,28.47,0.0,128,364431,卖盘,000021,2025-10-17 22:49:07
10:07:27,28.47,0.0,191,543772,卖盘,000021,2025-10-17 22:49:07
10:07:30,28.46,-0.01,110,313132,卖盘,000021,2025-10-17 22:49:07
10:07:33,28.45,-0.01,314,893303,卖盘,000021,2025-10-17 22:49:07
10:07:36,28.45,0.0,679,1931822,买盘,000021,2025-10-17 22:49:07
10:07:39,28.46,0.01,262,745658,买盘,000021,2025-10-17 22:49:07
10:07:42,28.47,0.01,85,241977,买盘,000021,2025-10-17 22:49:07
10:07:45,28.46,-0.01,362,1030671,卖盘,000021,2025-10-17 22:49:07
10:07:48,28.47,0.01,167,475521,买盘,000021,2025-10-17 22:49:07
10:07:51,28.47,0.0,381,1084452,买盘,000021,2025-10-17 22:49:07
10:07:54,28.47,0.0,159,452637,买盘,000021,2025-10-17 22:49:07
10:07:57,28.47,0.0,212,603470,买盘,000021,2025-10-17 22:49:07
10:08:00,28.47,0.0,262,745811,买盘,000021,2025-10-17 22:49:07
10:08:03,28.46,-0.01,548,1559223,卖盘,000021,2025-10-17 22:49:07
10:08:06,28.46,0.0,256,728760,买盘,000021,2025-10-17 22:49:07
10:08:09,28.46,0.0,126,358535,买盘,000021,2025-10-17 22:49:07
10:08:12,28.46,0.0,204,580545,买盘,000021,2025-10-17 22:49:07
10:08:15,28.46,0.0,270,768532,卖盘,000021,2025-10-17 22:49:07
10:08:18,28.46,0.0,167,475280,卖盘,000021,2025-10-17 22:49:07
10:08:21,28.46,0.0,291,828009,卖盘,000021,2025-10-17 22:49:07
10:08:24,28.45,-0.01,238,677181,中性盘,000021,2025-10-17 22:49:07
10:08:27,28.42,-0.03,761,2163538,卖盘,000021,2025-10-17 22:49:07
10:08:30,28.45,0.03,510,1450547,买盘,000021,2025-10-17 22:49:07
10:08:33,28.43,-0.02,87,247248,中性盘,000021,2025-10-17 22:49:07
10:08:36,28.42,-0.01,75,213145,卖盘,000021,2025-10-17 22:49:07
10:08:39,28.44,0.02,163,463276,买盘,000021,2025-10-17 22:49:07
10:08:42,28.41,-0.03,251,713387,卖盘,000021,2025-10-17 22:49:07
10:08:45,28.43,0.02,199,565546,买盘,000021,2025-10-17 22:49:07
10:08:48,28.42,-0.01,544,1546415,卖盘,000021,2025-10-17 22:49:07
10:08:51,28.42,0.0,207,588197,买盘,000021,2025-10-17 22:49:07
10:08:54,28.42,0.0,333,946119,买盘,000021,2025-10-17 22:49:07
10:08:57,28.42,0.0,403,1145232,卖盘,000021,2025-10-17 22:49:07
10:09:00,28.41,-0.01,319,906113,卖盘,000021,2025-10-17 22:49:07
10:09:03,28.41,0.0,152,431820,卖盘,000021,2025-10-17 22:49:07
10:09:06,28.41,0.0,125,355101,卖盘,000021,2025-10-17 22:49:07
10:09:09,28.44,0.03,1007,2861468,买盘,000021,2025-10-17 22:49:07
10:09:12,28.43,-0.01,413,1173820,中性盘,000021,2025-10-17 22:49:07
10:09:15,28.45,0.02,483,1372772,买盘,000021,2025-10-17 22:49:07
10:09:18,28.44,-0.01,354,1005916,卖盘,000021,2025-10-17 22:49:07
10:09:21,28.44,0.0,633,1799770,买盘,000021,2025-10-17 22:49:07
10:09:24,28.44,0.0,687,1954019,买盘,000021,2025-10-17 22:49:07
10:09:27,28.45,0.01,532,1512694,买盘,000021,2025-10-17 22:49:07
10:09:30,28.46,0.01,222,631476,买盘,000021,2025-10-17 22:49:07
10:09:33,28.46,0.0,449,1277328,买盘,000021,2025-10-17 22:49:07
10:09:36,28.45,-0.01,516,1467903,中性盘,000021,2025-10-17 22:49:07
10:09:39,28.45,0.0,219,623058,中性盘,000021,2025-10-17 22:49:07
10:09:42,28.44,-0.01,308,876112,卖盘,000021,2025-10-17 22:49:07
10:09:45,28.44,0.0,357,1015455,卖盘,000021,2025-10-17 22:49:07
10:09:48,28.44,0.0,146,415190,买盘,000021,2025-10-17 22:49:07
10:09:51,28.44,0.0,282,801823,买盘,000021,2025-10-17 22:49:07
10:09:54,28.43,-0.01,377,1071834,卖盘,000021,2025-10-17 22:49:07
10:09:57,28.44,0.01,960,2729096,买盘,000021,2025-10-17 22:49:07
10:10:00,28.42,-0.02,159,451842,卖盘,000021,2025-10-17 22:49:07
10:10:03,28.4,-0.02,1932,5487678,卖盘,000021,2025-10-17 22:49:07
10:10:06,28.39,-0.01,287,814884,卖盘,000021,2025-10-17 22:49:07
10:10:09,28.39,0.0,118,334932,买盘,000021,2025-10-17 22:49:07
10:10:12,28.38,-0.01,247,701001,卖盘,000021,2025-10-17 22:49:07
10:10:15,28.37,-0.01,596,1691057,卖盘,000021,2025-10-17 22:49:07
10:10:18,28.37,0.0,270,765749,卖盘,000021,2025-10-17 22:49:07
10:10:21,28.36,-0.01,196,555860,卖盘,000021,2025-10-17 22:49:07
10:10:24,28.35,-0.01,264,748459,卖盘,000021,2025-10-17 22:49:07
10:10:27,28.34,-0.01,563,1594628,卖盘,000021,2025-10-17 22:49:07
10:10:30,28.3,-0.04,3552,10052539,卖盘,000021,2025-10-17 22:49:07
10:10:33,28.29,-0.01,359,1015391,卖盘,000021,2025-10-17 22:49:07
10:10:36,28.26,-0.03,386,1091458,卖盘,000021,2025-10-17 22:49:07
10:10:39,28.25,-0.01,657,1856222,卖盘,000021,2025-10-17 22:49:07
10:10:42,28.22,-0.03,374,1056359,卖盘,000021,2025-10-17 22:49:07
10:10:45,28.22,0.0,304,858026,卖盘,000021,2025-10-17 22:49:07
10:10:48,28.22,0.0,232,654524,买盘,000021,2025-10-17 22:49:07
10:10:51,28.2,-0.02,392,1105769,卖盘,000021,2025-10-17 22:49:07
10:10:54,28.2,0.0,1338,3773673,卖盘,000021,2025-10-17 22:49:07
10:10:57,28.2,0.0,577,1627306,卖盘,000021,2025-10-17 22:49:07
10:11:00,28.2,0.0,337,950150,买盘,000021,2025-10-17 22:49:07
10:11:03,28.19,-0.01,1282,3614795,卖盘,000021,2025-10-17 22:49:07
10:11:06,28.21,0.02,1471,4149969,买盘,000021,2025-10-17 22:49:07
10:11:09,28.25,0.04,186,525069,买盘,000021,2025-10-17 22:49:07
10:11:12,28.21,-0.04,914,2578921,卖盘,000021,2025-10-17 22:49:07
10:11:15,28.28,0.07,592,1671050,买盘,000021,2025-10-17 22:49:07
10:11:18,28.25,-0.03,456,1287292,中性盘,000021,2025-10-17 22:49:07
10:11:21,28.29,0.04,283,800698,买盘,000021,2025-10-17 22:49:07
10:11:24,28.32,0.03,255,721594,买盘,000021,2025-10-17 22:49:07
10:11:27,28.28,-0.04,320,905359,卖盘,000021,2025-10-17 22:49:07
10:11:30,28.26,-0.02,433,1225126,中性盘,000021,2025-10-17 22:49:07
10:11:33,28.29,0.03,212,599458,买盘,000021,2025-10-17 22:49:07
10:11:36,28.28,-0.01,218,616708,卖盘,000021,2025-10-17 22:49:07
10:11:39,28.28,0.0,182,514688,买盘,000021,2025-10-17 22:49:07
10:11:42,28.27,-0.01,324,916145,卖盘,000021,2025-10-17 22:49:07
10:11:45,28.28,0.01,1310,3703088,买盘,000021,2025-10-17 22:49:07
10:11:48,28.28,0.0,395,1116708,买盘,000021,2025-10-17 22:49:07
10:11:51,28.28,0.0,272,769259,买盘,000021,2025-10-17 22:49:07
10:11:54,28.28,0.0,129,364837,卖盘,000021,2025-10-17 22:49:07
10:11:57,28.28,0.0,318,899318,卖盘,000021,2025-10-17 22:49:07
10:12:00,28.28,0.0,367,1037695,买盘,000021,2025-10-17 22:49:07
10:12:03,28.28,0.0,501,1416767,买盘,000021,2025-10-17 22:49:07
10:12:06,28.28,0.0,708,2001777,卖盘,000021,2025-10-17 22:49:07
10:12:09,28.27,-0.01,1550,4381346,卖盘,000021,2025-10-17 22:49:07
10:12:12,28.24,-0.03,226,638667,卖盘,000021,2025-10-17 22:49:07
10:12:15,28.22,-0.02,500,1411808,卖盘,000021,2025-10-17 22:49:07
10:12:18,28.22,0.0,217,612580,卖盘,000021,2025-10-17 22:49:07
10:12:21,28.21,-0.01,312,880566,卖盘,000021,2025-10-17 22:49:07
10:12:24,28.21,0.0,367,1035363,卖盘,000021,2025-10-17 22:49:07
10:12:27,28.22,0.01,847,2390074,买盘,000021,2025-10-17 22:49:07
10:12:30,28.23,0.01,275,776165,买盘,000021,2025-10-17 22:49:07
10:12:33,28.23,0.0,213,601222,卖盘,000021,2025-10-17 22:49:07
10:12:36,28.22,-0.01,611,1723881,卖盘,000021,2025-10-17 22:49:07
10:12:39,28.21,-0.01,213,600925,卖盘,000021,2025-10-17 22:49:07
10:12:42,28.21,0.0,610,1720490,买盘,000021,2025-10-17 22:49:07
10:12:45,28.21,0.0,839,2366135,买盘,000021,2025-10-17 22:49:07
10:12:48,28.2,-0.01,953,2686737,卖盘,000021,2025-10-17 22:49:07
10:12:51,28.19,-0.01,336,947466,卖盘,000021,2025-10-17 22:49:07
10:12:54,28.18,-0.01,381,1074254,卖盘,000021,2025-10-17 22:49:07
10:12:57,28.18,0.0,642,1809413,卖盘,000021,2025-10-17 22:49:07
10:13:00,28.21,0.03,645,1817716,买盘,000021,2025-10-17 22:49:07
10:13:03,28.2,-0.01,617,1739418,卖盘,000021,2025-10-17 22:49:07
10:13:06,28.2,0.0,353,995477,卖盘,000021,2025-10-17 22:49:07
10:13:09,28.22,0.02,570,1608040,买盘,000021,2025-10-17 22:49:07
10:13:12,28.21,-0.01,416,1173511,卖盘,000021,2025-10-17 22:49:07
10:13:15,28.21,0.0,337,950799,卖盘,000021,2025-10-17 22:49:07
10:13:18,28.23,0.02,501,1413307,买盘,000021,2025-10-17 22:49:07
10:13:21,28.26,0.03,630,1778589,买盘,000021,2025-10-17 22:49:07
10:13:24,28.27,0.01,99,279836,买盘,000021,2025-10-17 22:49:07
10:13:27,28.26,-0.01,835,2359196,卖盘,000021,2025-10-17 22:49:07
10:13:30,28.27,0.01,145,409834,买盘,000021,2025-10-17 22:49:07
10:13:33,28.28,0.01,280,791543,买盘,000021,2025-10-17 22:49:07
10:13:36,28.26,-0.02,615,1738236,卖盘,000021,2025-10-17 22:49:07
10:13:39,28.27,0.01,605,1710510,中性盘,000021,2025-10-17 22:49:07
10:13:42,28.3,0.03,151,427185,中性盘,000021,2025-10-17 22:49:07
10:13:45,28.32,0.02,457,1293764,买盘,000021,2025-10-17 22:49:07
10:13:48,28.34,0.02,235,665892,买盘,000021,2025-10-17 22:49:07
10:13:51,28.34,0.0,128,362799,买盘,000021,2025-10-17 22:49:07
10:13:54,28.36,0.02,977,2767482,买盘,000021,2025-10-17 22:49:07
10:13:57,28.33,-0.03,694,1966927,卖盘,000021,2025-10-17 22:49:07
10:14:00,28.35,0.02,324,918166,买盘,000021,2025-10-17 22:49:07
10:14:03,28.37,0.02,291,824758,买盘,000021,2025-10-17 22:49:07
10:14:06,28.37,0.0,562,1594401,卖盘,000021,2025-10-17 22:49:07
10:14:09,28.38,0.01,133,377434,买盘,000021,2025-10-17 22:49:07
10:14:12,28.39,0.01,203,576181,买盘,000021,2025-10-17 22:49:07
10:14:15,28.36,-0.03,652,1850105,卖盘,000021,2025-10-17 22:49:07
10:14:18,28.37,0.01,461,1307562,买盘,000021,2025-10-17 22:49:07
10:14:21,28.39,0.02,284,805996,买盘,000021,2025-10-17 22:49:07
10:14:24,28.39,0.0,951,2698669,买盘,000021,2025-10-17 22:49:07
10:14:27,28.36,-0.03,284,805418,卖盘,000021,2025-10-17 22:49:07
10:14:30,28.36,0.0,401,1136891,买盘,000021,2025-10-17 22:49:07
10:14:33,28.35,-0.01,413,1170027,中性盘,000021,2025-10-17 22:49:07
10:14:36,28.31,-0.04,644,1823312,卖盘,000021,2025-10-17 22:49:07
10:14:39,28.31,0.0,126,356689,买盘,000021,2025-10-17 22:49:07
10:14:42,28.31,0.0,174,492709,买盘,000021,2025-10-17 22:49:07
10:14:45,28.31,0.0,370,1047682,卖盘,000021,2025-10-17 22:49:07
10:14:48,28.34,0.03,64,181425,中性盘,000021,2025-10-17 22:49:07
10:14:51,28.36,0.02,111,314698,买盘,000021,2025-10-17 22:49:07
10:14:54,28.34,-0.02,240,680046,卖盘,000021,2025-10-17 22:49:07
10:14:57,28.32,-0.02,186,526824,卖盘,000021,2025-10-17 22:49:07
10:15:00,28.31,-0.01,146,413422,卖盘,000021,2025-10-17 22:49:07
10:15:03,28.32,0.01,1496,4235547,买盘,000021,2025-10-17 22:49:07
10:15:06,28.32,0.0,355,1005484,卖盘,000021,2025-10-17 22:49:07
10:15:09,28.32,0.0,222,628660,买盘,000021,2025-10-17 22:49:07
10:15:12,28.32,0.0,188,532370,买盘,000021,2025-10-17 22:49:07
10:15:15,28.33,0.01,414,1172390,买盘,000021,2025-10-17 22:49:07
10:15:18,28.31,-0.02,205,580543,卖盘,000021,2025-10-17 22:49:07
10:15:21,28.33,0.02,57,161505,买盘,000021,2025-10-17 22:49:07
10:15:24,28.32,-0.01,162,458911,卖盘,000021,2025-10-17 22:49:07
10:15:27,28.32,0.0,715,2023994,卖盘,000021,2025-10-17 22:49:07
10:15:30,28.32,0.0,255,722136,买盘,000021,2025-10-17 22:49:07
10:15:33,28.31,-0.01,83,235020,卖盘,000021,2025-10-17 22:49:07
10:15:36,28.3,-0.01,467,1321671,卖盘,000021,2025-10-17 22:49:07
10:15:39,28.3,0.0,299,845953,买盘,000021,2025-10-17 22:49:07
10:15:42,28.29,-0.01,328,927890,卖盘,000021,2025-10-17 22:49:07
10:15:45,28.28,-0.01,490,1385911,卖盘,000021,2025-10-17 22:49:07
10:15:48,28.28,0.0,250,707375,中性盘,000021,2025-10-17 22:49:07
10:15:51,28.3,0.02,202,571346,买盘,000021,2025-10-17 22:49:07
10:15:54,28.3,0.0,298,841683,买盘,000021,2025-10-17 22:49:07
10:15:57,28.28,-0.02,147,416907,卖盘,000021,2025-10-17 22:49:07
10:16:00,28.28,0.0,636,1798880,买盘,000021,2025-10-17 22:49:07
10:16:03,28.29,0.01,35,99001,买盘,000021,2025-10-17 22:49:07
10:16:06,28.28,-0.01,556,1572320,卖盘,000021,2025-10-17 22:49:07
10:16:09,28.28,0.0,145,410050,买盘,000021,2025-10-17 22:49:07
10:16:12,28.28,0.0,287,811582,买盘,000021,2025-10-17 22:49:07
10:16:15,28.3,0.02,527,1490422,买盘,000021,2025-10-17 22:49:07
10:16:18,28.3,0.0,247,697781,买盘,000021,2025-10-17 22:49:07
10:16:21,28.3,0.0,184,520599,买盘,000021,2025-10-17 22:49:07
10:16:24,28.29,-0.01,230,650752,卖盘,000021,2025-10-17 22:49:07
10:16:27,28.29,0.0,811,2294619,买盘,000021,2025-10-17 22:49:07
10:16:30,28.3,0.01,75,212205,买盘,000021,2025-10-17 22:49:07
10:16:33,28.31,0.01,77,217948,买盘,000021,2025-10-17 22:49:07
10:16:36,28.3,-0.01,281,795358,卖盘,000021,2025-10-17 22:49:07
10:16:39,28.3,0.0,76,215080,买盘,000021,2025-10-17 22:49:07
10:16:42,28.3,0.0,194,548970,买盘,000021,2025-10-17 22:49:07
10:16:45,28.31,0.01,389,1100749,买盘,000021,2025-10-17 22:49:07
10:16:48,28.31,0.0,69,195307,买盘,000021,2025-10-17 22:49:07
10:16:51,28.31,0.0,115,325514,买盘,000021,2025-10-17 22:49:07
10:16:54,28.31,0.0,466,1318979,买盘,000021,2025-10-17 22:49:07
10:16:57,28.31,0.0,398,1126511,买盘,000021,2025-10-17 22:49:07
10:17:00,28.31,0.0,202,571967,卖盘,000021,2025-10-17 22:49:07
10:17:03,28.34,0.03,130,368213,买盘,000021,2025-10-17 22:49:07
10:17:06,28.32,-0.02,91,257839,卖盘,000021,2025-10-17 22:49:07
10:17:09,28.33,0.01,241,682594,买盘,000021,2025-10-17 22:49:07
10:17:12,28.34,0.01,282,798866,买盘,000021,2025-10-17 22:49:07
10:17:15,28.33,-0.01,360,1019982,卖盘,000021,2025-10-17 22:49:07
10:17:18,28.35,0.02,277,784680,买盘,000021,2025-10-17 22:49:07
10:17:21,28.35,0.0,52,147396,买盘,000021,2025-10-17 22:49:07
10:17:24,28.35,0.0,198,561302,买盘,000021,2025-10-17 22:49:07
10:17:27,28.35,0.0,191,541481,卖盘,000021,2025-10-17 22:49:07
10:17:30,28.37,0.02,317,898673,买盘,000021,2025-10-17 22:49:07
10:17:33,28.35,-0.02,44,124798,卖盘,000021,2025-10-17 22:49:07
10:17:36,28.39,0.04,759,2153204,买盘,000021,2025-10-17 22:49:07
10:17:39,28.4,0.01,83,235634,买盘,000021,2025-10-17 22:49:07
10:17:42,28.42,0.02,139,394794,买盘,000021,2025-10-17 22:49:07
10:17:45,28.4,-0.02,328,931767,卖盘,000021,2025-10-17 22:49:07
10:17:48,28.4,0.0,126,357837,买盘,000021,2025-10-17 22:49:07
10:17:51,28.38,-0.02,653,1853722,卖盘,000021,2025-10-17 22:49:07
10:17:54,28.36,-0.02,355,1007049,卖盘,000021,2025-10-17 22:49:07
10:17:57,28.35,-0.01,617,1749178,卖盘,000021,2025-10-17 22:49:07
10:18:00,28.36,0.01,531,1506933,买盘,000021,2025-10-17 22:49:07
10:18:03,28.36,0.0,880,2493548,中性盘,000021,2025-10-17 22:49:07
10:18:06,28.37,0.01,210,595750,买盘,000021,2025-10-17 22:49:07
10:18:09,28.38,0.01,424,1203009,买盘,000021,2025-10-17 22:49:07
10:18:12,28.37,-0.01,205,581558,买盘,000021,2025-10-17 22:49:07
10:18:15,28.38,0.01,174,493633,买盘,000021,2025-10-17 22:49:07
10:18:18,28.38,0.0,822,2332607,买盘,000021,2025-10-17 22:49:07
10:18:21,28.38,0.0,126,357535,卖盘,000021,2025-10-17 22:49:07
10:18:24,28.39,0.01,200,567751,买盘,000021,2025-10-17 22:49:07
10:18:27,28.39,0.0,172,488252,卖盘,000021,2025-10-17 22:49:07
10:18:30,28.37,-0.02,543,1540999,卖盘,000021,2025-10-17 22:49:07
10:18:33,28.37,0.0,619,1755976,卖盘,000021,2025-10-17 22:49:07
10:18:36,28.36,-0.01,98,277965,卖盘,000021,2025-10-17 22:49:07
10:18:39,28.37,0.01,547,1551472,买盘,000021,2025-10-17 22:49:07
10:18:42,28.38,0.01,108,306322,买盘,000021,2025-10-17 22:49:07
10:18:45,28.37,-0.01,87,246816,卖盘,000021,2025-10-17 22:49:07
10:18:48,28.37,0.0,90,255397,卖盘,000021,2025-10-17 22:49:07
10:18:51,28.37,0.0,138,391462,买盘,000021,2025-10-17 22:49:07
10:18:54,28.37,0.0,155,439698,买盘,000021,2025-10-17 22:49:07
10:18:57,28.37,0.0,149,422687,买盘,000021,2025-10-17 22:49:07
10:19:00,28.36,-0.01,380,1077882,卖盘,000021,2025-10-17 22:49:07
10:19:03,28.36,0.0,245,694886,卖盘,000021,2025-10-17 22:49:07
10:19:06,28.36,0.0,448,1270924,买盘,000021,2025-10-17 22:49:07
10:19:09,28.37,0.01,140,397104,买盘,000021,2025-10-17 22:49:07
10:19:12,28.36,-0.01,104,294974,卖盘,000021,2025-10-17 22:49:07
10:19:15,28.36,0.0,66,187164,中性盘,000021,2025-10-17 22:49:07
10:19:18,28.37,0.01,66,187172,买盘,000021,2025-10-17 22:49:07
10:19:21,28.35,-0.02,155,439564,卖盘,000021,2025-10-17 22:49:07
10:19:24,28.35,0.0,110,311932,卖盘,000021,2025-10-17 22:49:07
10:19:27,28.36,0.01,112,317599,买盘,000021,2025-10-17 22:49:07
10:19:30,28.36,0.0,64,181470,买盘,000021,2025-10-17 22:49:07
10:19:33,28.35,-0.01,141,399785,卖盘,000021,2025-10-17 22:49:07
10:19:36,28.36,0.01,394,1117316,买盘,000021,2025-10-17 22:49:07
10:19:39,28.37,0.01,204,578539,买盘,000021,2025-10-17 22:49:07
10:19:42,28.38,0.01,156,442609,买盘,000021,2025-10-17 22:49:07
10:19:45,28.39,0.01,331,939083,买盘,000021,2025-10-17 22:49:07
10:19:48,28.38,-0.01,33,93633,卖盘,000021,2025-10-17 22:49:07
10:19:51,28.38,0.0,81,229855,买盘,000021,2025-10-17 22:49:07
10:19:54,28.38,0.0,67,190143,买盘,000021,2025-10-17 22:49:07
10:19:57,28.38,0.0,111,314981,买盘,000021,2025-10-17 22:49:07
10:20:00,28.38,0.0,93,263900,买盘,000021,2025-10-17 22:49:07
10:20:03,28.36,-0.02,1038,2943479,卖盘,000021,2025-10-17 22:49:07
10:20:06,28.36,0.0,130,368664,买盘,000021,2025-10-17 22:49:07
10:20:09,28.36,0.0,151,428137,买盘,000021,2025-10-17 22:49:07
10:20:12,28.35,-0.01,66,187121,买盘,000021,2025-10-17 22:49:07
10:20:15,28.33,-0.02,247,699926,卖盘,000021,2025-10-17 22:49:07
10:20:18,28.33,0.0,126,356992,卖盘,000021,2025-10-17 22:49:07
10:20:21,28.33,0.0,224,634470,中性盘,000021,2025-10-17 22:49:07
10:20:24,28.33,0.0,162,458801,卖盘,000021,2025-10-17 22:49:07
10:20:27,28.31,-0.02,78,220839,卖盘,000021,2025-10-17 22:49:07
10:20:30,28.31,0.0,312,883263,卖盘,000021,2025-10-17 22:49:07
10:20:33,28.3,-0.01,305,863289,卖盘,000021,2025-10-17 22:49:07
10:20:36,28.28,-0.02,4269,12079421,卖盘,000021,2025-10-17 22:49:07
10:20:39,28.29,0.01,215,606778,买盘,000021,2025-10-17 22:49:07
10:20:42,28.28,-0.01,372,1052660,卖盘,000021,2025-10-17 22:49:07
10:20:45,28.27,-0.01,112,316746,卖盘,000021,2025-10-17 22:49:07
10:20:48,28.27,0.0,90,253256,买盘,000021,2025-10-17 22:49:07
10:20:51,28.26,-0.01,136,385521,卖盘,000021,2025-10-17 22:49:07
10:20:54,28.26,0.0,977,2760511,卖盘,000021,2025-10-17 22:49:07
10:20:57,28.25,-0.01,2125,6000975,卖盘,000021,2025-10-17 22:49:07
10:21:00,28.25,0.0,137,386925,买盘,000021,2025-10-17 22:49:07
10:21:03,28.21,-0.04,745,2101527,卖盘,000021,2025-10-17 22:49:07
10:21:06,28.2,-0.01,292,823495,卖盘,000021,2025-10-17 22:49:07
10:21:09,28.2,0.0,504,1421611,卖盘,000021,2025-10-17 22:49:07
10:21:12,28.21,0.01,200,564144,买盘,000021,2025-10-17 22:49:07
10:21:15,28.21,0.0,355,1001134,卖盘,000021,2025-10-17 22:49:07
10:21:18,28.2,-0.01,418,1178983,卖盘,000021,2025-10-17 22:49:07
10:21:21,28.23,0.03,304,857556,买盘,000021,2025-10-17 22:49:07
10:21:24,28.22,-0.01,277,781266,中性盘,000021,2025-10-17 22:49:07
10:21:27,28.23,0.01,301,849240,买盘,000021,2025-10-17 22:49:07
10:21:30,28.21,-0.02,138,389441,卖盘,000021,2025-10-17 22:49:07
10:21:33,28.21,0.0,210,592498,卖盘,000021,2025-10-17 22:49:07
10:21:36,28.22,0.01,184,519211,买盘,000021,2025-10-17 22:49:07
10:21:39,28.23,0.01,39,110068,买盘,000021,2025-10-17 22:49:07
10:21:42,28.23,0.0,92,259694,买盘,000021,2025-10-17 22:49:07
10:21:45,28.23,0.0,228,642461,买盘,000021,2025-10-17 22:49:07
10:21:48,28.24,0.01,136,383999,买盘,000021,2025-10-17 22:49:07
10:21:51,28.24,0.0,285,804576,买盘,000021,2025-10-17 22:49:07
10:21:54,28.24,0.0,338,954266,买盘,000021,2025-10-17 22:49:07
10:21:57,28.23,-0.01,166,468740,卖盘,000021,2025-10-17 22:49:07
10:22:00,28.23,0.0,135,381107,买盘,000021,2025-10-17 22:49:07
10:22:03,28.19,-0.04,2466,6955424,卖盘,000021,2025-10-17 22:49:07
10:22:06,28.2,0.01,1650,4649814,买盘,000021,2025-10-17 22:49:07
10:22:09,28.19,-0.01,108,304296,中性盘,000021,2025-10-17 22:49:07
10:22:12,28.2,0.01,259,729979,买盘,000021,2025-10-17 22:49:07
10:22:15,28.19,-0.01,269,758413,卖盘,000021,2025-10-17 22:49:07
10:22:18,28.19,0.0,200,563849,卖盘,000021,2025-10-17 22:49:07
10:22:21,28.18,-0.01,359,1011974,卖盘,000021,2025-10-17 22:49:07
10:22:24,28.22,0.04,352,991970,买盘,000021,2025-10-17 22:49:07
10:22:27,28.18,-0.04,768,2165457,卖盘,000021,2025-10-17 22:49:07
10:22:30,28.19,0.01,121,341075,买盘,000021,2025-10-17 22:49:07
10:22:33,28.19,0.0,193,544050,买盘,000021,2025-10-17 22:49:07
10:22:36,28.19,0.0,472,1330248,买盘,000021,2025-10-17 22:49:07
10:22:39,28.18,-0.01,309,870859,卖盘,000021,2025-10-17 22:49:07
10:22:42,28.2,0.02,154,434082,买盘,000021,2025-10-17 22:49:07
10:22:45,28.2,0.0,600,1691654,卖盘,000021,2025-10-17 22:49:07
10:22:48,28.2,0.0,468,1319636,中性盘,000021,2025-10-17 22:49:07
10:22:51,28.2,0.0,184,518995,卖盘,000021,2025-10-17 22:49:07
10:22:54,28.22,0.02,729,2055382,买盘,000021,2025-10-17 22:49:07
10:22:57,28.21,-0.01,94,265212,卖盘,000021,2025-10-17 22:49:07
10:23:00,28.22,0.01,351,990049,买盘,000021,2025-10-17 22:49:07
10:23:03,28.17,-0.05,1084,3055201,卖盘,000021,2025-10-17 22:49:07
10:23:06,28.16,-0.01,220,619775,卖盘,000021,2025-10-17 22:49:07
10:23:09,28.17,0.01,312,878763,买盘,000021,2025-10-17 22:49:07
10:23:12,28.16,-0.01,223,628083,卖盘,000021,2025-10-17 22:49:07
10:23:15,28.17,0.01,246,692891,买盘,000021,2025-10-17 22:49:07
10:23:18,28.17,0.0,258,726807,卖盘,000021,2025-10-17 22:49:07
10:23:21,28.17,0.0,252,709935,卖盘,000021,2025-10-17 22:49:07
10:23:24,28.17,0.0,196,552145,卖盘,000021,2025-10-17 22:49:07
10:23:27,28.17,0.0,316,890063,买盘,000021,2025-10-17 22:49:07
10:23:30,28.16,-0.01,223,628103,卖盘,000021,2025-10-17 22:49:07
10:23:33,28.17,0.01,324,912651,买盘,000021,2025-10-17 22:49:07
10:23:36,28.17,0.0,242,681613,买盘,000021,2025-10-17 22:49:07
10:23:39,28.17,0.0,698,1967742,卖盘,000021,2025-10-17 22:49:07
10:23:42,28.18,0.01,88,247908,买盘,000021,2025-10-17 22:49:07
10:23:45,28.17,-0.01,75,211332,卖盘,000021,2025-10-17 22:49:07
10:23:48,28.17,0.0,476,1341000,卖盘,000021,2025-10-17 22:49:07
10:23:51,28.19,0.02,647,1822881,买盘,000021,2025-10-17 22:49:07
10:23:54,28.17,-0.02,90,253632,卖盘,000021,2025-10-17 22:49:07
10:23:57,28.17,0.0,107,301486,卖盘,000021,2025-10-17 22:49:07
10:24:00,28.17,0.0,162,456427,卖盘,000021,2025-10-17 22:49:07
10:24:03,28.17,0.0,2807,7903452,卖盘,000021,2025-10-17 22:49:07
10:24:06,28.15,-0.02,241,678340,中性盘,000021,2025-10-17 22:49:07
10:24:09,28.14,-0.01,222,624588,买盘,000021,2025-10-17 22:49:07
10:24:12,28.14,0.0,109,306843,买盘,000021,2025-10-17 22:49:07
10:24:15,28.14,0.0,66,185715,买盘,000021,2025-10-17 22:49:07
10:24:18,28.15,0.01,357,1004486,中性盘,000021,2025-10-17 22:49:07
10:24:21,28.14,-0.01,83,233613,卖盘,000021,2025-10-17 22:49:07
10:24:24,28.14,0.0,259,728938,卖盘,000021,2025-10-17 22:49:07
10:24:27,28.17,0.03,204,574218,买盘,000021,2025-10-17 22:49:07
10:24:30,28.14,-0.03,398,1119995,卖盘,000021,2025-10-17 22:49:07
10:24:33,28.14,0.0,167,469989,买盘,000021,2025-10-17 22:49:07
10:24:36,28.15,0.01,162,456033,中性盘,000021,2025-10-17 22:49:07
10:24:39,28.13,-0.02,260,731646,卖盘,000021,2025-10-17 22:49:07
10:24:42,28.15,0.02,140,394049,买盘,000021,2025-10-17 22:49:07
10:24:45,28.14,-0.01,138,388366,卖盘,000021,2025-10-17 22:49:07
10:24:48,28.14,0.0,402,1131157,卖盘,000021,2025-10-17 22:49:07
10:24:51,28.15,0.01,236,664198,买盘,000021,2025-10-17 22:49:07
10:24:54,28.14,-0.01,54,151939,中性盘,000021,2025-10-17 22:49:07
10:24:57,28.16,0.02,267,751364,买盘,000021,2025-10-17 22:49:07
10:25:00,28.15,-0.01,168,472837,卖盘,000021,2025-10-17 22:49:07
10:25:03,28.16,0.01,150,422164,买盘,000021,2025-10-17 22:49:07
10:25:06,28.17,0.01,148,416792,买盘,000021,2025-10-17 22:49:07
10:25:09,28.17,0.0,53,149316,卖盘,000021,2025-10-17 22:49:07
10:25:12,28.17,0.0,31,87335,卖盘,000021,2025-10-17 22:49:07
10:25:15,28.18,0.01,141,397250,买盘,000021,2025-10-17 22:49:07
10:25:18,28.18,0.0,66,185992,卖盘,000021,2025-10-17 22:49:07
10:25:21,28.17,-0.01,62,174691,卖盘,000021,2025-10-17 22:49:07
10:25:24,28.15,-0.02,461,1297967,卖盘,000021,2025-10-17 22:49:07
10:25:27,28.14,-0.01,207,582572,卖盘,000021,2025-10-17 22:49:07
10:25:30,28.15,0.01,103,289835,买盘,000021,2025-10-17 22:49:07
10:25:33,28.14,-0.01,447,1257681,买盘,000021,2025-10-17 22:49:07
10:25:36,28.15,0.01,123,346131,买盘,000021,2025-10-17 22:49:07
10:25:39,28.14,-0.01,96,270209,卖盘,000021,2025-10-17 22:49:07
10:25:42,28.13,-0.01,360,1013058,卖盘,000021,2025-10-17 22:49:07
10:25:45,28.14,0.01,144,405151,买盘,000021,2025-10-17 22:49:07
10:25:48,28.14,0.0,165,464283,买盘,000021,2025-10-17 22:49:07
10:25:51,28.14,0.0,145,408028,卖盘,000021,2025-10-17 22:49:07
10:25:54,28.15,0.01,133,374277,买盘,000021,2025-10-17 22:49:07
10:25:57,28.14,-0.01,140,393950,卖盘,000021,2025-10-17 22:49:07
10:26:00,28.13,-0.01,143,402347,卖盘,000021,2025-10-17 22:49:07
10:26:03,28.08,-0.05,6719,18882485,卖盘,000021,2025-10-17 22:49:07
10:26:06,28.08,0.0,709,1991098,卖盘,000021,2025-10-17 22:49:07
10:26:09,28.08,0.0,447,1255429,卖盘,000021,2025-10-17 22:49:07
10:26:12,28.08,0.0,448,1258136,卖盘,000021,2025-10-17 22:49:07
10:26:15,28.08,0.0,520,1460137,卖盘,000021,2025-10-17 22:49:07
10:26:18,28.07,-0.01,600,1684466,卖盘,000021,2025-10-17 22:49:07
10:26:21,28.07,0.0,526,1476689,买盘,000021,2025-10-17 22:49:07
10:26:24,28.06,-0.01,1316,3693894,卖盘,000021,2025-10-17 22:49:07
10:26:27,28.07,0.01,698,1959029,中性盘,000021,2025-10-17 22:49:07
10:26:30,28.1,0.03,489,1373500,买盘,000021,2025-10-17 22:49:07
10:26:33,28.1,0.0,170,477707,卖盘,000021,2025-10-17 22:49:07
10:26:36,28.1,0.0,217,609946,卖盘,000021,2025-10-17 22:49:07
10:26:39,28.12,0.02,244,685810,中性盘,000021,2025-10-17 22:49:07
10:26:42,28.12,0.0,344,967382,卖盘,000021,2025-10-17 22:49:07
10:26:45,28.12,0.0,332,933502,买盘,000021,2025-10-17 22:49:07
10:26:48,28.11,-0.01,163,458226,中性盘,000021,2025-10-17 22:49:07
10:26:51,28.12,0.01,595,1672248,买盘,000021,2025-10-17 22:49:07
10:26:54,28.1,-0.02,273,767324,卖盘,000021,2025-10-17 22:49:07
10:26:57,28.11,0.01,128,359803,买盘,000021,2025-10-17 22:49:07
10:27:00,28.12,0.01,115,323297,买盘,000021,2025-10-17 22:49:07
10:27:03,28.11,-0.01,1198,3364170,卖盘,000021,2025-10-17 22:49:07
10:27:06,28.14,0.03,266,747969,买盘,000021,2025-10-17 22:49:07
10:27:09,28.15,0.01,546,1535916,买盘,000021,2025-10-17 22:49:07
10:27:12,28.16,0.01,181,509353,买盘,000021,2025-10-17 22:49:07
10:27:15,28.17,0.01,627,1764406,买盘,000021,2025-10-17 22:49:07
10:27:18,28.16,-0.01,187,526956,卖盘,000021,2025-10-17 22:49:07
10:27:21,28.21,0.05,207,583341,买盘,000021,2025-10-17 22:49:07
10:27:24,28.18,-0.03,386,1088226,卖盘,000021,2025-10-17 22:49:07
10:27:27,28.21,0.03,71,200257,买盘,000021,2025-10-17 22:49:07
10:27:30,28.21,0.0,157,442856,买盘,000021,2025-10-17 22:49:07
10:27:33,28.21,0.0,149,420327,买盘,000021,2025-10-17 22:49:07
10:27:36,28.21,0.0,95,268058,卖盘,000021,2025-10-17 22:49:07
10:27:39,28.22,0.01,202,569987,买盘,000021,2025-10-17 22:49:07
10:27:42,28.23,0.01,253,714059,买盘,000021,2025-10-17 22:49:07
10:27:45,28.24,0.01,78,220235,买盘,000021,2025-10-17 22:49:07
10:27:48,28.25,0.01,101,285218,买盘,000021,2025-10-17 22:49:07
10:27:51,28.25,0.0,75,211854,买盘,000021,2025-10-17 22:49:07
10:27:54,28.25,0.0,63,177985,买盘,000021,2025-10-17 22:49:07
10:27:57,28.25,0.0,1499,4235297,卖盘,000021,2025-10-17 22:49:07
10:28:00,28.25,0.0,623,1759695,买盘,000021,2025-10-17 22:49:07
10:28:03,28.25,0.0,713,2014483,买盘,000021,2025-10-17 22:49:07
10:28:06,28.26,0.01,295,833433,买盘,000021,2025-10-17 22:49:07
10:28:09,28.26,0.0,247,697983,卖盘,000021,2025-10-17 22:49:07
10:28:12,28.26,0.0,252,712201,买盘,000021,2025-10-17 22:49:07
10:28:15,28.27,0.01,56,158306,卖盘,000021,2025-10-17 22:49:07
10:28:18,28.27,0.0,412,1165125,买盘,000021,2025-10-17 22:49:07
10:28:21,28.28,0.01,238,672844,买盘,000021,2025-10-17 22:49:07
10:28:24,28.28,0.0,147,415720,买盘,000021,2025-10-17 22:49:07
10:28:27,28.28,0.0,411,1162392,卖盘,000021,2025-10-17 22:49:07
10:28:30,28.28,0.0,544,1538355,卖盘,000021,2025-10-17 22:49:07
10:28:33,28.29,0.01,1291,3649400,买盘,000021,2025-10-17 22:49:07
10:28:36,28.3,0.01,257,727027,买盘,000021,2025-10-17 22:49:07
10:28:39,28.29,-0.01,405,1145899,卖盘,000021,2025-10-17 22:49:07
10:28:42,28.29,0.0,214,605294,买盘,000021,2025-10-17 22:49:07
10:28:45,28.3,0.01,373,1055308,买盘,000021,2025-10-17 22:49:07
10:28:48,28.3,0.0,163,461275,买盘,000021,2025-10-17 22:49:07
10:28:51,28.3,0.0,96,271693,买盘,000021,2025-10-17 22:49:07
10:28:54,28.3,0.0,179,506573,卖盘,000021,2025-10-17 22:49:07
10:28:57,28.32,0.02,993,2810318,买盘,000021,2025-10-17 22:49:07
10:29:00,28.27,-0.05,885,2504223,卖盘,000021,2025-10-17 22:49:07
10:29:03,28.27,0.0,757,2139443,中性盘,000021,2025-10-17 22:49:07
10:29:06,28.27,0.0,315,890212,买盘,000021,2025-10-17 22:49:07
10:29:09,28.25,-0.02,499,1409777,卖盘,000021,2025-10-17 22:49:07
10:29:12,28.25,0.0,551,1557541,买盘,000021,2025-10-17 22:49:07
10:29:15,28.27,0.02,219,619218,中性盘,000021,2025-10-17 22:49:07
10:29:18,28.2,-0.07,1595,4501212,卖盘,000021,2025-10-17 22:49:07
10:29:21,28.2,0.0,281,792348,买盘,000021,2025-10-17 22:49:07
10:29:24,28.19,-0.01,66,186070,卖盘,000021,2025-10-17 22:49:07
10:29:27,28.19,0.0,241,679519,买盘,000021,2025-10-17 22:49:07
10:29:30,28.19,0.0,251,707629,卖盘,000021,2025-10-17 22:49:07
10:29:33,28.19,0.0,708,1995222,买盘,000021,2025-10-17 22:49:07
10:29:36,28.19,0.0,100,281902,买盘,000021,2025-10-17 22:49:07
10:29:39,28.18,-0.01,319,899174,卖盘,000021,2025-10-17 22:49:07
10:29:42,28.19,0.01,716,2017371,卖盘,000021,2025-10-17 22:49:07
10:29:45,28.2,0.01,563,1589320,卖盘,000021,2025-10-17 22:49:07
10:29:48,28.2,0.0,52,146607,买盘,000021,2025-10-17 22:49:07
10:29:51,28.2,0.0,168,473758,买盘,000021,2025-10-17 22:49:07
10:29:54,28.25,0.05,62,174997,买盘,000021,2025-10-17 22:49:07
10:29:57,28.24,-0.01,137,386887,卖盘,000021,2025-10-17 22:49:07
10:30:00,28.23,-0.01,170,480257,中性盘,000021,2025-10-17 22:49:07
10:30:03,28.2,-0.03,890,2509990,卖盘,000021,2025-10-17 22:49:07
10:30:06,28.21,0.01,330,931800,中性盘,000021,2025-10-17 22:49:07
10:30:09,28.2,-0.01,84,236970,卖盘,000021,2025-10-17 22:49:07
10:30:12,28.2,0.0,258,727945,卖盘,000021,2025-10-17 22:49:07
10:30:15,28.21,0.01,84,236949,中性盘,000021,2025-10-17 22:49:07
10:30:18,28.21,0.0,240,676864,买盘,000021,2025-10-17 22:49:07
10:30:21,28.2,-0.01,89,251079,卖盘,000021,2025-10-17 22:49:07
10:30:24,28.21,0.01,72,203213,卖盘,000021,2025-10-17 22:49:07
10:30:27,28.23,0.02,36,101627,中性盘,000021,2025-10-17 22:49:07
10:30:30,28.23,0.0,75,211726,卖盘,000021,2025-10-17 22:49:07
10:30:33,28.23,0.0,50,141124,买盘,000021,2025-10-17 22:49:07
10:30:36,28.22,-0.01,126,355639,买盘,000021,2025-10-17 22:49:07
10:30:39,28.23,0.01,57,160906,买盘,000021,2025-10-17 22:49:07
10:30:42,28.23,0.0,165,465670,买盘,000021,2025-10-17 22:49:07
10:30:45,28.23,0.0,168,474228,买盘,000021,2025-10-17 22:49:07
10:30:48,28.22,-0.01,47,132677,卖盘,000021,2025-10-17 22:49:07
10:30:51,28.21,-0.01,318,897413,卖盘,000021,2025-10-17 22:49:07
10:30:54,28.22,0.01,609,1718518,买盘,000021,2025-10-17 22:49:07
10:30:57,28.22,0.0,854,2409852,卖盘,000021,2025-10-17 22:49:07
10:31:00,28.22,0.0,115,324515,卖盘,000021,2025-10-17 22:49:07
10:31:03,28.21,-0.01,1123,3167058,卖盘,000021,2025-10-17 22:49:07
10:31:06,28.2,-0.01,168,473568,买盘,000021,2025-10-17 22:49:07
10:31:09,28.2,0.0,186,524459,买盘,000021,2025-10-17 22:49:07
10:31:12,28.2,0.0,73,205871,买盘,000021,2025-10-17 22:49:07
10:31:15,28.21,0.01,268,755957,买盘,000021,2025-10-17 22:49:07
10:31:18,28.22,0.01,87,245771,买盘,000021,2025-10-17 22:49:07
10:31:21,28.2,-0.02,274,773038,卖盘,000021,2025-10-17 22:49:07
10:31:24,28.24,0.04,493,1392403,买盘,000021,2025-10-17 22:49:07
10:31:27,28.26,0.02,355,1002924,买盘,000021,2025-10-17 22:49:07
10:31:30,28.27,0.01,134,378785,买盘,000021,2025-10-17 22:49:07
10:31:33,28.28,0.01,87,245967,买盘,000021,2025-10-17 22:49:07
10:31:36,28.28,0.0,51,144227,买盘,000021,2025-10-17 22:49:07
10:31:39,28.3,0.02,319,902485,买盘,000021,2025-10-17 22:49:07
10:31:42,28.29,-0.01,60,169811,卖盘,000021,2025-10-17 22:49:07
10:31:45,28.32,0.03,120,339856,买盘,000021,2025-10-17 22:49:07
10:31:48,28.32,0.0,98,277619,中性盘,000021,2025-10-17 22:49:07
10:31:51,28.34,0.02,60,169941,买盘,000021,2025-10-17 22:49:07
10:31:54,28.34,0.0,69,195498,买盘,000021,2025-10-17 22:49:07
10:31:57,28.34,0.0,78,221044,买盘,000021,2025-10-17 22:49:07
10:32:00,28.34,0.0,275,779257,买盘,000021,2025-10-17 22:49:07
10:32:03,28.34,0.0,410,1161922,买盘,000021,2025-10-17 22:49:07
10:32:06,28.33,-0.01,520,1473517,卖盘,000021,2025-10-17 22:49:07
10:32:09,28.34,0.01,275,779388,买盘,000021,2025-10-17 22:49:07
10:32:12,28.34,0.0,129,365573,中性盘,000021,2025-10-17 22:49:07
10:32:15,28.35,0.01,64,181411,买盘,000021,2025-10-17 22:49:07
10:32:18,28.35,0.0,229,649187,买盘,000021,2025-10-17 22:49:07
10:32:21,28.34,-0.01,253,717120,卖盘,000021,2025-10-17 22:49:07
10:32:24,28.36,0.02,90,255155,买盘,000021,2025-10-17 22:49:07
10:32:27,28.36,0.0,60,170128,买盘,000021,2025-10-17 22:49:07
10:32:30,28.36,0.0,233,660907,买盘,000021,2025-10-17 22:49:07
10:32:33,28.36,0.0,61,172998,卖盘,000021,2025-10-17 22:49:07
10:32:36,28.37,0.01,429,1217045,买盘,000021,2025-10-17 22:49:07
10:32:39,28.38,0.01,50,141858,买盘,000021,2025-10-17 22:49:07
10:32:42,28.38,0.0,72,204334,买盘,000021,2025-10-17 22:49:07
10:32:45,28.38,0.0,317,899647,卖盘,000021,2025-10-17 22:49:07
10:32:48,28.39,0.01,79,224234,买盘,000021,2025-10-17 22:49:07
10:32:51,28.39,0.0,230,652917,买盘,000021,2025-10-17 22:49:07
10:32:54,28.39,0.0,80,227110,买盘,000021,2025-10-17 22:49:07
10:32:57,28.39,0.0,117,332138,买盘,000021,2025-10-17 22:49:07
10:33:00,28.4,0.01,287,814851,买盘,000021,2025-10-17 22:49:07
10:33:03,28.4,0.0,232,658810,买盘,000021,2025-10-17 22:49:07
10:33:06,28.38,-0.02,560,1589681,卖盘,000021,2025-10-17 22:49:07
10:33:09,28.38,0.0,322,913754,买盘,000021,2025-10-17 22:49:07
10:33:12,28.38,0.0,294,834633,买盘,000021,2025-10-17 22:49:07
10:33:15,28.39,0.01,135,383223,买盘,000021,2025-10-17 22:49:07
10:33:18,28.38,-0.01,158,448490,卖盘,000021,2025-10-17 22:49:07
10:33:21,28.39,0.01,1094,3107760,买盘,000021,2025-10-17 22:49:07
10:33:24,28.42,0.03,148,420449,买盘,000021,2025-10-17 22:49:07
10:33:27,28.42,0.0,99,281286,买盘,000021,2025-10-17 22:49:07
10:33:30,28.43,0.01,140,397871,买盘,000021,2025-10-17 22:49:07
10:33:33,28.42,-0.01,97,275717,卖盘,000021,2025-10-17 22:49:07
10:33:36,28.41,-0.01,391,1111295,卖盘,000021,2025-10-17 22:49:07
10:33:39,28.41,0.0,496,1409787,买盘,000021,2025-10-17 22:49:07
10:33:42,28.41,0.0,158,448911,卖盘,000021,2025-10-17 22:49:07
10:33:45,28.41,0.0,214,607761,买盘,000021,2025-10-17 22:49:07
10:33:48,28.41,0.0,445,1264180,买盘,000021,2025-10-17 22:49:07
10:33:51,28.41,0.0,105,298346,卖盘,000021,2025-10-17 22:49:07
10:33:54,28.43,0.02,73,207454,买盘,000021,2025-10-17 22:49:07
10:33:57,28.42,-0.01,86,244417,卖盘,000021,2025-10-17 22:49:07
10:34:00,28.43,0.01,290,824264,买盘,000021,2025-10-17 22:49:07
10:34:03,28.44,0.01,372,1057368,买盘,000021,2025-10-17 22:49:07
10:34:06,28.43,-0.01,206,585495,卖盘,000021,2025-10-17 22:49:07
10:34:09,28.44,0.01,263,747854,买盘,000021,2025-10-17 22:49:07
10:34:12,28.43,-0.01,322,915558,卖盘,000021,2025-10-17 22:49:07
10:34:15,28.43,0.0,200,568711,买盘,000021,2025-10-17 22:49:07
10:34:18,28.43,0.0,683,1940952,卖盘,000021,2025-10-17 22:49:07
10:34:21,28.42,-0.01,382,1085626,卖盘,000021,2025-10-17 22:49:07
10:34:24,28.43,0.01,435,1236362,买盘,000021,2025-10-17 22:49:07
10:34:27,28.44,0.01,228,648227,买盘,000021,2025-10-17 22:49:07
10:34:30,28.42,-0.02,184,523238,卖盘,000021,2025-10-17 22:49:07
10:34:33,28.44,0.02,54,153586,卖盘,000021,2025-10-17 22:49:07
10:34:36,28.43,-0.01,179,508968,卖盘,000021,2025-10-17 22:49:07
10:34:39,28.43,0.0,422,1200385,卖盘,000021,2025-10-17 22:49:07
10:34:42,28.44,0.01,114,324194,买盘,000021,2025-10-17 22:49:07
10:34:45,28.43,-0.01,308,875529,卖盘,000021,2025-10-17 22:49:07
10:34:48,28.42,-0.01,391,1111248,中性盘,000021,2025-10-17 22:49:07
10:34:51,28.41,-0.01,483,1371762,中性盘,000021,2025-10-17 22:49:07
10:34:54,28.4,-0.01,502,1426141,卖盘,000021,2025-10-17 22:49:07
10:34:57,28.42,0.02,194,551148,买盘,000021,2025-10-17 22:49:07
10:35:00,28.41,-0.01,139,394812,卖盘,000021,2025-10-17 22:49:07
10:35:03,28.41,0.0,361,1025411,卖盘,000021,2025-10-17 22:49:07
10:35:06,28.4,-0.01,142,403405,卖盘,000021,2025-10-17 22:49:07
10:35:09,28.41,0.01,422,1198551,买盘,000021,2025-10-17 22:49:07
10:35:12,28.41,0.0,261,741511,买盘,000021,2025-10-17 22:49:07
10:35:15,28.41,0.0,145,412034,卖盘,000021,2025-10-17 22:49:07
10:35:18,28.41,0.0,151,428946,买盘,000021,2025-10-17 22:49:07
10:35:21,28.41,0.0,65,184676,买盘,000021,2025-10-17 22:49:07
10:35:24,28.41,0.0,361,1025617,卖盘,000021,2025-10-17 22:49:07
10:35:27,28.41,0.0,168,477335,卖盘,000021,2025-10-17 22:49:07
10:35:30,28.41,0.0,225,639176,买盘,000021,2025-10-17 22:49:07
10:35:33,28.4,-0.01,277,786758,卖盘,000021,2025-10-17 22:49:07
10:35:36,28.4,0.0,390,1107817,卖盘,000021,2025-10-17 22:49:07
10:35:39,28.4,0.0,136,386252,卖盘,000021,2025-10-17 22:49:07
10:35:42,28.4,0.0,195,553823,卖盘,000021,2025-10-17 22:49:07
10:35:45,28.4,0.0,320,908940,卖盘,000021,2025-10-17 22:49:07
10:35:48,28.39,-0.01,151,428824,卖盘,000021,2025-10-17 22:49:07
10:35:51,28.38,-0.01,924,2622622,卖盘,000021,2025-10-17 22:49:07
10:35:54,28.37,-0.01,118,334835,卖盘,000021,2025-10-17 22:49:07
10:35:57,28.38,0.01,96,272399,买盘,000021,2025-10-17 22:49:07
10:36:00,28.37,-0.01,216,612893,卖盘,000021,2025-10-17 22:49:07
10:36:03,28.37,0.0,59,167363,买盘,000021,2025-10-17 22:49:07
10:36:06,28.37,0.0,203,575836,买盘,000021,2025-10-17 22:49:07
10:36:09,28.36,-0.01,203,575745,卖盘,000021,2025-10-17 22:49:07
10:36:12,28.36,0.0,433,1227823,卖盘,000021,2025-10-17 22:49:07
10:36:15,28.35,-0.01,97,275008,卖盘,000021,2025-10-17 22:49:07
10:36:18,28.35,0.0,178,504759,卖盘,000021,2025-10-17 22:49:07
10:36:21,28.33,-0.02,106,300450,卖盘,000021,2025-10-17 22:49:07
10:36:24,28.31,-0.02,271,767707,卖盘,000021,2025-10-17 22:49:07
10:36:27,28.31,0.0,183,518036,卖盘,000021,2025-10-17 22:49:07
10:36:30,28.31,0.0,45,127383,卖盘,000021,2025-10-17 22:49:07
10:36:33,28.3,-0.01,290,820722,卖盘,000021,2025-10-17 22:49:07
10:36:36,28.29,-0.01,922,2609266,卖盘,000021,2025-10-17 22:49:07
10:36:39,28.28,-0.01,154,435759,卖盘,000021,2025-10-17 22:49:07
10:36:42,28.28,0.0,247,698230,卖盘,000021,2025-10-17 22:49:07
10:36:45,28.27,-0.01,48,135681,卖盘,000021,2025-10-17 22:49:07
10:36:48,28.27,0.0,94,265703,买盘,000021,2025-10-17 22:49:07
10:36:51,28.26,-0.01,230,649639,中性盘,000021,2025-10-17 22:49:07
10:36:54,28.26,0.0,292,825373,卖盘,000021,2025-10-17 22:49:07
10:36:57,28.25,-0.01,142,401237,中性盘,000021,2025-10-17 22:49:07
10:37:00,28.25,0.0,51,144075,卖盘,000021,2025-10-17 22:49:07
10:37:03,28.25,0.0,1343,3788675,卖盘,000021,2025-10-17 22:49:07
10:37:06,28.24,-0.01,57,160984,中性盘,000021,2025-10-17 22:49:07
10:37:09,28.19,-0.05,315,889119,卖盘,000021,2025-10-17 22:49:07
10:37:12,28.24,0.05,142,401194,中性盘,000021,2025-10-17 22:49:07
10:37:15,28.25,0.01,159,448920,买盘,000021,2025-10-17 22:49:07
10:37:18,28.28,0.03,263,742930,买盘,000021,2025-10-17 22:49:07
10:37:21,28.24,-0.04,2045,5773177,卖盘,000021,2025-10-17 22:49:07
10:37:24,28.27,0.03,20,56541,买盘,000021,2025-10-17 22:49:07
10:37:27,28.27,0.0,90,254342,卖盘,000021,2025-10-17 22:49:07
10:37:30,28.28,0.01,158,446822,买盘,000021,2025-10-17 22:49:07
10:37:33,28.29,0.01,145,410065,买盘,000021,2025-10-17 22:49:07
10:37:36,28.29,0.0,121,342267,买盘,000021,2025-10-17 22:49:07
10:37:39,28.29,0.0,84,237611,卖盘,000021,2025-10-17 22:49:07
10:37:42,28.29,0.0,209,591240,卖盘,000021,2025-10-17 22:49:07
10:37:45,28.29,0.0,133,376232,买盘,000021,2025-10-17 22:49:07
10:37:48,28.29,0.0,114,322483,买盘,000021,2025-10-17 22:49:07
10:37:51,28.28,-0.01,129,364888,卖盘,000021,2025-10-17 22:49:07
10:37:54,28.29,0.01,153,432750,买盘,000021,2025-10-17 22:49:07
10:37:57,28.28,-0.01,183,517660,卖盘,000021,2025-10-17 22:49:07
10:38:00,28.28,0.0,179,506252,卖盘,000021,2025-10-17 22:49:07
10:38:03,28.25,-0.03,845,2389308,卖盘,000021,2025-10-17 22:49:07
10:38:06,28.26,0.01,187,528346,买盘,000021,2025-10-17 22:49:07
10:38:09,28.25,-0.01,168,474678,卖盘,000021,2025-10-17 22:49:07
10:38:12,28.27,0.02,90,253974,买盘,000021,2025-10-17 22:49:07
10:38:15,28.27,0.0,77,218022,买盘,000021,2025-10-17 22:49:07
10:38:18,28.25,-0.02,105,296338,卖盘,000021,2025-10-17 22:49:07
10:38:21,28.25,0.0,66,186447,买盘,000021,2025-10-17 22:49:07
10:38:24,28.26,0.01,196,553819,买盘,000021,2025-10-17 22:49:07
10:38:27,28.26,0.0,81,228865,卖盘,000021,2025-10-17 22:49:07
10:38:30,28.26,0.0,30,84764,买盘,000021,2025-10-17 22:49:07
10:38:33,28.25,-0.01,173,488767,卖盘,000021,2025-10-17 22:49:07
10:38:36,28.25,0.0,196,553720,卖盘,000021,2025-10-17 22:49:07
10:38:39,28.25,0.0,37,104525,买盘,000021,2025-10-17 22:49:07
10:38:42,28.24,-0.01,185,522553,卖盘,000021,2025-10-17 22:49:07
10:38:45,28.24,0.0,204,576211,卖盘,000021,2025-10-17 22:49:07
10:38:48,28.23,-0.01,127,358625,卖盘,000021,2025-10-17 22:49:07
10:38:51,28.23,0.0,369,1041727,卖盘,000021,2025-10-17 22:49:07
10:38:54,28.23,0.0,97,273802,买盘,000021,2025-10-17 22:49:07
10:38:57,28.24,0.01,216,609981,买盘,000021,2025-10-17 22:49:07
10:39:00,28.22,-0.02,485,1369009,卖盘,000021,2025-10-17 22:49:07
10:39:03,28.23,0.01,60,169368,卖盘,000021,2025-10-17 22:49:07
10:39:06,28.23,0.0,114,321846,卖盘,000021,2025-10-17 22:49:07
10:39:09,28.23,0.0,390,1101063,买盘,000021,2025-10-17 22:49:07
10:39:12,28.23,0.0,212,598508,卖盘,000021,2025-10-17 22:49:07
10:39:15,28.23,0.0,83,234315,卖盘,000021,2025-10-17 22:49:07
10:39:18,28.23,0.0,78,220200,卖盘,000021,2025-10-17 22:49:07
10:39:21,28.23,0.0,37,104448,买盘,000021,2025-10-17 22:49:07
10:39:24,28.22,-0.01,206,581390,卖盘,000021,2025-10-17 22:49:07
10:39:27,28.22,0.0,61,172110,买盘,000021,2025-10-17 22:49:07
10:39:30,28.22,0.0,199,561602,买盘,000021,2025-10-17 22:49:07
10:39:33,28.22,0.0,216,609452,卖盘,000021,2025-10-17 22:49:07
10:39:36,28.23,0.01,553,1560580,买盘,000021,2025-10-17 22:49:07
10:39:39,28.22,-0.01,301,849576,卖盘,000021,2025-10-17 22:49:07
10:39:42,28.23,0.01,131,369744,买盘,000021,2025-10-17 22:49:07
10:39:45,28.22,-0.01,96,270912,卖盘,000021,2025-10-17 22:49:07
10:39:48,28.22,0.0,170,479821,买盘,000021,2025-10-17 22:49:07
10:39:51,28.22,0.0,130,366858,买盘,000021,2025-10-17 22:49:07
10:39:54,28.22,0.0,47,132646,卖盘,000021,2025-10-17 22:49:07
10:39:57,28.23,0.01,185,522121,买盘,000021,2025-10-17 22:49:07
10:40:00,28.24,0.01,50,141157,买盘,000021,2025-10-17 22:49:07
10:40:03,28.24,0.0,43,121409,买盘,000021,2025-10-17 22:49:07
10:40:06,28.24,0.0,116,327571,买盘,000021,2025-10-17 22:49:07
10:40:09,28.25,0.01,428,1208874,买盘,000021,2025-10-17 22:49:07
10:40:12,28.3,0.05,803,2269529,买盘,000021,2025-10-17 22:49:07
10:40:15,28.31,0.01,136,384797,买盘,000021,2025-10-17 22:49:07
10:40:18,28.34,0.03,371,1051304,买盘,000021,2025-10-17 22:49:07
10:40:21,28.35,0.01,361,1021703,中性盘,000021,2025-10-17 22:49:07
10:40:24,28.36,0.01,69,195646,买盘,000021,2025-10-17 22:49:07
10:40:27,28.39,0.03,78,221276,买盘,000021,2025-10-17 22:49:07
10:40:30,28.39,0.0,68,192953,买盘,000021,2025-10-17 22:49:07
10:40:33,28.39,0.0,77,218567,买盘,000021,2025-10-17 22:49:07
10:40:36,28.39,0.0,149,422967,买盘,000021,2025-10-17 22:49:07
10:40:39,28.39,0.0,260,738122,卖盘,000021,2025-10-17 22:49:07
10:40:42,28.39,0.0,298,846028,卖盘,000021,2025-10-17 22:49:07
10:40:45,28.37,-0.02,72,204301,卖盘,000021,2025-10-17 22:49:07
10:40:48,28.37,0.0,56,158898,买盘,000021,2025-10-17 22:49:07
10:40:51,28.37,0.0,135,382968,买盘,000021,2025-10-17 22:49:07
10:40:54,28.35,-0.02,710,2008970,卖盘,000021,2025-10-17 22:49:07
10:40:57,28.36,0.01,121,343025,买盘,000021,2025-10-17 22:49:07
10:41:00,28.36,0.0,254,720060,买盘,000021,2025-10-17 22:49:07
10:41:03,28.36,0.0,264,748355,买盘,000021,2025-10-17 22:49:07
10:41:06,28.34,-0.02,183,518406,中性盘,000021,2025-10-17 22:49:07
10:41:09,28.35,0.01,133,377106,买盘,000021,2025-10-17 22:49:07
10:41:12,28.34,-0.01,359,1017083,卖盘,000021,2025-10-17 22:49:07
10:41:15,28.32,-0.02,94,266307,中性盘,000021,2025-10-17 22:49:07
10:41:18,28.34,0.02,30,84974,买盘,000021,2025-10-17 22:49:07
10:41:21,28.34,0.0,136,385312,买盘,000021,2025-10-17 22:49:07
10:41:24,28.33,-0.01,224,634470,卖盘,000021,2025-10-17 22:49:07
10:41:27,28.32,-0.01,108,305844,中性盘,000021,2025-10-17 22:49:07
10:41:30,28.33,0.01,41,116112,买盘,000021,2025-10-17 22:49:07
10:41:33,28.3,-0.03,326,922715,卖盘,000021,2025-10-17 22:49:07
10:41:36,28.3,0.0,190,537700,买盘,000021,2025-10-17 22:49:07
10:41:39,28.29,-0.01,49,138634,卖盘,000021,2025-10-17 22:49:07
10:41:42,28.28,-0.01,57,161278,卖盘,000021,2025-10-17 22:49:07
10:41:45,28.28,0.0,177,500558,卖盘,000021,2025-10-17 22:49:07
10:41:48,28.27,-0.01,74,209326,卖盘,000021,2025-10-17 22:49:07
10:41:51,28.28,0.01,75,212073,买盘,000021,2025-10-17 22:49:07
10:41:54,28.28,0.0,83,234729,卖盘,000021,2025-10-17 22:49:07
10:41:57,28.29,0.01,242,684387,买盘,000021,2025-10-17 22:49:07
10:42:00,28.29,0.0,470,1330300,卖盘,000021,2025-10-17 22:49:07
10:42:03,28.29,0.0,129,364946,买盘,000021,2025-10-17 22:49:07
10:42:06,28.28,-0.01,258,729658,卖盘,000021,2025-10-17 22:49:07
10:42:09,28.3,0.02,443,1252949,买盘,000021,2025-10-17 22:49:07
10:42:12,28.33,0.03,237,671023,买盘,000021,2025-10-17 22:49:07
10:42:15,28.3,-0.03,171,483977,卖盘,000021,2025-10-17 22:49:07
10:42:18,28.3,0.0,72,203744,卖盘,000021,2025-10-17 22:49:07
10:42:21,28.3,0.0,44,124544,卖盘,000021,2025-10-17 22:49:07
10:42:24,28.32,0.02,196,554869,买盘,000021,2025-10-17 22:49:07
10:42:27,28.31,-0.01,296,837938,中性盘,000021,2025-10-17 22:49:07
10:42:30,28.32,0.01,281,795641,买盘,000021,2025-10-17 22:49:07
10:42:33,28.32,0.0,130,367980,卖盘,000021,2025-10-17 22:49:07
10:42:36,28.32,0.0,87,246368,卖盘,000021,2025-10-17 22:49:07
10:42:39,28.31,-0.01,230,651210,买盘,000021,2025-10-17 22:49:07
10:42:42,28.3,-0.01,368,1041459,卖盘,000021,2025-10-17 22:49:07
10:42:45,28.31,0.01,44,124580,中性盘,000021,2025-10-17 22:49:07
10:42:48,28.33,0.02,394,1115697,买盘,000021,2025-10-17 22:49:07
10:42:51,28.32,-0.01,4,11328,卖盘,000021,2025-10-17 22:49:07
10:42:54,28.33,0.01,28,79310,买盘,000021,2025-10-17 22:49:07
10:42:57,28.32,-0.01,69,195456,卖盘,000021,2025-10-17 22:49:07
10:43:00,28.32,0.0,94,266249,卖盘,000021,2025-10-17 22:49:07
10:43:03,28.32,0.0,244,691074,卖盘,000021,2025-10-17 22:49:07
10:43:06,28.31,-0.01,103,291591,卖盘,000021,2025-10-17 22:49:07
10:43:09,28.3,-0.01,318,900083,卖盘,000021,2025-10-17 22:49:07
10:43:12,28.3,0.0,404,1143074,卖盘,000021,2025-10-17 22:49:07
10:43:15,28.29,-0.01,194,548801,卖盘,000021,2025-10-17 22:49:07
10:43:18,28.28,-0.01,499,1411147,卖盘,000021,2025-10-17 22:49:07
10:43:21,28.26,-0.02,176,497533,卖盘,000021,2025-10-17 22:49:07
10:43:24,28.28,0.02,136,384439,买盘,000021,2025-10-17 22:49:07
10:43:27,28.28,0.0,109,308166,买盘,000021,2025-10-17 22:49:07
10:43:30,28.27,-0.01,74,209159,卖盘,000021,2025-10-17 22:49:07
10:43:33,28.27,0.0,190,536955,买盘,000021,2025-10-17 22:49:07
10:43:36,28.25,-0.02,731,2065086,卖盘,000021,2025-10-17 22:49:07
10:43:39,28.23,-0.02,60,169441,卖盘,000021,2025-10-17 22:49:07
10:43:42,28.22,-0.01,842,2376457,卖盘,000021,2025-10-17 22:49:07
10:43:45,28.23,0.01,16,45160,中性盘,000021,2025-10-17 22:49:07
10:43:48,28.23,0.0,393,1108921,买盘,000021,2025-10-17 22:49:07
10:43:51,28.23,0.0,155,437446,买盘,000021,2025-10-17 22:49:07
10:43:54,28.22,-0.01,278,784626,卖盘,000021,2025-10-17 22:49:07
10:43:57,28.22,0.0,161,454342,买盘,000021,2025-10-17 22:49:07
10:44:00,28.21,-0.01,407,1147859,卖盘,000021,2025-10-17 22:49:07
10:44:03,28.22,0.01,774,2184202,买盘,000021,2025-10-17 22:49:07
10:44:06,28.23,0.01,252,711391,买盘,000021,2025-10-17 22:49:07
10:44:09,28.26,0.03,487,1374920,买盘,000021,2025-10-17 22:49:07
10:44:12,28.23,-0.03,108,304922,卖盘,000021,2025-10-17 22:49:07
10:44:15,28.24,0.01,91,256998,卖盘,000021,2025-10-17 22:49:07
10:44:18,28.23,-0.01,81,228680,卖盘,000021,2025-10-17 22:49:07
10:44:21,28.23,0.0,144,406634,卖盘,000021,2025-10-17 22:49:07
10:44:24,28.25,0.02,271,764813,买盘,000021,2025-10-17 22:49:07
10:44:27,28.25,0.0,72,203320,买盘,000021,2025-10-17 22:49:07
10:44:30,28.24,-0.01,1309,3692041,卖盘,000021,2025-10-17 22:49:07
10:44:33,28.25,0.01,67,189206,买盘,000021,2025-10-17 22:49:07
10:44:36,28.24,-0.01,85,240029,中性盘,000021,2025-10-17 22:49:07
10:44:39,28.25,0.01,127,358695,买盘,000021,2025-10-17 22:49:07
10:44:42,28.23,-0.02,44,124251,卖盘,000021,2025-10-17 22:49:07
10:44:45,28.23,0.0,53,149633,买盘,000021,2025-10-17 22:49:07
10:44:48,28.23,0.0,202,570206,卖盘,000021,2025-10-17 22:49:07
10:44:51,28.24,0.01,191,539373,买盘,000021,2025-10-17 22:49:07
10:44:54,28.23,-0.01,100,282304,卖盘,000021,2025-10-17 22:49:07
10:44:57,28.22,-0.01,277,781456,卖盘,000021,2025-10-17 22:49:07
10:45:00,28.22,0.0,873,2462480,买盘,000021,2025-10-17 22:49:07
10:45:03,28.2,-0.02,644,1815768,卖盘,000021,2025-10-17 22:49:07
10:45:06,28.2,0.0,480,1353469,卖盘,000021,2025-10-17 22:49:07
10:45:09,28.21,0.01,600,1692142,买盘,000021,2025-10-17 22:49:07
10:45:12,28.2,-0.01,364,1025910,卖盘,000021,2025-10-17 22:49:07
10:45:15,28.21,0.01,157,442693,买盘,000021,2025-10-17 22:49:07
10:45:18,28.2,-0.01,161,454040,卖盘,000021,2025-10-17 22:49:07
10:45:21,28.2,0.0,134,377877,买盘,000021,2025-10-17 22:49:07
10:45:24,28.19,-0.01,287,808948,卖盘,000021,2025-10-17 22:49:07
10:45:27,28.2,0.01,142,400352,买盘,000021,2025-10-17 22:49:07
10:45:30,28.19,-0.01,60,169160,卖盘,000021,2025-10-17 22:49:07
10:45:33,28.19,0.0,41,115579,买盘,000021,2025-10-17 22:49:07
10:45:36,28.18,-0.01,197,555513,卖盘,000021,2025-10-17 22:49:07
10:45:39,28.18,0.0,46,129612,买盘,000021,2025-10-17 22:49:07
10:45:42,28.18,0.0,174,490159,买盘,000021,2025-10-17 22:49:07
10:45:45,28.17,-0.01,102,287391,卖盘,000021,2025-10-17 22:49:07
10:45:48,28.17,0.0,275,774662,买盘,000021,2025-10-17 22:49:07
10:45:51,28.18,0.01,205,577481,买盘,000021,2025-10-17 22:49:07
10:45:54,28.17,-0.01,89,250657,买盘,000021,2025-10-17 22:49:07
10:45:57,28.18,0.01,165,464796,买盘,000021,2025-10-17 22:49:07
10:46:00,28.18,0.0,86,242216,买盘,000021,2025-10-17 22:49:07
10:46:03,28.16,-0.02,226,636174,卖盘,000021,2025-10-17 22:49:07
10:46:06,28.17,0.01,242,681510,买盘,000021,2025-10-17 22:49:07
10:46:09,28.16,-0.01,27,76045,卖盘,000021,2025-10-17 22:49:07
10:46:12,28.16,0.0,60,168997,卖盘,000021,2025-10-17 22:49:07
10:46:15,28.17,0.01,138,388682,买盘,000021,2025-10-17 22:49:07
10:46:18,28.16,-0.01,104,292903,卖盘,000021,2025-10-17 22:49:07
10:46:21,28.16,0.0,324,912758,卖盘,000021,2025-10-17 22:49:07
10:46:24,28.2,0.04,1540,4340682,买盘,000021,2025-10-17 22:49:07
10:46:27,28.23,0.03,176,496495,买盘,000021,2025-10-17 22:49:07
10:46:30,28.22,-0.01,257,725419,卖盘,000021,2025-10-17 22:49:07
10:46:33,28.24,0.02,156,440540,卖盘,000021,2025-10-17 22:49:07
10:46:36,28.24,0.0,34,95990,卖盘,000021,2025-10-17 22:49:07
10:46:39,28.24,0.0,110,310585,买盘,000021,2025-10-17 22:49:07
10:46:42,28.23,-0.01,86,242886,卖盘,000021,2025-10-17 22:49:07
10:46:45,28.26,0.03,351,991990,买盘,000021,2025-10-17 22:49:07
10:46:48,28.27,0.01,558,1575555,中性盘,000021,2025-10-17 22:49:07
10:46:51,28.24,-0.03,296,834923,中性盘,000021,2025-10-17 22:49:07
10:46:54,28.27,0.03,136,384179,买盘,000021,2025-10-17 22:49:07
10:46:57,28.23,-0.04,22,62143,中性盘,000021,2025-10-17 22:49:07
10:47:00,28.25,0.02,60,169510,买盘,000021,2025-10-17 22:49:07
10:47:03,28.23,-0.02,152,429003,卖盘,000021,2025-10-17 22:49:07
10:47:06,28.21,-0.02,39,110043,卖盘,000021,2025-10-17 22:49:07
10:47:09,28.22,0.01,64,180621,买盘,000021,2025-10-17 22:49:07
10:47:12,28.22,0.0,76,214469,买盘,000021,2025-10-17 22:49:07
10:47:15,28.21,-0.01,70,197491,卖盘,000021,2025-10-17 22:49:07
10:47:18,28.21,0.0,49,138229,买盘,000021,2025-10-17 22:49:07
10:47:21,28.21,0.0,68,191823,买盘,000021,2025-10-17 22:49:07
10:47:24,28.21,0.0,219,617619,买盘,000021,2025-10-17 22:49:07
10:47:27,28.2,-0.01,138,389218,卖盘,000021,2025-10-17 22:49:07
10:47:30,28.2,0.0,80,225521,中性盘,000021,2025-10-17 22:49:07
10:47:33,28.19,-0.01,38,107153,中性盘,000021,2025-10-17 22:49:07
10:47:36,28.17,-0.02,163,459267,卖盘,000021,2025-10-17 22:49:07
10:47:39,28.17,0.0,41,115507,买盘,000021,2025-10-17 22:49:07
10:47:42,28.17,0.0,660,1859596,卖盘,000021,2025-10-17 22:49:07
10:47:45,28.18,0.01,1028,2893949,买盘,000021,2025-10-17 22:49:07
10:47:48,28.17,-0.01,694,1953714,卖盘,000021,2025-10-17 22:49:07
10:47:51,28.17,0.0,684,1924568,卖盘,000021,2025-10-17 22:49:07
10:47:54,28.16,-0.01,106,298584,卖盘,000021,2025-10-17 22:49:07
10:47:57,28.17,0.01,456,1284451,买盘,000021,2025-10-17 22:49:07
10:48:00,28.15,-0.02,407,1146251,卖盘,000021,2025-10-17 22:49:07
10:48:03,28.15,0.0,633,1781903,买盘,000021,2025-10-17 22:49:07
10:48:06,28.17,0.02,184,518120,买盘,000021,2025-10-17 22:49:07
10:48:09,28.15,-0.02,559,1573717,卖盘,000021,2025-10-17 22:49:07
10:48:12,28.15,0.0,634,1784992,买盘,000021,2025-10-17 22:49:07
10:48:15,28.15,0.0,91,256200,卖盘,000021,2025-10-17 22:49:07
10:48:18,28.16,0.01,74,208386,卖盘,000021,2025-10-17 22:49:07
10:48:21,28.16,0.0,48,135123,买盘,000021,2025-10-17 22:49:07
10:48:24,28.15,-0.01,214,602410,卖盘,000021,2025-10-17 22:49:07
10:48:27,28.15,0.0,158,444796,买盘,000021,2025-10-17 22:49:07
10:48:30,28.15,0.0,210,591239,卖盘,000021,2025-10-17 22:49:07
10:48:33,28.15,0.0,149,419429,买盘,000021,2025-10-17 22:49:07
10:48:36,28.15,0.0,331,931552,买盘,000021,2025-10-17 22:49:07
10:48:39,28.15,0.0,186,523535,买盘,000021,2025-10-17 22:49:07
10:48:42,28.14,-0.01,79,222318,卖盘,000021,2025-10-17 22:49:07
10:48:45,28.14,0.0,125,351680,买盘,000021,2025-10-17 22:49:07
10:48:48,28.13,-0.01,104,292593,卖盘,000021,2025-10-17 22:49:07
10:48:51,28.13,0.0,79,222264,卖盘,000021,2025-10-17 22:49:07
10:48:54,28.13,0.0,393,1105734,卖盘,000021,2025-10-17 22:49:07
10:48:57,28.13,0.0,396,1114151,买盘,000021,2025-10-17 22:49:07
10:49:00,28.13,0.0,83,233480,买盘,000021,2025-10-17 22:49:07
10:49:03,28.13,0.0,95,267257,卖盘,000021,2025-10-17 22:49:07
10:49:06,28.14,0.01,20,56262,中性盘,000021,2025-10-17 22:49:07
10:49:09,28.13,-0.01,893,2511383,卖盘,000021,2025-10-17 22:49:07
10:49:12,28.12,-0.01,165,464037,卖盘,000021,2025-10-17 22:49:07
10:49:15,28.12,0.0,88,247442,买盘,000021,2025-10-17 22:49:07
10:49:18,28.11,-0.01,60,168700,卖盘,000021,2025-10-17 22:49:07
10:49:21,28.12,0.01,773,2173059,买盘,000021,2025-10-17 22:49:07
10:49:24,28.12,0.0,375,1054329,买盘,000021,2025-10-17 22:49:07
10:49:27,28.12,0.0,304,854621,买盘,000021,2025-10-17 22:49:07
10:49:30,28.12,0.0,208,584773,买盘,000021,2025-10-17 22:49:07
10:49:33,28.11,-0.01,409,1149875,卖盘,000021,2025-10-17 22:49:07
10:49:36,28.11,0.0,108,303607,卖盘,000021,2025-10-17 22:49:07
10:49:39,28.11,0.0,274,770278,卖盘,000021,2025-10-17 22:49:07
10:49:42,28.11,0.0,490,1377012,买盘,000021,2025-10-17 22:49:07
10:49:45,28.11,0.0,131,368142,买盘,000021,2025-10-17 22:49:07
10:49:48,28.11,0.0,453,1273075,买盘,000021,2025-10-17 22:49:07
10:49:51,28.11,0.0,170,477756,买盘,000021,2025-10-17 22:49:07
10:49:54,28.11,0.0,266,747641,买盘,000021,2025-10-17 22:49:07
10:49:57,28.1,-0.01,300,843158,卖盘,000021,2025-10-17 22:49:07
10:50:00,28.11,0.01,136,382282,买盘,000021,2025-10-17 22:49:07
10:50:03,28.11,0.0,113,317563,买盘,000021,2025-10-17 22:49:07
10:50:06,28.12,0.01,26,73088,买盘,000021,2025-10-17 22:49:07
10:50:09,28.11,-0.01,112,314877,卖盘,000021,2025-10-17 22:49:07
10:50:12,28.11,0.0,589,1655558,卖盘,000021,2025-10-17 22:49:07
10:50:15,28.11,0.0,90,253009,卖盘,000021,2025-10-17 22:49:07
10:50:18,28.11,0.0,391,1099091,买盘,000021,2025-10-17 22:49:07
10:50:21,28.11,0.0,159,446961,买盘,000021,2025-10-17 22:49:07
10:50:24,28.11,0.0,37,104012,卖盘,000021,2025-10-17 22:49:07
10:50:27,28.11,0.0,60,168667,卖盘,000021,2025-10-17 22:49:07
10:50:30,28.1,-0.01,2744,7711022,卖盘,000021,2025-10-17 22:49:07
10:50:33,28.1,0.0,313,879586,卖盘,000021,2025-10-17 22:49:07
10:50:36,28.1,0.0,1035,2908364,卖盘,000021,2025-10-17 22:49:07
10:50:39,28.09,-0.01,330,927069,卖盘,000021,2025-10-17 22:49:07
10:50:42,28.09,0.0,144,404537,卖盘,000021,2025-10-17 22:49:07
10:50:45,28.09,0.0,70,196621,买盘,000021,2025-10-17 22:49:07
10:50:48,28.09,0.0,553,1552941,买盘,000021,2025-10-17 22:49:07
10:50:51,28.08,-0.01,274,769475,卖盘,000021,2025-10-17 22:49:07
10:50:54,28.08,0.0,118,331387,卖盘,000021,2025-10-17 22:49:07
10:50:57,28.08,0.0,645,1811089,卖盘,000021,2025-10-17 22:49:07
10:51:00,28.07,-0.01,284,797285,卖盘,000021,2025-10-17 22:49:07
10:51:03,28.07,0.0,449,1260387,卖盘,000021,2025-10-17 22:49:07
