时间,成交价,价格变动,成交量,成交额,买卖盘性质,股票代码,采集时间
09:25:00,53.4,0.0,17474,93308971,卖盘,000063,2025-10-17 22:23:12
09:30:00,53.55,0.15,8476,45330063,买盘,000063,2025-10-17 22:23:12
09:30:03,53.59,0.04,14524,77732538,中性盘,000063,2025-10-17 22:23:12
09:30:06,53.69,0.1,4093,21936773,买盘,000063,2025-10-17 22:23:12
09:30:09,53.71,0.02,1159,6220113,买盘,000063,2025-10-17 22:23:12
09:30:12,53.69,-0.02,1526,8196429,中性盘,000063,2025-10-17 22:23:12
09:30:15,53.71,0.02,2154,11566142,中性盘,000063,2025-10-17 22:23:12
09:30:18,53.69,-0.02,555,2981018,卖盘,000063,2025-10-17 22:23:12
09:30:21,53.61,-0.08,4467,24006214,卖盘,000063,2025-10-17 22:23:12
09:30:24,53.5,-0.11,3192,17082106,卖盘,000063,2025-10-17 22:23:12
09:30:27,53.41,-0.09,11757,62793628,卖盘,000063,2025-10-17 22:23:12
09:30:30,53.27,-0.14,3019,16111717,卖盘,000063,2025-10-17 22:23:12
09:30:33,53.28,0.01,4229,22519591,买盘,000063,2025-10-17 22:23:12
09:30:36,53.3,0.02,3108,16572706,买盘,000063,2025-10-17 22:23:12
09:30:39,53.24,-0.06,3663,19506878,卖盘,000063,2025-10-17 22:23:12
09:30:42,53.19,-0.05,931,4954322,卖盘,000063,2025-10-17 22:23:12
09:30:45,53.15,-0.04,2248,11947266,卖盘,000063,2025-10-17 22:23:12
09:30:48,53.12,-0.03,2819,14987682,中性盘,000063,2025-10-17 22:23:12
09:30:51,53.08,-0.04,2004,10640168,卖盘,000063,2025-10-17 22:23:12
09:30:54,53.07,-0.01,4114,21837053,卖盘,000063,2025-10-17 22:23:12
09:30:57,53.07,0.0,1812,9617900,卖盘,000063,2025-10-17 22:23:12
09:31:00,53.1,0.03,2933,15570145,买盘,000063,2025-10-17 22:23:12
09:31:03,53.11,0.01,1660,8817838,中性盘,000063,2025-10-17 22:23:12
09:31:06,53.17,0.06,839,4463777,卖盘,000063,2025-10-17 22:23:12
09:31:09,53.17,0.0,721,3835402,卖盘,000063,2025-10-17 22:23:12
09:31:12,53.27,0.1,589,3135788,买盘,000063,2025-10-17 22:23:12
09:31:15,53.3,0.03,981,5225139,买盘,000063,2025-10-17 22:23:12
09:31:18,53.23,-0.07,1626,8657470,卖盘,000063,2025-10-17 22:23:12
09:31:21,53.15,-0.08,2045,10885427,卖盘,000063,2025-10-17 22:23:12
09:31:24,53.19,0.04,1407,7485656,买盘,000063,2025-10-17 22:23:12
09:31:27,53.18,-0.01,1518,8067725,卖盘,000063,2025-10-17 22:23:12
09:31:30,53.19,0.01,636,3381586,买盘,000063,2025-10-17 22:23:12
09:31:33,53.13,-0.06,1216,6463443,卖盘,000063,2025-10-17 22:23:12
09:31:36,53.09,-0.04,1761,9354762,卖盘,000063,2025-10-17 22:23:12
09:31:39,53.09,0.0,2805,14885797,卖盘,000063,2025-10-17 22:23:12
09:31:42,53.07,-0.02,1219,6468354,卖盘,000063,2025-10-17 22:23:12
09:31:45,53.06,-0.01,1375,7293223,中性盘,000063,2025-10-17 22:23:12
09:31:48,53.05,-0.01,2967,15737441,中性盘,000063,2025-10-17 22:23:12
09:31:51,53.02,-0.03,1830,9702429,卖盘,000063,2025-10-17 22:23:12
09:31:54,53.02,0.0,2310,12247951,卖盘,000063,2025-10-17 22:23:12
09:31:57,53.02,0.0,3337,17694778,卖盘,000063,2025-10-17 22:23:12
09:32:00,53.0,-0.02,2073,10988974,卖盘,000063,2025-10-17 22:23:12
09:32:03,52.94,-0.06,2243,11871171,卖盘,000063,2025-10-17 22:23:12
09:32:06,52.91,-0.03,1848,9774309,卖盘,000063,2025-10-17 22:23:12
09:32:09,52.88,-0.03,1214,6420275,卖盘,000063,2025-10-17 22:23:12
09:32:12,52.86,-0.02,2058,10873940,卖盘,000063,2025-10-17 22:23:12
09:32:15,52.86,0.0,2943,15558242,卖盘,000063,2025-10-17 22:23:12
09:32:18,52.86,0.0,2493,13185809,买盘,000063,2025-10-17 22:23:12
09:32:21,52.86,0.0,2751,14545311,卖盘,000063,2025-10-17 22:23:12
09:32:24,52.86,0.0,1538,8129873,卖盘,000063,2025-10-17 22:23:12
09:32:27,52.87,0.01,1817,9607772,中性盘,000063,2025-10-17 22:23:12
09:32:30,52.86,-0.01,2110,11155556,卖盘,000063,2025-10-17 22:23:12
09:32:33,52.87,0.01,2439,12901258,买盘,000063,2025-10-17 22:23:12
09:32:36,52.89,0.02,1312,6937743,中性盘,000063,2025-10-17 22:23:12
09:32:39,52.91,0.02,847,4482532,中性盘,000063,2025-10-17 22:23:12
09:32:42,52.96,0.05,820,4337399,买盘,000063,2025-10-17 22:23:12
09:32:45,52.91,-0.05,1123,5941357,卖盘,000063,2025-10-17 22:23:12
09:32:48,52.93,0.02,613,3243380,买盘,000063,2025-10-17 22:23:12
09:32:51,52.91,-0.02,1055,5584106,卖盘,000063,2025-10-17 22:23:12
09:32:54,52.91,0.0,992,5249370,卖盘,000063,2025-10-17 22:23:12
09:32:57,52.91,0.0,1897,10032929,卖盘,000063,2025-10-17 22:23:12
09:33:00,52.93,0.02,1219,6448270,买盘,000063,2025-10-17 22:23:12
09:33:03,52.86,-0.07,954,5044235,卖盘,000063,2025-10-17 22:23:12
09:33:06,52.91,0.05,1153,6098424,买盘,000063,2025-10-17 22:23:12
09:33:09,52.87,-0.04,1875,9928051,卖盘,000063,2025-10-17 22:23:12
09:33:12,52.93,0.06,1384,7327451,买盘,000063,2025-10-17 22:23:12
09:33:15,52.92,-0.01,1312,6943602,卖盘,000063,2025-10-17 22:23:12
09:33:18,52.91,-0.01,3267,17276436,卖盘,000063,2025-10-17 22:23:12
09:33:21,52.87,-0.04,957,5060773,卖盘,000063,2025-10-17 22:23:12
09:33:24,52.87,0.0,1397,7385802,买盘,000063,2025-10-17 22:23:12
09:33:27,52.87,0.0,1893,10011680,卖盘,000063,2025-10-17 22:23:12
09:33:30,52.87,0.0,1667,8812381,买盘,000063,2025-10-17 22:23:12
09:33:33,52.87,0.0,1060,5602762,买盘,000063,2025-10-17 22:23:12
09:33:36,52.86,-0.01,1935,10221901,卖盘,000063,2025-10-17 22:23:12
09:33:39,52.76,-0.1,3158,16675444,卖盘,000063,2025-10-17 22:23:12
09:33:42,52.75,-0.01,916,4833468,卖盘,000063,2025-10-17 22:23:12
09:33:45,52.74,-0.01,947,4995474,卖盘,000063,2025-10-17 22:23:12
09:33:48,52.71,-0.03,578,3047562,卖盘,000063,2025-10-17 22:23:12
09:33:51,52.74,0.03,3189,16825016,买盘,000063,2025-10-17 22:23:12
09:33:54,52.78,0.04,3041,16032656,中性盘,000063,2025-10-17 22:23:12
09:33:57,52.74,-0.04,1342,7081451,卖盘,000063,2025-10-17 22:23:12
09:34:00,52.78,0.04,707,3730487,买盘,000063,2025-10-17 22:23:12
09:34:03,52.78,0.0,2303,12149464,买盘,000063,2025-10-17 22:23:12
09:34:06,52.76,-0.02,874,4614593,卖盘,000063,2025-10-17 22:23:12
09:34:09,52.78,0.02,3683,19421437,买盘,000063,2025-10-17 22:23:12
09:34:12,52.8,0.02,2090,11027466,买盘,000063,2025-10-17 22:23:12
09:34:15,52.77,-0.03,906,4782592,卖盘,000063,2025-10-17 22:23:12
09:34:18,52.81,0.04,1415,7471182,买盘,000063,2025-10-17 22:23:12
09:34:21,52.81,0.0,2432,12844662,卖盘,000063,2025-10-17 22:23:12
09:34:24,52.86,0.05,2265,11963785,买盘,000063,2025-10-17 22:23:12
09:34:27,52.81,-0.05,689,3642843,卖盘,000063,2025-10-17 22:23:12
09:34:30,52.86,0.05,1055,5574726,中性盘,000063,2025-10-17 22:23:12
09:34:33,52.85,-0.01,1438,7600047,中性盘,000063,2025-10-17 22:23:12
09:34:36,52.85,0.0,1080,5705726,买盘,000063,2025-10-17 22:23:12
09:34:39,52.81,-0.04,1431,7559172,卖盘,000063,2025-10-17 22:23:12
09:34:42,52.8,-0.01,1326,7007466,卖盘,000063,2025-10-17 22:23:12
09:34:45,52.79,-0.01,1661,8771799,卖盘,000063,2025-10-17 22:23:12
09:34:48,52.83,0.04,2058,10869077,买盘,000063,2025-10-17 22:23:12
09:34:51,52.78,-0.05,1046,5523857,卖盘,000063,2025-10-17 22:23:12
09:34:54,52.78,0.0,1362,7189716,买盘,000063,2025-10-17 22:23:12
09:34:57,52.8,0.02,923,4872295,买盘,000063,2025-10-17 22:23:12
09:35:00,52.8,0.0,998,5269305,卖盘,000063,2025-10-17 22:23:12
09:35:03,52.81,0.01,824,4350875,买盘,000063,2025-10-17 22:23:12
09:35:06,52.81,0.0,2278,12029276,卖盘,000063,2025-10-17 22:23:12
09:35:09,52.79,-0.02,1536,8110282,卖盘,000063,2025-10-17 22:23:12
09:35:12,52.8,0.01,1432,7559615,买盘,000063,2025-10-17 22:23:12
09:35:15,52.79,-0.01,956,5047088,买盘,000063,2025-10-17 22:23:12
09:35:18,52.77,-0.02,894,4718631,卖盘,000063,2025-10-17 22:23:12
09:35:21,52.74,-0.03,1576,8313664,卖盘,000063,2025-10-17 22:23:12
09:35:24,52.68,-0.06,4217,22221319,卖盘,000063,2025-10-17 22:23:12
09:35:27,52.66,-0.02,2903,15284729,卖盘,000063,2025-10-17 22:23:12
09:35:30,52.6,-0.06,3150,16564757,卖盘,000063,2025-10-17 22:23:12
09:35:33,52.58,-0.02,2692,14163356,卖盘,000063,2025-10-17 22:23:12
09:35:36,52.67,0.09,2334,12272694,买盘,000063,2025-10-17 22:23:12
09:35:39,52.59,-0.08,1321,6947169,买盘,000063,2025-10-17 22:23:12
09:35:42,52.57,-0.02,850,4470081,卖盘,000063,2025-10-17 22:23:12
09:35:45,52.56,-0.01,1377,7238062,中性盘,000063,2025-10-17 22:23:12
09:35:48,52.64,0.08,1981,10416539,买盘,000063,2025-10-17 22:23:12
09:35:51,52.61,-0.03,2399,12624717,卖盘,000063,2025-10-17 22:23:12
09:35:54,52.63,0.02,2133,11223763,卖盘,000063,2025-10-17 22:23:12
09:35:57,52.64,0.01,1970,10365462,买盘,000063,2025-10-17 22:23:12
09:36:00,52.64,0.0,1177,6193167,卖盘,000063,2025-10-17 22:23:12
09:36:03,52.57,-0.07,830,4368073,卖盘,000063,2025-10-17 22:23:12
09:36:06,52.58,0.01,1256,6603548,中性盘,000063,2025-10-17 22:23:12
09:36:09,52.62,0.04,1349,7096314,买盘,000063,2025-10-17 22:23:12
09:36:12,52.62,0.0,1424,7491503,买盘,000063,2025-10-17 22:23:12
09:36:15,52.64,0.02,774,4072723,买盘,000063,2025-10-17 22:23:12
09:36:18,52.71,0.07,1925,10137359,买盘,000063,2025-10-17 22:23:12
09:36:21,52.73,0.02,595,3136668,买盘,000063,2025-10-17 22:23:12
09:36:24,52.72,-0.01,519,2736317,卖盘,000063,2025-10-17 22:23:12
09:36:27,52.74,0.02,856,4512383,买盘,000063,2025-10-17 22:23:12
09:36:30,52.87,0.13,2163,11418617,买盘,000063,2025-10-17 22:23:12
09:36:33,52.9,0.03,578,3055083,买盘,000063,2025-10-17 22:23:12
09:36:36,52.86,-0.04,475,2511776,卖盘,000063,2025-10-17 22:23:12
09:36:39,52.85,-0.01,1025,5416708,中性盘,000063,2025-10-17 22:23:12
09:36:42,52.92,0.07,1582,8362812,买盘,000063,2025-10-17 22:23:12
09:36:45,52.92,0.0,799,4224635,买盘,000063,2025-10-17 22:23:12
09:36:48,52.95,0.03,581,3074764,买盘,000063,2025-10-17 22:23:12
09:36:51,52.93,-0.02,1560,8255907,卖盘,000063,2025-10-17 22:23:12
09:36:54,52.92,-0.01,1410,7461453,卖盘,000063,2025-10-17 22:23:12
09:36:57,52.92,0.0,3603,19061360,买盘,000063,2025-10-17 22:23:12
09:37:00,52.85,-0.07,3040,16080904,卖盘,000063,2025-10-17 22:23:12
09:37:03,52.83,-0.02,2904,15347046,卖盘,000063,2025-10-17 22:23:12
09:37:06,52.84,0.01,1486,7854784,买盘,000063,2025-10-17 22:23:12
09:37:09,52.93,0.09,1520,8037834,买盘,000063,2025-10-17 22:23:12
09:37:12,52.86,-0.07,586,3099572,中性盘,000063,2025-10-17 22:23:12
09:37:15,52.86,0.0,1628,8607534,卖盘,000063,2025-10-17 22:23:12
09:37:18,52.85,-0.01,6261,33119909,卖盘,000063,2025-10-17 22:23:12
09:37:21,52.8,-0.05,1123,5932715,卖盘,000063,2025-10-17 22:23:12
09:37:24,52.85,0.05,521,2753429,中性盘,000063,2025-10-17 22:23:12
09:37:27,52.8,-0.05,638,3368827,卖盘,000063,2025-10-17 22:23:12
09:37:30,52.78,-0.02,2291,12095228,卖盘,000063,2025-10-17 22:23:12
09:37:33,52.8,0.02,519,2740133,买盘,000063,2025-10-17 22:23:12
09:37:36,52.8,0.0,961,5072120,卖盘,000063,2025-10-17 22:23:12
09:37:39,52.8,0.0,363,1916422,卖盘,000063,2025-10-17 22:23:12
09:37:42,52.77,-0.03,441,2328207,卖盘,000063,2025-10-17 22:23:12
09:37:45,52.82,0.05,761,4018281,买盘,000063,2025-10-17 22:23:12
09:37:48,52.81,-0.01,710,3749426,卖盘,000063,2025-10-17 22:23:12
09:37:51,52.8,-0.01,686,3622979,卖盘,000063,2025-10-17 22:23:12
09:37:54,52.8,0.0,439,2318265,卖盘,000063,2025-10-17 22:23:12
09:37:57,52.75,-0.05,1384,7304118,卖盘,000063,2025-10-17 22:23:12
09:38:00,52.72,-0.03,922,4862711,卖盘,000063,2025-10-17 22:23:12
09:38:03,52.69,-0.03,2402,12654713,卖盘,000063,2025-10-17 22:23:12
09:38:06,52.65,-0.04,1353,7124967,卖盘,000063,2025-10-17 22:23:12
09:38:09,52.6,-0.05,1234,6495530,卖盘,000063,2025-10-17 22:23:12
09:38:12,52.58,-0.02,1661,8740168,卖盘,000063,2025-10-17 22:23:12
09:38:15,52.51,-0.07,3621,19026024,卖盘,000063,2025-10-17 22:23:12
09:38:18,52.5,-0.01,4433,23276088,卖盘,000063,2025-10-17 22:23:12
09:38:21,52.55,0.05,5551,29146308,买盘,000063,2025-10-17 22:23:12
09:38:24,52.44,-0.11,1535,8052016,卖盘,000063,2025-10-17 22:23:12
09:38:27,52.48,0.04,2482,13019257,买盘,000063,2025-10-17 22:23:12
09:38:30,52.44,-0.04,1974,10359396,卖盘,000063,2025-10-17 22:23:12
09:38:33,52.51,0.07,1591,8354371,买盘,000063,2025-10-17 22:23:12
09:38:36,52.51,0.0,1322,6942775,卖盘,000063,2025-10-17 22:23:12
09:38:39,52.51,0.0,1411,7409677,卖盘,000063,2025-10-17 22:23:12
09:38:42,52.51,0.0,1776,9325642,买盘,000063,2025-10-17 22:23:12
09:38:45,52.51,0.0,836,4389744,卖盘,000063,2025-10-17 22:23:12
09:38:48,52.52,0.01,1143,6001357,买盘,000063,2025-10-17 22:23:12
09:38:51,52.51,-0.01,756,3970684,卖盘,000063,2025-10-17 22:23:12
09:38:54,52.54,0.03,701,3682343,买盘,000063,2025-10-17 22:23:12
09:38:57,52.55,0.01,2003,10517844,中性盘,000063,2025-10-17 22:23:12
09:39:00,52.51,-0.04,478,2510302,卖盘,000063,2025-10-17 22:23:12
09:39:03,52.47,-0.04,2180,11440133,卖盘,000063,2025-10-17 22:23:12
09:39:06,52.43,-0.04,1837,9629763,卖盘,000063,2025-10-17 22:23:12
09:39:09,52.37,-0.06,1974,10342787,卖盘,000063,2025-10-17 22:23:12
09:39:12,52.35,-0.02,1789,9368362,卖盘,000063,2025-10-17 22:23:12
09:39:15,52.31,-0.04,1119,5856555,卖盘,000063,2025-10-17 22:23:12
09:39:18,52.31,0.0,2163,11314777,卖盘,000063,2025-10-17 22:23:12
09:39:21,52.31,0.0,4509,23594754,中性盘,000063,2025-10-17 22:23:12
09:39:24,52.33,0.02,2488,13020674,卖盘,000063,2025-10-17 22:23:12
09:39:27,52.38,0.05,1224,6409100,买盘,000063,2025-10-17 22:23:12
09:39:30,52.35,-0.03,1325,6939183,卖盘,000063,2025-10-17 22:23:12
09:39:33,52.38,0.03,1568,8205294,中性盘,000063,2025-10-17 22:23:12
09:39:36,52.35,-0.03,2813,14714999,卖盘,000063,2025-10-17 22:23:12
09:39:39,52.35,0.0,1910,9999218,买盘,000063,2025-10-17 22:23:12
09:39:42,52.39,0.04,1619,8481092,买盘,000063,2025-10-17 22:23:12
09:39:45,52.38,-0.01,2265,11864058,卖盘,000063,2025-10-17 22:23:12
09:39:48,52.39,0.01,1682,8811345,中性盘,000063,2025-10-17 22:23:12
09:39:51,52.38,-0.01,1183,6199732,卖盘,000063,2025-10-17 22:23:12
09:39:54,52.38,0.0,1608,8419241,卖盘,000063,2025-10-17 22:23:12
09:39:57,52.44,0.06,1197,6269425,买盘,000063,2025-10-17 22:23:12
09:40:00,52.35,-0.09,1590,8324122,卖盘,000063,2025-10-17 22:23:12
09:40:03,52.41,0.06,1929,10104164,买盘,000063,2025-10-17 22:23:12
09:40:06,52.39,-0.02,478,2502974,卖盘,000063,2025-10-17 22:23:12
09:40:09,52.39,0.0,3074,16114617,买盘,000063,2025-10-17 22:23:12
09:40:12,52.39,0.0,837,4384677,卖盘,000063,2025-10-17 22:23:12
09:40:15,52.37,-0.02,889,4655776,卖盘,000063,2025-10-17 22:23:12
09:40:18,52.34,-0.03,847,4434224,卖盘,000063,2025-10-17 22:23:12
09:40:21,52.31,-0.03,429,2245119,卖盘,000063,2025-10-17 22:23:12
09:40:24,52.28,-0.03,2430,12708342,卖盘,000063,2025-10-17 22:23:12
09:40:27,52.26,-0.02,428,2237115,卖盘,000063,2025-10-17 22:23:12
09:40:30,52.26,0.0,1081,5648879,卖盘,000063,2025-10-17 22:23:12
09:40:33,52.25,-0.01,965,5042788,卖盘,000063,2025-10-17 22:23:12
09:40:36,52.24,-0.01,797,4163248,卖盘,000063,2025-10-17 22:23:12
09:40:39,52.21,-0.03,1633,8526805,卖盘,000063,2025-10-17 22:23:12
09:40:42,52.2,-0.01,4076,21285314,卖盘,000063,2025-10-17 22:23:12
09:40:45,52.2,0.0,1227,6404143,中性盘,000063,2025-10-17 22:23:12
09:40:48,52.15,-0.05,1019,5315531,卖盘,000063,2025-10-17 22:23:12
09:40:51,52.14,-0.01,1205,6283404,卖盘,000063,2025-10-17 22:23:12
09:40:54,52.11,-0.03,777,4050099,卖盘,000063,2025-10-17 22:23:12
09:40:57,52.09,-0.02,2310,12036676,卖盘,000063,2025-10-17 22:23:12
09:41:00,52.07,-0.02,1762,9174910,卖盘,000063,2025-10-17 22:23:12
09:41:03,52.01,-0.06,5915,30770995,卖盘,000063,2025-10-17 22:23:12
09:41:06,52.01,0.0,5661,29457277,卖盘,000063,2025-10-17 22:23:12
09:41:09,52.04,0.03,1864,9695276,买盘,000063,2025-10-17 22:23:12
09:41:12,52.13,0.09,3030,15778160,买盘,000063,2025-10-17 22:23:12
09:41:15,52.02,-0.11,2022,10523881,卖盘,000063,2025-10-17 22:23:12
09:41:18,52.04,0.02,3708,19287702,买盘,000063,2025-10-17 22:23:12
09:41:21,52.04,0.0,884,4601151,卖盘,000063,2025-10-17 22:23:12
09:41:24,52.04,0.0,909,4731115,卖盘,000063,2025-10-17 22:23:12
09:41:27,52.02,-0.02,1457,7583420,卖盘,000063,2025-10-17 22:23:12
09:41:30,52.01,-0.01,2418,12576334,卖盘,000063,2025-10-17 22:23:12
09:41:33,51.92,-0.09,4804,24976282,卖盘,000063,2025-10-17 22:23:12
09:41:36,51.95,0.03,1424,7398506,中性盘,000063,2025-10-17 22:23:12
09:41:39,51.94,-0.01,724,3762023,卖盘,000063,2025-10-17 22:23:12
09:41:42,51.93,-0.01,1456,7564075,卖盘,000063,2025-10-17 22:23:12
09:41:45,51.95,0.02,792,4113911,买盘,000063,2025-10-17 22:23:12
09:41:48,51.93,-0.02,1180,6128660,卖盘,000063,2025-10-17 22:23:12
09:41:51,51.94,0.01,3765,19541720,卖盘,000063,2025-10-17 22:23:12
09:41:54,51.93,-0.01,1155,5998232,中性盘,000063,2025-10-17 22:23:12
09:41:57,51.88,-0.05,4585,23791636,卖盘,000063,2025-10-17 22:23:12
09:42:00,51.79,-0.09,3394,17592788,卖盘,000063,2025-10-17 22:23:12
09:42:03,51.71,-0.08,1037,5366173,卖盘,000063,2025-10-17 22:23:12
09:42:06,51.64,-0.07,2213,11431498,卖盘,000063,2025-10-17 22:23:12
09:42:09,51.57,-0.07,1547,7981429,卖盘,000063,2025-10-17 22:23:12
09:42:12,51.62,0.05,10467,54001865,买盘,000063,2025-10-17 22:23:12
09:42:15,51.58,-0.04,1580,8148621,卖盘,000063,2025-10-17 22:23:12
09:42:18,51.59,0.01,2281,11764796,中性盘,000063,2025-10-17 22:23:12
09:42:21,51.55,-0.04,2016,10390452,卖盘,000063,2025-10-17 22:23:12
09:42:24,51.54,-0.01,1855,9563461,卖盘,000063,2025-10-17 22:23:12
09:42:27,51.48,-0.06,4699,24201378,卖盘,000063,2025-10-17 22:23:12
09:42:30,51.47,-0.01,5644,29058237,中性盘,000063,2025-10-17 22:23:12
09:42:33,51.48,0.01,2557,13163393,买盘,000063,2025-10-17 22:23:12
09:42:36,51.53,0.05,7062,36376231,买盘,000063,2025-10-17 22:23:12
09:42:39,51.56,0.03,2944,15174993,中性盘,000063,2025-10-17 22:23:12
09:42:42,51.55,-0.01,2537,13071262,卖盘,000063,2025-10-17 22:23:12
09:42:45,51.52,-0.03,1816,9355972,中性盘,000063,2025-10-17 22:23:12
09:42:48,51.52,0.0,2314,11918070,中性盘,000063,2025-10-17 22:23:12
09:42:51,51.5,-0.02,2778,14300520,卖盘,000063,2025-10-17 22:23:12
09:42:54,51.5,0.0,3424,17635646,卖盘,000063,2025-10-17 22:23:12
09:42:57,51.47,-0.03,1829,9416996,卖盘,000063,2025-10-17 22:23:12
09:43:00,51.42,-0.05,1823,9377681,卖盘,000063,2025-10-17 22:23:12
09:43:03,51.38,-0.04,4205,21620572,卖盘,000063,2025-10-17 22:23:12
09:43:06,51.44,0.06,4386,22547998,买盘,000063,2025-10-17 22:23:12
09:43:09,51.4,-0.04,2869,14749819,卖盘,000063,2025-10-17 22:23:12
09:43:12,51.5,0.1,4709,24243100,买盘,000063,2025-10-17 22:23:12
09:43:15,51.5,0.0,2410,12401714,卖盘,000063,2025-10-17 22:23:12
09:43:18,51.5,0.0,662,3408954,买盘,000063,2025-10-17 22:23:12
09:43:21,51.46,-0.04,1986,10220537,卖盘,000063,2025-10-17 22:23:12
09:43:24,51.44,-0.02,1688,8683820,卖盘,000063,2025-10-17 22:23:12
09:43:27,51.45,0.01,1347,6927240,买盘,000063,2025-10-17 22:23:12
09:43:30,51.46,0.01,1387,7134913,买盘,000063,2025-10-17 22:23:12
09:43:33,51.47,0.01,1607,8267705,买盘,000063,2025-10-17 22:23:12
09:43:36,51.5,0.03,1685,8675509,买盘,000063,2025-10-17 22:23:12
09:43:39,51.46,-0.04,1654,8512790,卖盘,000063,2025-10-17 22:23:12
09:43:42,51.47,0.01,2028,10438887,买盘,000063,2025-10-17 22:23:12
09:43:45,51.49,0.02,1192,6136055,买盘,000063,2025-10-17 22:23:12
09:43:48,51.5,0.01,970,4995436,买盘,000063,2025-10-17 22:23:12
09:43:51,51.53,0.03,430,2214997,买盘,000063,2025-10-17 22:23:12
09:43:54,51.54,0.01,614,3163791,买盘,000063,2025-10-17 22:23:12
09:43:57,51.57,0.03,1245,6417343,买盘,000063,2025-10-17 22:23:12
09:44:00,51.57,0.0,593,3057863,买盘,000063,2025-10-17 22:23:12
09:44:03,51.61,0.04,1975,10188943,买盘,000063,2025-10-17 22:23:12
09:44:06,51.61,0.0,810,4180899,卖盘,000063,2025-10-17 22:23:12
09:44:09,51.64,0.03,1055,5446810,买盘,000063,2025-10-17 22:23:12
09:44:12,51.58,-0.06,6527,33666541,卖盘,000063,2025-10-17 22:23:12
09:44:15,51.55,-0.03,2630,13560288,卖盘,000063,2025-10-17 22:23:12
09:44:18,51.53,-0.02,2395,12347712,卖盘,000063,2025-10-17 22:23:12
09:44:21,51.54,0.01,2534,13060346,买盘,000063,2025-10-17 22:23:12
09:44:24,51.52,-0.02,3250,16741456,卖盘,000063,2025-10-17 22:23:12
09:44:27,51.53,0.01,1630,8398827,买盘,000063,2025-10-17 22:23:12
09:44:30,51.53,0.0,2509,12930467,买盘,000063,2025-10-17 22:23:12
09:44:33,51.58,0.05,1178,6074563,买盘,000063,2025-10-17 22:23:12
09:44:36,51.64,0.06,1483,7654878,买盘,000063,2025-10-17 22:23:12
09:44:39,51.66,0.02,671,3465793,买盘,000063,2025-10-17 22:23:12
09:44:42,51.66,0.0,395,2040660,买盘,000063,2025-10-17 22:23:12
09:44:45,51.7,0.04,827,4275025,买盘,000063,2025-10-17 22:23:12
09:44:48,51.69,-0.01,2080,10761231,卖盘,000063,2025-10-17 22:23:12
09:44:51,51.7,0.01,823,4254272,买盘,000063,2025-10-17 22:23:12
09:44:54,51.72,0.02,821,4244537,买盘,000063,2025-10-17 22:23:12
09:44:57,51.7,-0.02,2006,10372200,卖盘,000063,2025-10-17 22:23:12
09:45:00,51.67,-0.03,2990,15455589,卖盘,000063,2025-10-17 22:23:12
09:45:03,51.65,-0.02,4577,23644231,卖盘,000063,2025-10-17 22:23:12
09:45:06,51.64,-0.01,2758,14240485,中性盘,000063,2025-10-17 22:23:12
09:45:09,51.69,0.05,1614,8338056,买盘,000063,2025-10-17 22:23:12
09:45:12,51.65,-0.04,3466,17907044,卖盘,000063,2025-10-17 22:23:12
09:45:15,51.66,0.01,1566,8090281,买盘,000063,2025-10-17 22:23:12
09:45:18,51.67,0.01,1383,7145359,买盘,000063,2025-10-17 22:23:12
09:45:21,51.69,0.02,737,3808737,买盘,000063,2025-10-17 22:23:12
09:45:24,51.71,0.02,1125,5814007,买盘,000063,2025-10-17 22:23:12
09:45:27,51.68,-0.03,1215,6279586,卖盘,000063,2025-10-17 22:23:12
09:45:30,51.64,-0.04,3498,18066508,卖盘,000063,2025-10-17 22:23:12
09:45:33,51.64,0.0,1415,7306592,买盘,000063,2025-10-17 22:23:12
09:45:36,51.68,0.04,1803,9312585,买盘,000063,2025-10-17 22:23:12
09:45:39,51.7,0.02,631,3261146,买盘,000063,2025-10-17 22:23:12
09:45:42,51.7,0.0,1268,6558159,买盘,000063,2025-10-17 22:23:12
09:45:45,51.7,0.0,1438,7436985,卖盘,000063,2025-10-17 22:23:12
09:45:48,51.74,0.04,974,5037495,买盘,000063,2025-10-17 22:23:12
09:45:51,51.7,-0.04,1294,6693189,卖盘,000063,2025-10-17 22:23:12
09:45:54,51.68,-0.02,1612,8333651,卖盘,000063,2025-10-17 22:23:12
09:45:57,51.69,0.01,1598,8260831,买盘,000063,2025-10-17 22:23:12
09:46:00,51.68,-0.01,2156,11145880,卖盘,000063,2025-10-17 22:23:12
09:46:03,51.64,-0.04,2951,15246630,卖盘,000063,2025-10-17 22:23:12
09:46:06,51.63,-0.01,793,4094755,中性盘,000063,2025-10-17 22:23:12
09:46:09,51.64,0.01,845,4363339,买盘,000063,2025-10-17 22:23:12
09:46:12,51.65,0.01,1257,6491910,买盘,000063,2025-10-17 22:23:12
09:46:15,51.65,0.0,431,2225958,卖盘,000063,2025-10-17 22:23:12
09:46:18,51.65,0.0,1069,5519635,买盘,000063,2025-10-17 22:23:12
09:46:21,51.64,-0.01,2418,12488704,卖盘,000063,2025-10-17 22:23:12
09:46:24,51.64,0.0,1256,6487413,卖盘,000063,2025-10-17 22:23:12
09:46:27,51.64,0.0,747,3857332,买盘,000063,2025-10-17 22:23:12
09:46:30,51.64,0.0,402,2075944,买盘,000063,2025-10-17 22:23:12
09:46:33,51.65,0.01,814,4203444,买盘,000063,2025-10-17 22:23:12
09:46:36,51.64,-0.01,522,2694333,卖盘,000063,2025-10-17 22:23:12
09:46:39,51.64,0.0,533,2753059,卖盘,000063,2025-10-17 22:23:12
09:46:42,51.64,0.0,581,3000813,卖盘,000063,2025-10-17 22:23:12
09:46:45,51.64,0.0,810,4183459,卖盘,000063,2025-10-17 22:23:12
09:46:48,51.64,0.0,597,3083186,卖盘,000063,2025-10-17 22:23:12
09:46:51,51.64,0.0,507,2618263,卖盘,000063,2025-10-17 22:23:12
09:46:54,51.65,0.01,2937,15161750,中性盘,000063,2025-10-17 22:23:12
09:46:57,51.67,0.02,732,3780299,买盘,000063,2025-10-17 22:23:12
09:47:00,51.69,0.02,980,5066191,买盘,000063,2025-10-17 22:23:12
09:47:03,51.68,-0.01,1241,6412563,中性盘,000063,2025-10-17 22:23:12
09:47:06,51.69,0.01,920,4754736,买盘,000063,2025-10-17 22:23:12
09:47:09,51.74,0.05,391,2021961,买盘,000063,2025-10-17 22:23:12
09:47:12,51.74,0.0,846,4376884,买盘,000063,2025-10-17 22:23:12
09:47:15,51.76,0.02,401,2074916,买盘,000063,2025-10-17 22:23:12
09:47:18,51.75,-0.01,430,2225047,卖盘,000063,2025-10-17 22:23:12
09:47:21,51.67,-0.08,2923,15111177,卖盘,000063,2025-10-17 22:23:12
09:47:24,51.69,0.02,1269,6555085,买盘,000063,2025-10-17 22:23:12
09:47:27,51.69,0.0,271,1400610,买盘,000063,2025-10-17 22:23:12
09:47:30,51.68,-0.01,704,3637962,中性盘,000063,2025-10-17 22:23:12
09:47:33,51.7,0.02,1994,10306181,买盘,000063,2025-10-17 22:23:12
09:47:36,51.7,0.0,709,3665111,买盘,000063,2025-10-17 22:23:12
09:47:39,51.7,0.0,682,3525818,买盘,000063,2025-10-17 22:23:12
09:47:42,51.68,-0.02,917,4739634,卖盘,000063,2025-10-17 22:23:12
09:47:45,51.69,0.01,901,4656496,买盘,000063,2025-10-17 22:23:12
09:47:48,51.69,0.0,635,3282166,买盘,000063,2025-10-17 22:23:12
09:47:51,51.72,0.03,593,3065606,买盘,000063,2025-10-17 22:23:12
09:47:54,51.71,-0.01,346,1789093,中性盘,000063,2025-10-17 22:23:12
09:47:57,51.72,0.01,653,3377136,买盘,000063,2025-10-17 22:23:12
09:48:00,51.73,0.01,658,3402996,买盘,000063,2025-10-17 22:23:12
09:48:03,51.73,0.0,676,3496841,买盘,000063,2025-10-17 22:23:12
09:48:06,51.73,0.0,1567,8104873,卖盘,000063,2025-10-17 22:23:12
09:48:09,51.74,0.01,714,3693585,买盘,000063,2025-10-17 22:23:12
09:48:12,51.74,0.0,763,3947196,买盘,000063,2025-10-17 22:23:12
09:48:15,51.71,-0.03,1376,7117186,卖盘,000063,2025-10-17 22:23:12
09:48:18,51.72,0.01,1590,8221322,买盘,000063,2025-10-17 22:23:12
09:48:21,51.71,-0.01,1199,6197889,买盘,000063,2025-10-17 22:23:12
09:48:24,51.7,-0.01,1448,7485396,中性盘,000063,2025-10-17 22:23:12
09:48:27,51.7,0.0,984,5085578,买盘,000063,2025-10-17 22:23:12
09:48:30,51.7,0.0,523,2703458,买盘,000063,2025-10-17 22:23:12
09:48:33,51.69,-0.01,691,3572331,卖盘,000063,2025-10-17 22:23:12
09:48:36,51.68,-0.01,1442,7453472,卖盘,000063,2025-10-17 22:23:12
09:48:39,51.5,-0.18,8093,41723553,卖盘,000063,2025-10-17 22:23:12
09:48:42,51.59,0.09,446,2299680,买盘,000063,2025-10-17 22:23:12
09:48:45,51.52,-0.07,1191,6136433,中性盘,000063,2025-10-17 22:23:12
09:48:48,51.52,0.0,697,3591261,卖盘,000063,2025-10-17 22:23:12
09:48:51,51.54,0.02,1002,5162427,中性盘,000063,2025-10-17 22:23:12
09:48:54,51.53,-0.01,544,2803526,卖盘,000063,2025-10-17 22:23:12
09:48:57,51.52,-0.01,705,3632669,卖盘,000063,2025-10-17 22:23:12
09:49:00,51.53,0.01,1980,10199297,买盘,000063,2025-10-17 22:23:12
09:49:03,51.54,0.01,2045,10537570,中性盘,000063,2025-10-17 22:23:12
09:49:06,51.59,0.05,1095,5644703,买盘,000063,2025-10-17 22:23:12
09:49:09,51.61,0.02,1168,6028576,买盘,000063,2025-10-17 22:23:12
09:49:12,51.62,0.01,323,1668164,卖盘,000063,2025-10-17 22:23:12
09:49:15,51.67,0.05,826,4271800,买盘,000063,2025-10-17 22:23:12
09:49:18,51.74,0.07,984,5086909,买盘,000063,2025-10-17 22:23:12
09:49:21,51.71,-0.03,743,3844793,卖盘,000063,2025-10-17 22:23:12
09:49:24,51.74,0.03,909,4701331,买盘,000063,2025-10-17 22:23:12
09:49:27,51.77,0.03,1524,7888729,买盘,000063,2025-10-17 22:23:12
09:49:30,51.74,-0.03,1898,9822697,卖盘,000063,2025-10-17 22:23:12
09:49:33,51.75,0.01,1254,6491975,中性盘,000063,2025-10-17 22:23:12
09:49:36,51.71,-0.04,2316,11982733,卖盘,000063,2025-10-17 22:23:12
09:49:39,51.63,-0.08,3715,19213106,卖盘,000063,2025-10-17 22:23:12
09:49:42,51.74,0.11,978,5056427,买盘,000063,2025-10-17 22:23:12
09:49:45,51.79,0.05,1330,6883232,买盘,000063,2025-10-17 22:23:12
09:49:48,51.82,0.03,2584,13380441,买盘,000063,2025-10-17 22:23:12
09:49:51,51.86,0.04,1629,8438203,买盘,000063,2025-10-17 22:23:12
09:49:54,51.79,-0.07,1097,5681745,卖盘,000063,2025-10-17 22:23:12
09:49:57,51.8,0.01,1524,7894061,买盘,000063,2025-10-17 22:23:12
09:50:00,51.8,0.0,1313,6800543,卖盘,000063,2025-10-17 22:23:12
09:50:03,51.76,-0.04,856,4430369,中性盘,000063,2025-10-17 22:23:12
09:50:06,51.75,-0.01,988,5110726,中性盘,000063,2025-10-17 22:23:12
09:50:09,51.7,-0.05,537,2777277,卖盘,000063,2025-10-17 22:23:12
09:50:12,51.7,0.0,762,3939370,中性盘,000063,2025-10-17 22:23:12
09:50:15,51.71,0.01,700,3618522,买盘,000063,2025-10-17 22:23:12
09:50:18,51.63,-0.08,846,4370777,卖盘,000063,2025-10-17 22:23:12
09:50:21,51.67,0.04,624,3223295,中性盘,000063,2025-10-17 22:23:12
09:50:24,51.62,-0.05,629,3246622,卖盘,000063,2025-10-17 22:23:12
09:50:27,51.61,-0.01,1137,5866302,卖盘,000063,2025-10-17 22:23:12
09:50:30,51.55,-0.06,2014,10385154,卖盘,000063,2025-10-17 22:23:12
09:50:33,51.55,0.0,754,3886497,买盘,000063,2025-10-17 22:23:12
09:50:36,51.39,-0.16,13482,69344436,卖盘,000063,2025-10-17 22:23:12
09:50:39,51.3,-0.09,5468,28066383,卖盘,000063,2025-10-17 22:23:12
09:50:42,51.29,-0.01,1741,8928165,卖盘,000063,2025-10-17 22:23:12
09:50:45,51.21,-0.08,753,3857463,卖盘,000063,2025-10-17 22:23:12
09:50:48,51.18,-0.03,1806,9247016,卖盘,000063,2025-10-17 22:23:12
09:50:51,51.1,-0.08,1925,9843414,卖盘,000063,2025-10-17 22:23:12
09:50:54,51.09,-0.01,1277,6524010,卖盘,000063,2025-10-17 22:23:12
09:50:57,51.07,-0.02,1633,8340600,卖盘,000063,2025-10-17 22:23:12
09:51:00,51.07,0.0,4669,23834320,卖盘,000063,2025-10-17 22:23:12
09:51:03,51.07,0.0,6258,31928233,卖盘,000063,2025-10-17 22:23:12
09:51:06,50.91,-0.16,6938,35383100,卖盘,000063,2025-10-17 22:23:12
09:51:09,50.91,0.0,981,4997006,卖盘,000063,2025-10-17 22:23:12
09:51:12,50.89,-0.02,2278,11598634,卖盘,000063,2025-10-17 22:23:12
09:51:15,50.95,0.06,3913,19932133,买盘,000063,2025-10-17 22:23:12
09:51:18,50.99,0.04,1201,6119556,买盘,000063,2025-10-17 22:23:12
09:51:21,50.97,-0.02,2559,13049505,卖盘,000063,2025-10-17 22:23:12
09:51:24,51.02,0.05,465,2371661,买盘,000063,2025-10-17 22:23:12
09:51:27,51.0,-0.02,1805,9207312,卖盘,000063,2025-10-17 22:23:12
09:51:30,51.0,0.0,1171,5971364,买盘,000063,2025-10-17 22:23:12
09:51:33,51.0,0.0,1186,6048679,买盘,000063,2025-10-17 22:23:12
09:51:36,51.0,0.0,1328,6771408,买盘,000063,2025-10-17 22:23:12
09:51:39,50.98,-0.02,2910,14830800,卖盘,000063,2025-10-17 22:23:12
09:51:42,50.95,-0.03,1657,8442100,卖盘,000063,2025-10-17 22:23:12
09:51:45,50.95,0.0,1479,7532003,买盘,000063,2025-10-17 22:23:12
09:51:48,50.9,-0.05,1024,5212504,卖盘,000063,2025-10-17 22:23:12
09:51:51,50.91,0.01,1467,7470815,买盘,000063,2025-10-17 22:23:12
09:51:54,50.95,0.04,13962,70986895,中性盘,000063,2025-10-17 22:23:12
09:51:57,50.87,-0.08,1452,7386694,卖盘,000063,2025-10-17 22:23:12
09:52:00,50.91,0.04,3600,18309046,买盘,000063,2025-10-17 22:23:12
09:52:03,50.87,-0.04,1822,9265185,中性盘,000063,2025-10-17 22:23:12
09:52:06,50.91,0.04,1736,8840004,买盘,000063,2025-10-17 22:23:12
09:52:09,50.93,0.02,2475,12610130,中性盘,000063,2025-10-17 22:23:12
09:52:12,51.02,0.09,833,4246594,买盘,000063,2025-10-17 22:23:12
09:52:15,51.07,0.05,628,3205698,买盘,000063,2025-10-17 22:23:12
09:52:18,51.08,0.01,481,2455062,买盘,000063,2025-10-17 22:23:12
09:52:21,51.09,0.01,423,2162774,买盘,000063,2025-10-17 22:23:12
09:52:24,51.12,0.03,359,1834395,中性盘,000063,2025-10-17 22:23:12
09:52:27,51.15,0.03,506,2587400,买盘,000063,2025-10-17 22:23:12
09:52:30,51.16,0.01,335,1713411,买盘,000063,2025-10-17 22:23:12
09:52:33,51.17,0.01,704,3601115,买盘,000063,2025-10-17 22:23:12
09:52:36,51.14,-0.03,1184,6056440,卖盘,000063,2025-10-17 22:23:12
09:52:39,51.11,-0.03,1397,7144106,卖盘,000063,2025-10-17 22:23:12
09:52:42,51.17,0.06,1676,8572965,买盘,000063,2025-10-17 22:23:12
09:52:45,51.15,-0.02,971,4966333,卖盘,000063,2025-10-17 22:23:12
09:52:48,51.12,-0.03,4322,22071328,卖盘,000063,2025-10-17 22:23:12
09:52:51,51.07,-0.05,1437,7337456,中性盘,000063,2025-10-17 22:23:12
09:52:54,51.02,-0.05,1169,5967964,卖盘,000063,2025-10-17 22:23:12
09:52:57,51.04,0.02,1026,5236728,买盘,000063,2025-10-17 22:23:12
09:53:00,51.02,-0.02,2123,10838485,卖盘,000063,2025-10-17 22:23:12
09:53:03,51.03,0.01,1255,6400980,买盘,000063,2025-10-17 22:23:12
09:53:06,51.07,0.04,790,4032332,买盘,000063,2025-10-17 22:23:12
09:53:09,51.07,0.0,1096,5603310,卖盘,000063,2025-10-17 22:23:12
09:53:12,51.11,0.04,425,2171340,买盘,000063,2025-10-17 22:23:12
09:53:15,51.11,0.0,1451,7408718,卖盘,000063,2025-10-17 22:23:12
09:53:18,51.15,0.04,873,4461294,买盘,000063,2025-10-17 22:23:12
09:53:21,51.15,0.0,466,2382953,买盘,000063,2025-10-17 22:23:12
09:53:24,51.18,0.03,855,4372343,买盘,000063,2025-10-17 22:23:12
09:53:27,51.19,0.01,412,2108534,买盘,000063,2025-10-17 22:23:12
09:53:30,51.18,-0.01,2525,12921462,卖盘,000063,2025-10-17 22:23:12
09:53:33,51.13,-0.05,1915,9790952,卖盘,000063,2025-10-17 22:23:12
09:53:36,51.11,-0.02,1143,5843319,中性盘,000063,2025-10-17 22:23:12
09:53:39,51.1,-0.01,594,3036157,卖盘,000063,2025-10-17 22:23:12
09:53:42,51.1,0.0,484,2474143,卖盘,000063,2025-10-17 22:23:12
09:53:45,51.13,0.03,278,1421600,卖盘,000063,2025-10-17 22:23:12
09:53:48,51.13,0.0,693,3543354,卖盘,000063,2025-10-17 22:23:12
09:53:51,51.13,0.0,456,2331146,买盘,000063,2025-10-17 22:23:12
09:53:54,51.12,-0.01,1267,6476857,中性盘,000063,2025-10-17 22:23:12
09:53:57,51.09,-0.03,1636,8357877,卖盘,000063,2025-10-17 22:23:12
09:54:00,51.03,-0.06,2074,10585999,卖盘,000063,2025-10-17 22:23:12
09:54:03,51.02,-0.01,1521,7757883,卖盘,000063,2025-10-17 22:23:12
09:54:06,51.01,-0.01,480,2448332,卖盘,000063,2025-10-17 22:23:12
09:54:09,51.02,0.01,438,2234468,买盘,000063,2025-10-17 22:23:12
09:54:12,51.01,-0.01,470,2397353,卖盘,000063,2025-10-17 22:23:12
09:54:15,51.0,-0.01,1066,5437770,卖盘,000063,2025-10-17 22:23:12
09:54:18,51.0,0.0,673,3432427,卖盘,000063,2025-10-17 22:23:12
09:54:21,51.01,0.01,2041,10409543,买盘,000063,2025-10-17 22:23:12
09:54:24,51.0,-0.01,2183,11133848,卖盘,000063,2025-10-17 22:23:12
09:54:27,51.0,0.0,845,4309450,买盘,000063,2025-10-17 22:23:12
09:54:30,50.99,-0.01,649,3309619,卖盘,000063,2025-10-17 22:23:12
09:54:33,50.96,-0.03,1615,8230276,卖盘,000063,2025-10-17 22:23:12
09:54:36,50.94,-0.02,318,1619890,卖盘,000063,2025-10-17 22:23:12
09:54:39,50.93,-0.01,603,3071361,卖盘,000063,2025-10-17 22:23:12
09:54:42,50.92,-0.01,580,2953173,卖盘,000063,2025-10-17 22:23:12
09:54:45,50.92,0.0,957,4872048,买盘,000063,2025-10-17 22:23:12
09:54:48,50.91,-0.01,735,3741639,卖盘,000063,2025-10-17 22:23:12
09:54:51,50.9,-0.01,369,1878212,卖盘,000063,2025-10-17 22:23:12
09:54:54,50.89,-0.01,1171,5960124,卖盘,000063,2025-10-17 22:23:12
09:54:57,50.87,-0.02,2218,11284475,卖盘,000063,2025-10-17 22:23:12
09:55:00,50.88,0.01,644,3276275,卖盘,000063,2025-10-17 22:23:12
09:55:03,50.87,-0.01,967,4917833,卖盘,000063,2025-10-17 22:23:12
09:55:06,50.87,0.0,1426,7255235,卖盘,000063,2025-10-17 22:23:12
09:55:09,50.86,-0.01,2137,10869465,卖盘,000063,2025-10-17 22:23:12
09:55:12,50.85,-0.01,1020,5187595,卖盘,000063,2025-10-17 22:23:12
09:55:15,50.75,-0.1,8202,41662469,卖盘,000063,2025-10-17 22:23:12
09:55:18,50.65,-0.1,4224,21406075,卖盘,000063,2025-10-17 22:23:12
09:55:21,50.68,0.03,886,4490636,买盘,000063,2025-10-17 22:23:12
09:55:24,50.7,0.02,1087,5507698,买盘,000063,2025-10-17 22:23:12
09:55:27,50.7,0.0,592,3000933,买盘,000063,2025-10-17 22:23:12
09:55:30,50.75,0.05,9169,46393802,买盘,000063,2025-10-17 22:23:12
09:55:33,50.75,0.0,2352,11947730,中性盘,000063,2025-10-17 22:23:12
09:55:36,50.8,0.05,1137,5773668,买盘,000063,2025-10-17 22:23:12
09:55:39,50.75,-0.05,913,4636956,卖盘,000063,2025-10-17 22:23:12
09:55:42,50.76,0.01,549,2788923,中性盘,000063,2025-10-17 22:23:12
09:55:45,50.83,0.07,457,2321774,买盘,000063,2025-10-17 22:23:12
09:55:48,50.85,0.02,1075,5461839,买盘,000063,2025-10-17 22:23:12
09:55:51,50.83,-0.02,374,1901238,卖盘,000063,2025-10-17 22:23:12
09:55:54,50.83,0.0,380,1931490,买盘,000063,2025-10-17 22:23:12
09:55:57,50.83,0.0,779,3959740,卖盘,000063,2025-10-17 22:23:12
09:56:00,50.86,0.03,790,4017011,买盘,000063,2025-10-17 22:23:12
09:56:03,50.73,-0.13,3940,20010137,卖盘,000063,2025-10-17 22:23:12
09:56:06,50.75,0.02,916,4649169,买盘,000063,2025-10-17 22:23:12
09:56:09,50.79,0.04,752,3817392,买盘,000063,2025-10-17 22:23:12
09:56:12,50.81,0.02,899,4563904,买盘,000063,2025-10-17 22:23:12
09:56:15,50.81,0.0,393,1996676,买盘,000063,2025-10-17 22:23:12
09:56:18,50.81,0.0,513,2606374,买盘,000063,2025-10-17 22:23:12
09:56:21,50.82,0.01,584,2968306,买盘,000063,2025-10-17 22:23:12
09:56:24,50.91,0.09,2255,11470018,买盘,000063,2025-10-17 22:23:12
09:56:27,50.97,0.06,429,2185376,买盘,000063,2025-10-17 22:23:12
09:56:30,50.95,-0.02,158,805324,中性盘,000063,2025-10-17 22:23:12
09:56:33,50.93,-0.02,301,1534054,卖盘,000063,2025-10-17 22:23:12
09:56:36,50.94,0.01,523,2664546,中性盘,000063,2025-10-17 22:23:12
09:56:39,50.92,-0.02,641,3265032,卖盘,000063,2025-10-17 22:23:12
09:56:42,50.94,0.02,781,3977895,买盘,000063,2025-10-17 22:23:12
09:56:45,50.91,-0.03,552,2810882,卖盘,000063,2025-10-17 22:23:12
09:56:48,50.89,-0.02,901,4586054,卖盘,000063,2025-10-17 22:23:12
09:56:51,50.91,0.02,543,2764089,买盘,000063,2025-10-17 22:23:12
09:56:54,50.91,0.0,997,5075634,卖盘,000063,2025-10-17 22:23:12
09:56:57,50.92,0.01,1596,8125679,买盘,000063,2025-10-17 22:23:12
09:57:00,50.95,0.03,302,1537845,买盘,000063,2025-10-17 22:23:12
09:57:03,50.99,0.04,581,2960437,买盘,000063,2025-10-17 22:23:12
09:57:06,50.97,-0.02,432,2200631,中性盘,000063,2025-10-17 22:23:12
09:57:09,50.94,-0.03,921,4690648,卖盘,000063,2025-10-17 22:23:12
09:57:12,50.93,-0.01,480,2445355,卖盘,000063,2025-10-17 22:23:12
09:57:15,50.95,0.02,947,4825422,买盘,000063,2025-10-17 22:23:12
09:57:18,50.95,0.0,382,1946745,买盘,000063,2025-10-17 22:23:12
09:57:21,50.98,0.03,226,1151904,买盘,000063,2025-10-17 22:23:12
09:57:24,51.0,0.02,1032,5261618,买盘,000063,2025-10-17 22:23:12
09:57:27,51.0,0.0,794,4049173,买盘,000063,2025-10-17 22:23:12
09:57:30,51.01,0.01,704,3590366,买盘,000063,2025-10-17 22:23:12
09:57:33,51.02,0.01,359,1831423,买盘,000063,2025-10-17 22:23:12
09:57:36,51.04,0.02,422,2153619,买盘,000063,2025-10-17 22:23:12
09:57:39,51.04,0.0,923,4708816,买盘,000063,2025-10-17 22:23:12
09:57:42,51.06,0.02,665,3394403,买盘,000063,2025-10-17 22:23:12
09:57:45,51.07,0.01,274,1399324,买盘,000063,2025-10-17 22:23:12
09:57:48,51.09,0.02,118,602902,中性盘,000063,2025-10-17 22:23:12
09:57:51,51.07,-0.02,444,2268053,卖盘,000063,2025-10-17 22:23:12
09:57:54,51.08,0.01,534,2728073,买盘,000063,2025-10-17 22:23:12
09:57:57,51.07,-0.01,1690,8632396,卖盘,000063,2025-10-17 22:23:12
09:58:00,51.05,-0.02,1646,8404054,卖盘,000063,2025-10-17 22:23:12
09:58:03,51.02,-0.03,2045,10434652,卖盘,000063,2025-10-17 22:23:12
09:58:06,51.01,-0.01,2167,11050345,中性盘,000063,2025-10-17 22:23:12
09:58:09,51.01,0.0,690,3518798,买盘,000063,2025-10-17 22:23:12
09:58:12,51.0,-0.01,463,2362963,卖盘,000063,2025-10-17 22:23:12
09:58:15,51.0,0.0,1264,6444497,买盘,000063,2025-10-17 22:23:12
09:58:18,50.98,-0.02,859,4380466,卖盘,000063,2025-10-17 22:23:12
09:58:21,50.97,-0.01,428,2181340,中性盘,000063,2025-10-17 22:23:12
09:58:24,51.0,0.03,423,2157087,买盘,000063,2025-10-17 22:23:12
09:58:27,51.0,0.0,553,2819632,卖盘,000063,2025-10-17 22:23:12
09:58:30,50.98,-0.02,520,2650544,卖盘,000063,2025-10-17 22:23:12
09:58:33,50.99,0.01,271,1381533,买盘,000063,2025-10-17 22:23:12
09:58:36,50.99,0.0,905,4614816,买盘,000063,2025-10-17 22:23:12
09:58:39,50.99,0.0,940,4792941,买盘,000063,2025-10-17 22:23:12
09:58:42,51.0,0.01,576,2936850,买盘,000063,2025-10-17 22:23:12
09:58:45,50.99,-0.01,746,3804076,卖盘,000063,2025-10-17 22:23:12
09:58:48,50.99,0.0,766,3905845,买盘,000063,2025-10-17 22:23:12
09:58:51,51.0,0.01,289,1473789,买盘,000063,2025-10-17 22:23:12
09:58:54,50.99,-0.01,335,1708267,卖盘,000063,2025-10-17 22:23:12
09:58:57,50.99,0.0,733,3737573,卖盘,000063,2025-10-17 22:23:12
09:59:00,50.99,0.0,735,3747912,买盘,000063,2025-10-17 22:23:12
09:59:03,50.99,0.0,521,2656516,卖盘,000063,2025-10-17 22:23:12
09:59:06,50.98,-0.01,755,3849280,卖盘,000063,2025-10-17 22:23:12
09:59:09,50.99,0.01,477,2432175,买盘,000063,2025-10-17 22:23:12
09:59:12,51.0,0.01,292,1488852,买盘,000063,2025-10-17 22:23:12
09:59:15,51.0,0.0,777,3962136,买盘,000063,2025-10-17 22:23:12
09:59:18,50.9,-0.1,3673,18707904,卖盘,000063,2025-10-17 22:23:12
09:59:21,50.8,-0.1,2185,11107497,卖盘,000063,2025-10-17 22:23:12
09:59:24,50.75,-0.05,2211,11228199,卖盘,000063,2025-10-17 22:23:12
09:59:27,50.74,-0.01,840,4261305,卖盘,000063,2025-10-17 22:23:12
09:59:30,50.71,-0.03,2286,11592010,卖盘,000063,2025-10-17 22:23:12
09:59:33,50.68,-0.03,1751,8880169,卖盘,000063,2025-10-17 22:23:12
09:59:36,50.7,0.02,1763,8939203,中性盘,000063,2025-10-17 22:23:12
09:59:39,50.7,0.0,984,4987306,卖盘,000063,2025-10-17 22:23:12
09:59:42,50.7,0.0,838,4248631,卖盘,000063,2025-10-17 22:23:12
09:59:45,50.72,0.02,1148,5820702,买盘,000063,2025-10-17 22:23:12
09:59:48,50.76,0.04,873,4427457,买盘,000063,2025-10-17 22:23:12
09:59:51,50.75,-0.01,1252,6346742,中性盘,000063,2025-10-17 22:23:12
09:59:54,50.7,-0.05,1171,5937404,卖盘,000063,2025-10-17 22:23:12
09:59:57,50.68,-0.02,2360,11957909,卖盘,000063,2025-10-17 22:23:12
10:00:00,50.58,-0.1,3915,19817875,卖盘,000063,2025-10-17 22:23:12
10:00:03,50.45,-0.13,10727,54179075,卖盘,000063,2025-10-17 22:23:12
10:00:06,50.46,0.01,3842,19371475,买盘,000063,2025-10-17 22:23:12
10:00:09,50.45,-0.01,1461,7369143,卖盘,000063,2025-10-17 22:23:12
10:00:12,50.49,0.04,1114,5623768,买盘,000063,2025-10-17 22:23:12
10:00:15,50.47,-0.02,1463,7381946,卖盘,000063,2025-10-17 22:23:12
10:00:18,50.4,-0.07,1948,9821893,卖盘,000063,2025-10-17 22:23:12
10:00:21,50.38,-0.02,1370,6902483,卖盘,000063,2025-10-17 22:23:12
10:00:24,50.35,-0.03,1627,8193908,卖盘,000063,2025-10-17 22:23:12
10:00:27,50.35,0.0,1618,8145648,卖盘,000063,2025-10-17 22:23:12
10:00:30,50.35,0.0,1549,7795092,买盘,000063,2025-10-17 22:23:12
10:00:33,50.35,0.0,1983,9977019,买盘,000063,2025-10-17 22:23:12
10:00:36,50.3,-0.05,2487,12514919,卖盘,000063,2025-10-17 22:23:12
10:00:39,50.3,0.0,3108,15632139,卖盘,000063,2025-10-17 22:23:12
10:00:42,50.27,-0.03,2371,11927611,卖盘,000063,2025-10-17 22:23:12
10:00:45,50.3,0.03,1747,8782634,买盘,000063,2025-10-17 22:23:12
10:00:48,50.25,-0.05,1674,8413915,卖盘,000063,2025-10-17 22:23:12
10:00:51,50.27,0.02,2406,12092833,买盘,000063,2025-10-17 22:23:12
10:00:54,50.26,-0.01,2395,12035117,卖盘,000063,2025-10-17 22:23:12
10:00:57,50.26,0.0,2745,13797286,卖盘,000063,2025-10-17 22:23:12
10:01:00,50.26,0.0,2694,13535507,买盘,000063,2025-10-17 22:23:12
10:01:03,50.25,-0.01,2369,11898498,中性盘,000063,2025-10-17 22:23:12
10:01:06,50.21,-0.04,3753,18839853,卖盘,000063,2025-10-17 22:23:12
10:01:09,50.16,-0.05,1989,9979769,卖盘,000063,2025-10-17 22:23:12
10:01:12,50.12,-0.04,2514,12603125,卖盘,000063,2025-10-17 22:23:12
10:01:15,50.12,0.0,3071,15384562,买盘,000063,2025-10-17 22:23:12
10:01:18,50.09,-0.03,5035,25215643,中性盘,000063,2025-10-17 22:23:12
10:01:21,50.1,0.01,3018,15103826,买盘,000063,2025-10-17 22:23:12
10:01:24,50.1,0.0,2225,11140798,买盘,000063,2025-10-17 22:23:12
10:01:27,50.09,-0.01,2157,10802147,卖盘,000063,2025-10-17 22:23:12
10:01:30,50.1,0.01,2378,11908786,买盘,000063,2025-10-17 22:23:12
10:01:33,50.06,-0.04,1637,8198118,卖盘,000063,2025-10-17 22:23:12
10:01:36,50.08,0.02,2708,13549720,买盘,000063,2025-10-17 22:23:12
10:01:39,50.08,0.0,998,4994460,买盘,000063,2025-10-17 22:23:12
10:01:42,50.08,0.0,1253,6272605,买盘,000063,2025-10-17 22:23:12
10:01:45,50.06,-0.02,1642,8218346,卖盘,000063,2025-10-17 22:23:12
10:01:48,50.06,0.0,1014,5074506,买盘,000063,2025-10-17 22:23:12
10:01:51,50.12,0.06,2831,14178018,买盘,000063,2025-10-17 22:23:12
10:01:54,50.12,0.0,1999,10010840,买盘,000063,2025-10-17 22:23:12
10:01:57,50.1,-0.02,1100,5510108,中性盘,000063,2025-10-17 22:23:12
10:02:00,50.13,0.03,1386,6943183,中性盘,000063,2025-10-17 22:23:12
10:02:03,50.16,0.03,1438,7209134,买盘,000063,2025-10-17 22:23:12
10:02:06,50.16,0.0,1695,8496210,买盘,000063,2025-10-17 22:23:12
10:02:09,50.16,0.0,2150,10784755,买盘,000063,2025-10-17 22:23:12
10:02:12,50.24,0.08,762,3824222,买盘,000063,2025-10-17 22:23:12
10:02:15,50.25,0.01,2121,10644643,买盘,000063,2025-10-17 22:23:12
10:02:18,50.26,0.01,1501,7539094,买盘,000063,2025-10-17 22:23:12
10:02:21,50.32,0.06,926,4652191,买盘,000063,2025-10-17 22:23:12
10:02:24,50.32,0.0,913,4589851,买盘,000063,2025-10-17 22:23:12
10:02:27,50.27,-0.05,2205,11082352,卖盘,000063,2025-10-17 22:23:12
10:02:30,50.27,0.0,2649,13310254,买盘,000063,2025-10-17 22:23:12
10:02:33,50.29,0.02,1250,6284804,买盘,000063,2025-10-17 22:23:12
10:02:36,50.3,0.01,1342,6754145,中性盘,000063,2025-10-17 22:23:12
10:02:39,50.3,0.0,1702,8559121,买盘,000063,2025-10-17 22:23:12
10:02:42,50.3,0.0,1161,5840128,买盘,000063,2025-10-17 22:23:12
10:02:45,50.32,0.02,1178,5925859,买盘,000063,2025-10-17 22:23:12
10:02:48,50.35,0.03,351,1766278,买盘,000063,2025-10-17 22:23:12
10:02:51,50.36,0.01,196,986813,买盘,000063,2025-10-17 22:23:12
10:02:54,50.34,-0.02,990,4984328,卖盘,000063,2025-10-17 22:23:12
10:02:57,50.32,-0.02,1578,7943230,卖盘,000063,2025-10-17 22:23:12
10:03:00,50.3,-0.02,1774,8927260,卖盘,000063,2025-10-17 22:23:12
10:03:03,50.29,-0.01,3563,17919901,卖盘,000063,2025-10-17 22:23:12
10:03:06,50.23,-0.06,1593,8005641,卖盘,000063,2025-10-17 22:23:12
10:03:09,50.23,0.0,959,4815838,买盘,000063,2025-10-17 22:23:12
10:03:12,50.28,0.05,1596,8025127,买盘,000063,2025-10-17 22:23:12
10:03:15,50.26,-0.02,1046,5260715,中性盘,000063,2025-10-17 22:23:12
10:03:18,50.26,0.0,423,2126295,卖盘,000063,2025-10-17 22:23:12
10:03:21,50.31,0.05,320,1610161,买盘,000063,2025-10-17 22:23:12
10:03:24,50.33,0.02,542,2727132,买盘,000063,2025-10-17 22:23:12
10:03:27,50.34,0.01,320,1610320,买盘,000063,2025-10-17 22:23:12
10:03:30,50.33,-0.01,506,2547092,卖盘,000063,2025-10-17 22:23:12
10:03:33,50.33,0.0,661,3326717,买盘,000063,2025-10-17 22:23:12
10:03:36,50.35,0.02,937,4717182,买盘,000063,2025-10-17 22:23:12
10:03:39,50.34,-0.01,346,1741781,买盘,000063,2025-10-17 22:23:12
10:03:42,50.42,0.08,577,2907517,买盘,000063,2025-10-17 22:23:12
10:03:45,50.39,-0.03,672,3388028,中性盘,000063,2025-10-17 22:23:12
10:03:48,50.36,-0.03,399,2009892,卖盘,000063,2025-10-17 22:23:12
10:03:51,50.35,-0.01,1095,5515459,卖盘,000063,2025-10-17 22:23:12
10:03:54,50.32,-0.03,1891,9519504,卖盘,000063,2025-10-17 22:23:12
10:03:57,50.35,0.03,990,4981963,买盘,000063,2025-10-17 22:23:12
10:04:00,50.33,-0.02,393,1978237,卖盘,000063,2025-10-17 22:23:12
10:04:03,50.34,0.01,871,4385129,买盘,000063,2025-10-17 22:23:12
10:04:06,50.35,0.01,706,3554028,卖盘,000063,2025-10-17 22:23:12
10:04:09,50.33,-0.02,584,2940156,卖盘,000063,2025-10-17 22:23:12
10:04:12,50.35,0.02,519,2613773,中性盘,000063,2025-10-17 22:23:12
10:04:15,50.37,0.02,442,2225362,买盘,000063,2025-10-17 22:23:12
10:04:18,50.34,-0.03,541,2724395,卖盘,000063,2025-10-17 22:23:12
10:04:21,50.39,0.05,208,1047635,买盘,000063,2025-10-17 22:23:12
10:04:24,50.38,-0.01,360,1813997,卖盘,000063,2025-10-17 22:23:12
10:04:27,50.4,0.02,325,1637747,买盘,000063,2025-10-17 22:23:12
10:04:30,50.42,0.02,160,806381,买盘,000063,2025-10-17 22:23:12
10:04:33,50.43,0.01,977,4926265,买盘,000063,2025-10-17 22:23:12
10:04:36,50.42,-0.01,1481,7469240,卖盘,000063,2025-10-17 22:23:12
10:04:39,50.44,0.02,1523,7682130,买盘,000063,2025-10-17 22:23:12
10:04:42,50.45,0.01,1121,5654663,中性盘,000063,2025-10-17 22:23:12
10:04:45,50.45,0.0,671,3384709,买盘,000063,2025-10-17 22:23:12
10:04:48,50.46,0.01,496,2502364,买盘,000063,2025-10-17 22:23:12
10:04:51,50.47,0.01,1188,5994152,买盘,000063,2025-10-17 22:23:12
10:04:54,50.47,0.0,471,2376853,买盘,000063,2025-10-17 22:23:12
10:04:57,50.47,0.0,557,2811200,买盘,000063,2025-10-17 22:23:12
10:05:00,50.47,0.0,862,4350219,卖盘,000063,2025-10-17 22:23:12
10:05:03,50.48,0.01,1073,5416563,买盘,000063,2025-10-17 22:23:12
10:05:06,50.49,0.01,576,2908170,买盘,000063,2025-10-17 22:23:12
10:05:09,50.5,0.01,464,2342619,买盘,000063,2025-10-17 22:23:12
10:05:12,50.51,0.01,598,3020138,买盘,000063,2025-10-17 22:23:12
10:05:15,50.47,-0.04,5608,28304131,卖盘,000063,2025-10-17 22:23:12
10:05:18,50.46,-0.01,1935,9759810,中性盘,000063,2025-10-17 22:23:12
10:05:21,50.47,0.01,1052,5306938,买盘,000063,2025-10-17 22:23:12
10:05:24,50.49,0.02,321,1620429,买盘,000063,2025-10-17 22:23:12
10:05:27,50.47,-0.02,948,4785289,卖盘,000063,2025-10-17 22:23:12
10:05:30,50.45,-0.02,965,4868808,卖盘,000063,2025-10-17 22:23:12
10:05:33,50.44,-0.01,989,4986635,中性盘,000063,2025-10-17 22:23:12
10:05:36,50.38,-0.06,536,2701552,中性盘,000063,2025-10-17 22:23:12
10:05:39,50.39,0.01,1468,7410709,买盘,000063,2025-10-17 22:23:12
10:05:42,50.38,-0.01,2371,11956451,中性盘,000063,2025-10-17 22:23:12
10:05:45,50.38,0.0,2599,13078225,买盘,000063,2025-10-17 22:23:12
10:05:48,50.38,0.0,380,1914463,买盘,000063,2025-10-17 22:23:12
10:05:51,50.42,0.04,493,2484290,买盘,000063,2025-10-17 22:23:12
10:05:54,50.42,0.0,191,962753,买盘,000063,2025-10-17 22:23:12
10:05:57,50.45,0.03,173,872198,买盘,000063,2025-10-17 22:23:12
10:06:00,50.44,-0.01,65,327837,中性盘,000063,2025-10-17 22:23:12
10:06:03,50.29,-0.15,2994,15080842,卖盘,000063,2025-10-17 22:23:12
10:06:06,50.22,-0.07,2586,12992536,卖盘,000063,2025-10-17 22:23:12
10:06:09,50.23,0.01,1314,6596838,买盘,000063,2025-10-17 22:23:12
10:06:12,50.17,-0.06,600,3010783,卖盘,000063,2025-10-17 22:23:12
10:06:15,50.23,0.06,5984,30023173,买盘,000063,2025-10-17 22:23:12
10:06:18,50.24,0.01,1551,7783841,买盘,000063,2025-10-17 22:23:12
10:06:21,50.23,-0.01,3222,16158251,卖盘,000063,2025-10-17 22:23:12
10:06:24,50.24,0.01,896,4498942,中性盘,000063,2025-10-17 22:23:12
10:06:27,50.27,0.03,305,1533259,中性盘,000063,2025-10-17 22:23:12
10:06:30,50.29,0.02,4913,24684357,买盘,000063,2025-10-17 22:23:12
10:06:33,50.25,-0.04,687,3452897,卖盘,000063,2025-10-17 22:23:12
10:06:36,50.31,0.06,356,1789164,买盘,000063,2025-10-17 22:23:12
10:06:39,50.3,-0.01,438,2201949,卖盘,000063,2025-10-17 22:23:12
10:06:42,50.33,0.03,263,1322977,买盘,000063,2025-10-17 22:23:12
10:06:45,50.35,0.02,433,2179585,买盘,000063,2025-10-17 22:23:12
10:06:48,50.3,-0.05,3308,16635010,卖盘,000063,2025-10-17 22:23:12
10:06:51,50.28,-0.02,868,4364420,卖盘,000063,2025-10-17 22:23:12
10:06:54,50.31,0.03,761,3826275,买盘,000063,2025-10-17 22:23:12
10:06:57,50.3,-0.01,319,1604619,卖盘,000063,2025-10-17 22:23:12
10:07:00,50.33,0.03,371,1866863,买盘,000063,2025-10-17 22:23:12
10:07:03,50.36,0.03,661,3325248,买盘,000063,2025-10-17 22:23:12
10:07:06,50.37,0.01,409,2059787,买盘,000063,2025-10-17 22:23:12
10:07:09,50.38,0.01,519,2613750,买盘,000063,2025-10-17 22:23:12
10:07:12,50.38,0.0,630,3173037,买盘,000063,2025-10-17 22:23:12
10:07:15,50.38,0.0,1005,5061418,买盘,000063,2025-10-17 22:23:12
10:07:18,50.34,-0.04,735,3701988,中性盘,000063,2025-10-17 22:23:12
10:07:21,50.38,0.04,550,2770169,买盘,000063,2025-10-17 22:23:12
10:07:24,50.4,0.02,179,901875,买盘,000063,2025-10-17 22:23:12
10:07:27,50.39,-0.01,443,2232132,卖盘,000063,2025-10-17 22:23:12
10:07:30,50.39,0.0,893,4497606,买盘,000063,2025-10-17 22:23:12
10:07:33,50.41,0.02,863,4349580,买盘,000063,2025-10-17 22:23:12
10:07:36,50.42,0.01,659,3321654,买盘,000063,2025-10-17 22:23:12
10:07:39,50.44,0.02,290,1462639,买盘,000063,2025-10-17 22:23:12
10:07:42,50.46,0.02,300,1513465,买盘,000063,2025-10-17 22:23:12
10:07:45,50.46,0.0,334,1685441,买盘,000063,2025-10-17 22:23:12
10:07:48,50.45,-0.01,695,3505995,卖盘,000063,2025-10-17 22:23:12
10:07:51,50.43,-0.02,781,3939906,卖盘,000063,2025-10-17 22:23:12
10:07:54,50.45,0.02,777,3918772,买盘,000063,2025-10-17 22:23:12
10:07:57,50.47,0.02,753,3799557,买盘,000063,2025-10-17 22:23:12
10:08:00,50.48,0.01,682,3441865,买盘,000063,2025-10-17 22:23:12
10:08:03,50.5,0.02,379,1913306,买盘,000063,2025-10-17 22:23:12
10:08:06,50.52,0.02,808,4080505,买盘,000063,2025-10-17 22:23:12
10:08:09,50.59,0.07,378,1911165,买盘,000063,2025-10-17 22:23:12
10:08:12,50.56,-0.03,157,793867,买盘,000063,2025-10-17 22:23:12
10:08:15,50.53,-0.03,973,4918815,卖盘,000063,2025-10-17 22:23:12
10:08:18,50.49,-0.04,1632,8242931,卖盘,000063,2025-10-17 22:23:12
10:08:21,50.49,0.0,1316,6642113,中性盘,000063,2025-10-17 22:23:12
10:08:24,50.45,-0.04,1103,5565433,卖盘,000063,2025-10-17 22:23:12
10:08:27,50.42,-0.03,1579,7960757,卖盘,000063,2025-10-17 22:23:12
10:08:30,50.41,-0.01,1031,5197552,中性盘,000063,2025-10-17 22:23:12
10:08:33,50.42,0.01,831,4189769,买盘,000063,2025-10-17 22:23:12
10:08:36,50.46,0.04,330,1664497,买盘,000063,2025-10-17 22:23:12
10:08:39,50.49,0.03,492,2484106,买盘,000063,2025-10-17 22:23:12
10:08:42,50.49,0.0,163,823025,卖盘,000063,2025-10-17 22:23:12
10:08:45,50.49,0.0,213,1075600,卖盘,000063,2025-10-17 22:23:12
10:08:48,50.49,0.0,671,3388096,卖盘,000063,2025-10-17 22:23:12
10:08:51,50.49,0.0,802,4051767,卖盘,000063,2025-10-17 22:23:12
10:08:54,50.48,-0.01,1404,7085924,卖盘,000063,2025-10-17 22:23:12
10:08:57,50.46,-0.02,1434,7237670,卖盘,000063,2025-10-17 22:23:12
10:09:00,50.43,-0.03,945,4766007,卖盘,000063,2025-10-17 22:23:12
10:09:03,50.43,0.0,630,3177535,买盘,000063,2025-10-17 22:23:12
10:09:06,50.44,0.01,767,3870506,买盘,000063,2025-10-17 22:23:12
10:09:09,50.46,0.02,230,1160378,中性盘,000063,2025-10-17 22:23:12
10:09:12,50.45,-0.01,98,494548,卖盘,000063,2025-10-17 22:23:12
10:09:15,50.47,0.02,203,1024595,买盘,000063,2025-10-17 22:23:12
10:09:18,50.47,0.0,424,2139915,卖盘,000063,2025-10-17 22:23:12
10:09:21,50.48,0.01,339,1711005,买盘,000063,2025-10-17 22:23:12
10:09:24,50.48,0.0,755,3811203,买盘,000063,2025-10-17 22:23:12
10:09:27,50.46,-0.02,1018,5137016,卖盘,000063,2025-10-17 22:23:12
10:09:30,50.44,-0.02,2527,12747246,卖盘,000063,2025-10-17 22:23:12
10:09:33,50.49,0.05,2271,11457507,买盘,000063,2025-10-17 22:23:12
10:09:36,50.47,-0.02,606,3059195,卖盘,000063,2025-10-17 22:23:12
10:09:39,50.46,-0.01,473,2386856,卖盘,000063,2025-10-17 22:23:12
10:09:42,50.47,0.01,557,2810523,买盘,000063,2025-10-17 22:23:12
10:09:45,50.47,0.0,376,1897479,买盘,000063,2025-10-17 22:23:12
10:09:48,50.47,0.0,300,1513821,买盘,000063,2025-10-17 22:23:12
10:09:51,50.46,-0.01,829,4183883,卖盘,000063,2025-10-17 22:23:12
10:09:54,50.47,0.01,356,1795424,卖盘,000063,2025-10-17 22:23:12
10:09:57,50.46,-0.01,463,2336315,卖盘,000063,2025-10-17 22:23:12
10:10:00,50.45,-0.01,546,2755386,卖盘,000063,2025-10-17 22:23:12
10:10:03,50.45,0.0,1277,6444720,卖盘,000063,2025-10-17 22:23:12
10:10:06,50.45,0.0,445,2245071,卖盘,000063,2025-10-17 22:23:12
10:10:09,50.42,-0.03,3324,16757475,卖盘,000063,2025-10-17 22:23:12
10:10:12,50.42,0.0,260,1310808,买盘,000063,2025-10-17 22:23:12
10:10:15,50.36,-0.06,2365,11921971,卖盘,000063,2025-10-17 22:23:12
10:10:18,50.39,0.03,641,3227907,买盘,000063,2025-10-17 22:23:12
10:10:21,50.33,-0.06,1164,5861901,卖盘,000063,2025-10-17 22:23:12
10:10:24,50.33,0.0,214,1077184,买盘,000063,2025-10-17 22:23:12
10:10:27,50.35,0.02,187,941640,买盘,000063,2025-10-17 22:23:12
10:10:30,50.4,0.05,463,2333212,买盘,000063,2025-10-17 22:23:12
10:10:33,50.42,0.02,205,1033389,买盘,000063,2025-10-17 22:23:12
10:10:36,50.42,0.0,210,1058752,买盘,000063,2025-10-17 22:23:12
10:10:39,50.42,0.0,317,1598013,卖盘,000063,2025-10-17 22:23:12
10:10:42,50.41,-0.01,372,1875623,卖盘,000063,2025-10-17 22:23:12
10:10:45,50.4,-0.01,1109,5591762,卖盘,000063,2025-10-17 22:23:12
10:10:48,50.4,0.0,585,2950003,卖盘,000063,2025-10-17 22:23:12
10:10:51,50.4,0.0,459,2313517,卖盘,000063,2025-10-17 22:23:12
10:10:54,50.4,0.0,368,1854935,买盘,000063,2025-10-17 22:23:12
10:10:57,50.41,0.01,359,1809621,买盘,000063,2025-10-17 22:23:12
10:11:00,50.4,-0.01,463,2333596,卖盘,000063,2025-10-17 22:23:12
10:11:03,50.41,0.01,269,1355862,买盘,000063,2025-10-17 22:23:12
10:11:06,50.42,0.01,319,1608082,买盘,000063,2025-10-17 22:23:12
10:11:09,50.45,0.03,160,806814,买盘,000063,2025-10-17 22:23:12
10:11:12,50.5,0.05,162,817707,买盘,000063,2025-10-17 22:23:12
10:11:15,50.5,0.0,362,1828074,买盘,000063,2025-10-17 22:23:12
10:11:18,50.5,0.0,883,4461515,买盘,000063,2025-10-17 22:23:12
10:11:21,50.52,0.02,518,2616402,买盘,000063,2025-10-17 22:23:12
10:11:24,50.53,0.01,158,798407,买盘,000063,2025-10-17 22:23:12
10:11:27,50.53,0.0,163,823847,卖盘,000063,2025-10-17 22:23:12
10:11:30,50.54,0.01,143,722758,买盘,000063,2025-10-17 22:23:12
10:11:33,50.59,0.05,664,3356814,买盘,000063,2025-10-17 22:23:12
10:11:36,50.59,0.0,652,3296643,买盘,000063,2025-10-17 22:23:12
10:11:39,50.58,-0.01,841,4253075,中性盘,000063,2025-10-17 22:23:12
10:11:42,50.62,0.04,462,2337652,买盘,000063,2025-10-17 22:23:12
10:11:45,50.57,-0.05,1772,8965047,卖盘,000063,2025-10-17 22:23:12
10:11:48,50.59,0.02,422,2134968,买盘,000063,2025-10-17 22:23:12
10:11:51,50.6,0.01,379,1918557,买盘,000063,2025-10-17 22:23:12
10:11:54,50.55,-0.05,1252,6330383,卖盘,000063,2025-10-17 22:23:12
10:11:57,50.56,0.01,509,2574377,买盘,000063,2025-10-17 22:23:12
10:12:00,50.55,-0.01,496,2508792,卖盘,000063,2025-10-17 22:23:12
10:12:03,50.53,-0.02,1283,6485619,卖盘,000063,2025-10-17 22:23:12
10:12:06,50.55,0.02,446,2253728,买盘,000063,2025-10-17 22:23:12
10:12:09,50.55,0.0,565,2855950,买盘,000063,2025-10-17 22:23:12
10:12:12,50.5,-0.05,1222,6172221,卖盘,000063,2025-10-17 22:23:12
10:12:15,50.5,0.0,1003,5066349,卖盘,000063,2025-10-17 22:23:12
10:12:18,50.47,-0.03,575,2904517,卖盘,000063,2025-10-17 22:23:12
10:12:21,50.49,0.02,340,1716783,买盘,000063,2025-10-17 22:23:12
10:12:24,50.48,-0.01,265,1337541,卖盘,000063,2025-10-17 22:23:12
10:12:27,50.5,0.02,481,2428816,买盘,000063,2025-10-17 22:23:12
10:12:30,50.47,-0.03,140,706830,卖盘,000063,2025-10-17 22:23:12
10:12:33,50.47,0.0,129,651327,卖盘,000063,2025-10-17 22:23:12
10:12:36,50.47,0.0,436,2200640,卖盘,000063,2025-10-17 22:23:12
10:12:39,50.47,0.0,397,2003871,买盘,000063,2025-10-17 22:23:12
10:12:42,50.47,0.0,226,1140926,卖盘,000063,2025-10-17 22:23:12
10:12:45,50.49,0.02,208,1050100,买盘,000063,2025-10-17 22:23:12
10:12:48,50.5,0.01,491,2479140,买盘,000063,2025-10-17 22:23:12
10:12:51,50.5,0.0,164,827420,买盘,000063,2025-10-17 22:23:12
10:12:54,50.47,-0.03,1428,7209414,卖盘,000063,2025-10-17 22:23:12
10:12:57,50.47,0.0,412,2079184,买盘,000063,2025-10-17 22:23:12
10:13:00,50.46,-0.01,442,2231133,卖盘,000063,2025-10-17 22:23:12
10:13:03,50.48,0.02,90,454205,买盘,000063,2025-10-17 22:23:12
10:13:06,50.49,0.01,259,1307374,买盘,000063,2025-10-17 22:23:12
10:13:09,50.47,-0.02,65,328135,卖盘,000063,2025-10-17 22:23:12
10:13:12,50.49,0.02,290,1463987,买盘,000063,2025-10-17 22:23:12
10:13:15,50.5,0.01,461,2325487,买盘,000063,2025-10-17 22:23:12
10:13:18,50.54,0.04,125,631453,买盘,000063,2025-10-17 22:23:12
10:13:21,50.57,0.03,280,1415647,买盘,000063,2025-10-17 22:23:12
10:13:24,50.57,0.0,478,2415614,买盘,000063,2025-10-17 22:23:12
10:13:27,50.58,0.01,217,1097417,买盘,000063,2025-10-17 22:23:12
10:13:30,50.59,0.01,279,1411342,买盘,000063,2025-10-17 22:23:12
10:13:33,50.59,0.0,290,1466987,买盘,000063,2025-10-17 22:23:12
10:13:36,50.57,-0.02,1254,6343876,卖盘,000063,2025-10-17 22:23:12
10:13:39,50.58,0.01,1270,6424620,中性盘,000063,2025-10-17 22:23:12
10:13:42,50.55,-0.03,574,2903420,卖盘,000063,2025-10-17 22:23:12
10:13:45,50.55,0.0,426,2153392,买盘,000063,2025-10-17 22:23:12
10:13:48,50.55,0.0,730,3690539,买盘,000063,2025-10-17 22:23:12
10:13:51,50.56,0.01,449,2270037,买盘,000063,2025-10-17 22:23:12
10:13:54,50.58,0.02,333,1683804,买盘,000063,2025-10-17 22:23:12
10:13:57,50.57,-0.01,187,945527,中性盘,000063,2025-10-17 22:23:12
10:14:00,50.59,0.02,396,2003003,买盘,000063,2025-10-17 22:23:12
10:14:03,50.47,-0.12,2175,10989100,卖盘,000063,2025-10-17 22:23:12
10:14:06,50.45,-0.02,1180,5952174,卖盘,000063,2025-10-17 22:23:12
10:14:09,50.43,-0.02,519,2616878,中性盘,000063,2025-10-17 22:23:12
10:14:12,50.41,-0.02,662,3337654,中性盘,000063,2025-10-17 22:23:12
10:14:15,50.34,-0.07,2244,11304238,卖盘,000063,2025-10-17 22:23:12
10:14:18,50.43,0.09,696,3507767,买盘,000063,2025-10-17 22:23:12
10:14:21,50.34,-0.09,106,533824,买盘,000063,2025-10-17 22:23:12
10:14:24,50.41,0.07,296,1491403,买盘,000063,2025-10-17 22:23:12
10:14:27,50.46,0.05,516,2602803,买盘,000063,2025-10-17 22:23:12
10:14:30,50.43,-0.03,244,1231346,卖盘,000063,2025-10-17 22:23:12
10:14:33,50.43,0.0,217,1094480,卖盘,000063,2025-10-17 22:23:12
10:14:36,50.42,-0.01,329,1659133,卖盘,000063,2025-10-17 22:23:12
10:14:39,50.39,-0.03,994,5010491,卖盘,000063,2025-10-17 22:23:12
10:14:42,50.43,0.04,1477,7456356,买盘,000063,2025-10-17 22:23:12
10:14:45,50.42,-0.01,244,1231553,卖盘,000063,2025-10-17 22:23:12
10:14:48,50.45,0.03,276,1392639,买盘,000063,2025-10-17 22:23:12
10:14:51,50.43,-0.02,130,655535,卖盘,000063,2025-10-17 22:23:12
10:14:54,50.43,0.0,254,1281095,卖盘,000063,2025-10-17 22:23:12
10:14:57,50.34,-0.09,3531,17782593,卖盘,000063,2025-10-17 22:23:12
10:15:00,50.34,0.0,583,2935458,买盘,000063,2025-10-17 22:23:12
10:15:03,50.34,0.0,1407,7081217,卖盘,000063,2025-10-17 22:23:12
10:15:06,50.34,0.0,942,4742335,卖盘,000063,2025-10-17 22:23:12
10:15:09,50.3,-0.04,1775,8931757,卖盘,000063,2025-10-17 22:23:12
10:15:12,50.23,-0.07,3648,18340975,卖盘,000063,2025-10-17 22:23:12
10:15:15,50.23,0.0,471,2365670,买盘,000063,2025-10-17 22:23:12
10:15:18,50.21,-0.02,459,2305132,卖盘,000063,2025-10-17 22:23:12
10:15:21,50.21,0.0,281,1411356,卖盘,000063,2025-10-17 22:23:12
10:15:24,50.23,0.02,1632,8194705,买盘,000063,2025-10-17 22:23:12
10:15:27,50.23,0.0,272,1365919,卖盘,000063,2025-10-17 22:23:12
10:15:30,50.24,0.01,284,1426545,买盘,000063,2025-10-17 22:23:12
10:15:33,50.23,-0.01,249,1251021,卖盘,000063,2025-10-17 22:23:12
10:15:36,50.26,0.03,189,949723,买盘,000063,2025-10-17 22:23:12
10:15:39,50.27,0.01,993,4988869,买盘,000063,2025-10-17 22:23:12
10:15:42,50.29,0.02,250,1256374,买盘,000063,2025-10-17 22:23:12
10:15:45,50.27,-0.02,156,784248,卖盘,000063,2025-10-17 22:23:12
10:15:48,50.27,0.0,5063,25422877,卖盘,000063,2025-10-17 22:23:12
10:15:51,50.27,0.0,427,2146727,卖盘,000063,2025-10-17 22:23:12
10:15:54,50.28,0.01,485,2438295,买盘,000063,2025-10-17 22:23:12
10:15:57,50.26,-0.02,576,2894864,中性盘,000063,2025-10-17 22:23:12
10:16:00,50.23,-0.03,381,1913867,卖盘,000063,2025-10-17 22:23:12
10:16:03,50.23,0.0,615,3089143,买盘,000063,2025-10-17 22:23:12
10:16:06,50.24,0.01,312,1567218,买盘,000063,2025-10-17 22:23:12
10:16:09,50.24,0.0,211,1059999,买盘,000063,2025-10-17 22:23:12
10:16:12,50.25,0.01,777,3903554,买盘,000063,2025-10-17 22:23:12
10:16:15,50.3,0.05,1100,5528618,买盘,000063,2025-10-17 22:23:12
10:16:18,50.26,-0.04,58,291545,中性盘,000063,2025-10-17 22:23:12
10:16:21,50.3,0.04,673,3383745,买盘,000063,2025-10-17 22:23:12
10:16:24,50.29,-0.01,68,342049,卖盘,000063,2025-10-17 22:23:12
10:16:27,50.31,0.02,181,910485,买盘,000063,2025-10-17 22:23:12
10:16:30,50.32,0.01,122,613914,买盘,000063,2025-10-17 22:23:12
10:16:33,50.33,0.01,81,407623,买盘,000063,2025-10-17 22:23:12
10:16:36,50.34,0.01,164,825521,买盘,000063,2025-10-17 22:23:12
10:16:39,50.35,0.01,186,936279,中性盘,000063,2025-10-17 22:23:12
10:16:42,50.35,0.0,658,3312198,卖盘,000063,2025-10-17 22:23:12
10:16:45,50.35,0.0,314,1581048,买盘,000063,2025-10-17 22:23:12
10:16:48,50.36,0.01,393,1978906,买盘,000063,2025-10-17 22:23:12
10:16:51,50.3,-0.06,1169,5882561,卖盘,000063,2025-10-17 22:23:12
10:16:54,50.27,-0.03,885,4450490,卖盘,000063,2025-10-17 22:23:12
10:16:57,50.26,-0.01,446,2242309,卖盘,000063,2025-10-17 22:23:12
10:17:00,50.26,0.0,403,2026850,卖盘,000063,2025-10-17 22:23:12
10:17:03,50.28,0.02,135,678930,买盘,000063,2025-10-17 22:23:12
10:17:06,50.27,-0.01,319,1603914,卖盘,000063,2025-10-17 22:23:12
10:17:09,50.28,0.01,122,613484,中性盘,000063,2025-10-17 22:23:12
10:17:12,50.3,0.02,463,2329864,买盘,000063,2025-10-17 22:23:12
10:17:15,50.33,0.03,29,145921,中性盘,000063,2025-10-17 22:23:12
10:17:18,50.34,0.01,68,342166,买盘,000063,2025-10-17 22:23:12
10:17:21,50.33,-0.01,334,1681800,买盘,000063,2025-10-17 22:23:12
10:17:24,50.34,0.01,84,422917,中性盘,000063,2025-10-17 22:23:12
10:17:27,50.35,0.01,62,312170,中性盘,000063,2025-10-17 22:23:12
10:17:30,50.38,0.03,319,1606950,买盘,000063,2025-10-17 22:23:12
10:17:33,50.41,0.03,153,770842,买盘,000063,2025-10-17 22:23:12
10:17:36,50.4,-0.01,115,579730,卖盘,000063,2025-10-17 22:23:12
10:17:39,50.37,-0.03,517,2604133,卖盘,000063,2025-10-17 22:23:12
10:17:42,50.37,0.0,374,1883786,买盘,000063,2025-10-17 22:23:12
10:17:45,50.37,0.0,173,871413,买盘,000063,2025-10-17 22:23:12
10:17:48,50.37,0.0,326,1642080,买盘,000063,2025-10-17 22:23:12
10:17:51,50.35,-0.02,928,4673609,卖盘,000063,2025-10-17 22:23:12
10:17:54,50.35,0.0,588,2959718,卖盘,000063,2025-10-17 22:23:12
10:17:57,50.35,0.0,564,2839049,买盘,000063,2025-10-17 22:23:12
10:18:00,50.33,-0.02,290,1459893,中性盘,000063,2025-10-17 22:23:12
10:18:03,50.32,-0.01,548,2757752,卖盘,000063,2025-10-17 22:23:12
10:18:06,50.33,0.01,799,4019283,买盘,000063,2025-10-17 22:23:12
10:18:09,50.3,-0.03,331,1664787,卖盘,000063,2025-10-17 22:23:12
10:18:12,50.27,-0.03,1240,6234478,卖盘,000063,2025-10-17 22:23:12
10:18:15,50.14,-0.13,8752,43932684,卖盘,000063,2025-10-17 22:23:12
10:18:18,50.11,-0.03,828,4150500,卖盘,000063,2025-10-17 22:23:12
10:18:21,50.11,0.0,219,1097921,卖盘,000063,2025-10-17 22:23:12
10:18:24,50.11,0.0,451,2260391,买盘,000063,2025-10-17 22:23:12
10:18:27,50.11,0.0,489,2449837,卖盘,000063,2025-10-17 22:23:12
10:18:30,50.1,-0.01,722,3617549,卖盘,000063,2025-10-17 22:23:12
10:18:33,50.11,0.01,677,3391801,买盘,000063,2025-10-17 22:23:12
10:18:36,50.12,0.01,373,1869418,中性盘,000063,2025-10-17 22:23:12
10:18:39,50.13,0.01,421,2110104,买盘,000063,2025-10-17 22:23:12
10:18:42,50.05,-0.08,8449,42318552,卖盘,000063,2025-10-17 22:23:12
10:18:45,49.97,-0.08,37604,188043922,卖盘,000063,2025-10-17 22:23:12
10:18:48,49.95,-0.02,1477,7377605,卖盘,000063,2025-10-17 22:23:12
10:18:51,49.95,0.0,763,3810800,买盘,000063,2025-10-17 22:23:12
10:18:54,49.99,0.04,1547,7722699,买盘,000063,2025-10-17 22:23:12
10:18:57,50.0,0.01,4163,20768987,买盘,000063,2025-10-17 22:23:12
10:19:00,50.0,0.0,690,3450932,卖盘,000063,2025-10-17 22:23:12
10:19:03,50.0,0.0,881,4404369,卖盘,000063,2025-10-17 22:23:12
10:19:06,50.0,0.0,1983,9922920,卖盘,000063,2025-10-17 22:23:12
10:19:09,50.01,0.01,910,4549951,买盘,000063,2025-10-17 22:23:12
10:19:12,50.02,0.01,205,1025213,买盘,000063,2025-10-17 22:23:12
10:19:15,50.02,0.0,599,2995866,买盘,000063,2025-10-17 22:23:12
10:19:18,50.05,0.03,660,3300818,买盘,000063,2025-10-17 22:23:12
10:19:21,50.06,0.01,136,680585,买盘,000063,2025-10-17 22:23:12
10:19:24,50.04,-0.02,854,4273197,卖盘,000063,2025-10-17 22:23:12
10:19:27,50.06,0.02,500,2502577,买盘,000063,2025-10-17 22:23:12
10:19:30,50.06,0.0,391,1957616,卖盘,000063,2025-10-17 22:23:12
10:19:33,50.07,0.01,305,1527052,卖盘,000063,2025-10-17 22:23:12
10:19:36,50.12,0.05,542,2715534,买盘,000063,2025-10-17 22:23:12
10:19:39,50.08,-0.04,144,721385,中性盘,000063,2025-10-17 22:23:12
10:19:42,50.11,0.03,259,1297207,买盘,000063,2025-10-17 22:23:12
10:19:45,50.09,-0.02,105,525989,中性盘,000063,2025-10-17 22:23:12
10:19:48,50.09,0.0,355,1778809,买盘,000063,2025-10-17 22:23:12
10:19:51,50.08,-0.01,1025,5132814,卖盘,000063,2025-10-17 22:23:12
10:19:54,50.08,0.0,628,3144163,买盘,000063,2025-10-17 22:23:12
10:19:57,50.08,0.0,843,4222235,买盘,000063,2025-10-17 22:23:12
10:20:00,50.09,0.01,394,1973142,买盘,000063,2025-10-17 22:23:12
10:20:03,50.11,0.02,654,3275767,买盘,000063,2025-10-17 22:23:12
10:20:06,50.12,0.01,138,691489,买盘,000063,2025-10-17 22:23:12
10:20:09,50.12,0.0,115,576373,买盘,000063,2025-10-17 22:23:12
10:20:12,50.15,0.03,715,3583251,买盘,000063,2025-10-17 22:23:12
10:20:15,50.17,0.02,243,1218848,买盘,000063,2025-10-17 22:23:12
10:20:18,50.14,-0.03,1138,5708169,卖盘,000063,2025-10-17 22:23:12
10:20:21,50.13,-0.01,640,3207898,卖盘,000063,2025-10-17 22:23:12
10:20:24,50.13,0.0,931,4666747,买盘,000063,2025-10-17 22:23:12
10:20:27,50.13,0.0,334,1674439,卖盘,000063,2025-10-17 22:23:12
10:20:30,50.12,-0.01,746,3739868,卖盘,000063,2025-10-17 22:23:12
10:20:33,50.13,0.01,812,4070229,买盘,000063,2025-10-17 22:23:12
10:20:36,50.14,0.01,356,1784855,买盘,000063,2025-10-17 22:23:12
10:20:39,50.1,-0.04,1213,6079568,卖盘,000063,2025-10-17 22:23:12
10:20:42,50.12,0.02,1236,6194267,买盘,000063,2025-10-17 22:23:12
10:20:45,50.1,-0.02,1516,7596714,卖盘,000063,2025-10-17 22:23:12
10:20:48,50.11,0.01,395,1979342,买盘,000063,2025-10-17 22:23:12
10:20:51,50.1,-0.01,761,3812764,卖盘,000063,2025-10-17 22:23:12
10:20:54,50.1,0.0,732,3667652,卖盘,000063,2025-10-17 22:23:12
10:20:57,50.11,0.01,403,2019423,买盘,000063,2025-10-17 22:23:12
10:21:00,50.11,0.0,512,2565895,卖盘,000063,2025-10-17 22:23:12
10:21:03,50.05,-0.06,4008,20075446,卖盘,000063,2025-10-17 22:23:12
10:21:06,50.02,-0.03,1302,6515571,卖盘,000063,2025-10-17 22:23:12
10:21:09,50.02,0.0,318,1590586,买盘,000063,2025-10-17 22:23:12
10:21:12,50.01,-0.01,1793,8965541,卖盘,000063,2025-10-17 22:23:12
10:21:15,50.02,0.01,997,4985782,买盘,000063,2025-10-17 22:23:12
10:21:18,50.03,0.01,421,2106152,中性盘,000063,2025-10-17 22:23:12
10:21:21,50.05,0.02,205,1025739,买盘,000063,2025-10-17 22:23:12
10:21:24,50.04,-0.01,1108,5543902,卖盘,000063,2025-10-17 22:23:12
10:21:27,50.06,0.02,520,2602999,买盘,000063,2025-10-17 22:23:12
10:21:30,50.07,0.01,366,1832567,买盘,000063,2025-10-17 22:23:12
10:21:33,50.08,0.01,478,2392537,中性盘,000063,2025-10-17 22:23:12
10:21:36,50.08,0.0,75,375618,买盘,000063,2025-10-17 22:23:12
10:21:39,50.09,0.01,138,691301,买盘,000063,2025-10-17 22:23:12
10:21:42,50.09,0.0,127,636160,卖盘,000063,2025-10-17 22:23:12
10:21:45,50.1,0.01,949,4754200,买盘,000063,2025-10-17 22:23:12
10:21:48,50.08,-0.02,678,3395994,卖盘,000063,2025-10-17 22:23:12
10:21:51,50.09,0.01,1540,7714404,中性盘,000063,2025-10-17 22:23:12
10:21:54,50.09,0.0,439,2198556,买盘,000063,2025-10-17 22:23:12
10:21:57,50.08,-0.01,330,1652552,买盘,000063,2025-10-17 22:23:12
10:22:00,50.09,0.01,405,2028654,买盘,000063,2025-10-17 22:23:12
10:22:03,50.08,-0.01,1362,6820973,卖盘,000063,2025-10-17 22:23:12
10:22:06,50.08,0.0,414,2073305,卖盘,000063,2025-10-17 22:23:12
10:22:09,50.09,0.01,197,986616,买盘,000063,2025-10-17 22:23:12
10:22:12,50.08,-0.01,520,2603320,买盘,000063,2025-10-17 22:23:12
10:22:15,50.1,0.02,1392,6973195,买盘,000063,2025-10-17 22:23:12
10:22:18,50.11,0.01,441,2209396,买盘,000063,2025-10-17 22:23:12
10:22:21,50.13,0.02,687,3443064,买盘,000063,2025-10-17 22:23:12
10:22:24,50.13,0.0,442,2215204,买盘,000063,2025-10-17 22:23:12
10:22:27,50.12,-0.01,488,2446130,卖盘,000063,2025-10-17 22:23:12
10:22:30,50.13,0.01,520,2606122,买盘,000063,2025-10-17 22:23:12
10:22:33,50.14,0.01,165,827160,买盘,000063,2025-10-17 22:23:12
10:22:36,50.15,0.01,240,1203264,买盘,000063,2025-10-17 22:23:12
10:22:39,50.15,0.0,297,1489366,买盘,000063,2025-10-17 22:23:12
10:22:42,50.14,-0.01,1339,6713564,卖盘,000063,2025-10-17 22:23:12
10:22:45,50.14,0.0,906,4542277,买盘,000063,2025-10-17 22:23:12
10:22:48,50.15,0.01,206,1032842,买盘,000063,2025-10-17 22:23:12
10:22:51,50.08,-0.07,1856,9298876,卖盘,000063,2025-10-17 22:23:12
10:22:54,50.09,0.01,1339,6706123,买盘,000063,2025-10-17 22:23:12
10:22:57,50.09,0.0,891,4462104,买盘,000063,2025-10-17 22:23:12
10:23:00,50.08,-0.01,599,2999636,卖盘,000063,2025-10-17 22:23:12
10:23:03,50.05,-0.03,1302,6516389,卖盘,000063,2025-10-17 22:23:12
10:23:06,50.05,0.0,735,3678339,买盘,000063,2025-10-17 22:23:12
10:23:09,50.06,0.01,541,2708449,买盘,000063,2025-10-17 22:23:12
10:23:12,50.05,-0.01,233,1166245,卖盘,000063,2025-10-17 22:23:12
10:23:15,50.06,0.01,193,966032,买盘,000063,2025-10-17 22:23:12
10:23:18,50.07,0.01,263,1316563,买盘,000063,2025-10-17 22:23:12
10:23:21,50.08,0.01,351,1757635,买盘,000063,2025-10-17 22:23:12
10:23:24,50.1,0.02,237,1186775,买盘,000063,2025-10-17 22:23:12
10:23:27,50.1,0.0,344,1723185,买盘,000063,2025-10-17 22:23:12
10:23:30,50.11,0.01,503,2519677,买盘,000063,2025-10-17 22:23:12
10:23:33,50.11,0.0,315,1578183,买盘,000063,2025-10-17 22:23:12
10:23:36,50.12,0.01,417,2089454,买盘,000063,2025-10-17 22:23:12
10:23:39,50.11,-0.01,394,1974907,卖盘,000063,2025-10-17 22:23:12
10:23:42,50.11,0.0,1552,7781034,卖盘,000063,2025-10-17 22:23:12
10:23:45,50.11,0.0,269,1347747,买盘,000063,2025-10-17 22:23:12
10:23:48,50.11,0.0,452,2264993,买盘,000063,2025-10-17 22:23:12
10:23:51,50.11,0.0,197,986986,买盘,000063,2025-10-17 22:23:12
10:23:54,50.08,-0.03,1305,6535063,卖盘,000063,2025-10-17 22:23:12
10:23:57,50.04,-0.04,1796,8988610,卖盘,000063,2025-10-17 22:23:12
10:24:00,50.01,-0.03,1624,8123423,卖盘,000063,2025-10-17 22:23:12
10:24:03,50.0,-0.01,4289,21444352,卖盘,000063,2025-10-17 22:23:12
10:24:06,49.98,-0.02,1424,7117518,卖盘,000063,2025-10-17 22:23:12
10:24:09,49.98,0.0,493,2463688,卖盘,000063,2025-10-17 22:23:12
10:24:12,50.01,0.03,314,1569331,买盘,000063,2025-10-17 22:23:12
10:24:15,50.01,0.0,190,949829,买盘,000063,2025-10-17 22:23:12
10:24:18,50.01,0.0,257,1285085,买盘,000063,2025-10-17 22:23:12
10:24:21,50.01,0.0,430,2150223,买盘,000063,2025-10-17 22:23:12
10:24:24,50.03,0.02,379,1895719,买盘,000063,2025-10-17 22:23:12
10:24:27,50.01,-0.02,318,1590373,卖盘,000063,2025-10-17 22:23:12
10:24:30,50.03,0.02,231,1155352,买盘,000063,2025-10-17 22:23:12
10:24:33,50.03,0.0,124,620294,卖盘,000063,2025-10-17 22:23:12
10:24:36,50.05,0.02,265,1325821,买盘,000063,2025-10-17 22:23:12
10:24:39,50.05,0.0,181,905856,卖盘,000063,2025-10-17 22:23:12
10:24:42,50.04,-0.01,170,850694,卖盘,000063,2025-10-17 22:23:12
10:24:45,50.04,0.0,355,1776310,买盘,000063,2025-10-17 22:23:12
10:24:48,50.04,0.0,267,1335962,买盘,000063,2025-10-17 22:23:12
10:24:51,50.04,0.0,234,1170964,卖盘,000063,2025-10-17 22:23:12
10:24:54,50.04,0.0,556,2782248,卖盘,000063,2025-10-17 22:23:12
10:24:57,50.04,0.0,700,3502589,买盘,000063,2025-10-17 22:23:12
10:25:00,50.04,0.0,344,1721408,卖盘,000063,2025-10-17 22:23:12
10:25:03,50.04,0.0,337,1686399,卖盘,000063,2025-10-17 22:23:12
10:25:06,49.99,-0.05,3015,15076939,卖盘,000063,2025-10-17 22:23:12
10:25:09,50.01,0.02,1795,8972264,买盘,000063,2025-10-17 22:23:12
10:25:12,50.01,0.0,481,2404942,买盘,000063,2025-10-17 22:23:12
10:25:15,50.01,0.0,147,735121,卖盘,000063,2025-10-17 22:23:12
10:25:18,50.02,0.01,254,1267844,买盘,000063,2025-10-17 22:23:12
10:25:21,50.02,0.0,211,1055238,买盘,000063,2025-10-17 22:23:12
10:25:24,50.02,0.0,275,1375367,买盘,000063,2025-10-17 22:23:12
10:25:27,50.02,0.0,858,4291602,买盘,000063,2025-10-17 22:23:12
10:25:30,50.03,0.01,260,1300419,买盘,000063,2025-10-17 22:23:12
10:25:33,50.05,0.02,904,4523001,买盘,000063,2025-10-17 22:23:12
10:25:36,50.05,0.0,170,850880,卖盘,000063,2025-10-17 22:23:12
10:25:39,50.06,0.01,68,340383,卖盘,000063,2025-10-17 22:23:12
10:25:42,50.05,-0.01,201,1006078,卖盘,000063,2025-10-17 22:23:12
10:25:45,50.05,0.0,180,900822,中性盘,000063,2025-10-17 22:23:12
10:25:48,50.05,0.0,138,690665,卖盘,000063,2025-10-17 22:23:12
10:25:51,50.05,0.0,255,1276251,买盘,000063,2025-10-17 22:23:12
10:25:54,50.07,0.02,322,1611717,买盘,000063,2025-10-17 22:23:12
10:25:57,50.05,-0.02,50,250291,卖盘,000063,2025-10-17 22:23:12
10:26:00,50.04,-0.01,898,4494330,卖盘,000063,2025-10-17 22:23:12
10:26:03,49.94,-0.1,6196,30968919,卖盘,000063,2025-10-17 22:23:12
10:26:06,49.93,-0.01,517,2582097,卖盘,000063,2025-10-17 22:23:12
10:26:09,49.99,0.06,370,1848015,买盘,000063,2025-10-17 22:23:12
10:26:12,49.99,0.0,255,1273716,买盘,000063,2025-10-17 22:23:12
10:26:15,49.98,-0.01,117,584760,中性盘,000063,2025-10-17 22:23:12
10:26:18,49.99,0.01,319,1594189,买盘,000063,2025-10-17 22:23:12
10:26:21,49.99,0.0,137,684991,卖盘,000063,2025-10-17 22:23:12
10:26:24,50.0,0.01,168,839973,买盘,000063,2025-10-17 22:23:12
10:26:27,50.01,0.01,156,779986,买盘,000063,2025-10-17 22:23:12
10:26:30,50.0,-0.01,90,450067,卖盘,000063,2025-10-17 22:23:12
10:26:33,50.02,0.02,74,370074,买盘,000063,2025-10-17 22:23:12
10:26:36,50.02,0.0,450,2250827,买盘,000063,2025-10-17 22:23:12
10:26:39,50.02,0.0,54,270073,卖盘,000063,2025-10-17 22:23:12
10:26:42,50.02,0.0,338,1690848,买盘,000063,2025-10-17 22:23:12
10:26:45,50.02,0.0,352,1760925,买盘,000063,2025-10-17 22:23:12
10:26:48,50.03,0.01,275,1375701,买盘,000063,2025-10-17 22:23:12
10:26:51,50.03,0.0,47,235134,中性盘,000063,2025-10-17 22:23:12
10:26:54,50.04,0.01,266,1330755,买盘,000063,2025-10-17 22:23:12
10:26:57,50.05,0.01,134,670622,买盘,000063,2025-10-17 22:23:12
10:27:00,50.06,0.01,118,590627,买盘,000063,2025-10-17 22:23:12
10:27:03,50.15,0.09,599,2999137,买盘,000063,2025-10-17 22:23:12
10:27:06,50.15,0.0,47,235614,买盘,000063,2025-10-17 22:23:12
10:27:09,50.11,-0.04,463,2320542,卖盘,000063,2025-10-17 22:23:12
10:27:12,50.06,-0.05,242,1212135,卖盘,000063,2025-10-17 22:23:12
10:27:15,50.09,0.03,84,420783,买盘,000063,2025-10-17 22:23:12
10:27:18,50.09,0.0,302,1512468,买盘,000063,2025-10-17 22:23:12
10:27:21,50.15,0.06,964,4830692,买盘,000063,2025-10-17 22:23:12
10:27:24,50.17,0.02,158,792563,买盘,000063,2025-10-17 22:23:12
10:27:27,50.17,0.0,163,817592,卖盘,000063,2025-10-17 22:23:12
10:27:30,50.17,0.0,274,1374304,买盘,000063,2025-10-17 22:23:12
10:27:33,50.17,0.0,277,1389467,买盘,000063,2025-10-17 22:23:12
10:27:36,50.16,-0.01,658,3299174,卖盘,000063,2025-10-17 22:23:12
10:27:39,50.12,-0.04,545,2732942,卖盘,000063,2025-10-17 22:23:12
10:27:42,50.12,0.0,2644,13248398,买盘,000063,2025-10-17 22:23:12
10:27:45,50.1,-0.02,588,2945556,卖盘,000063,2025-10-17 22:23:12
10:27:48,50.11,0.01,430,2154367,买盘,000063,2025-10-17 22:23:12
10:27:51,50.12,0.01,162,811887,买盘,000063,2025-10-17 22:23:12
10:27:54,50.13,0.01,267,1338475,买盘,000063,2025-10-17 22:23:12
10:27:57,50.14,0.01,70,351000,买盘,000063,2025-10-17 22:23:12
10:28:00,50.13,-0.01,484,2426457,卖盘,000063,2025-10-17 22:23:12
10:28:03,50.11,-0.02,2124,10644336,卖盘,000063,2025-10-17 22:23:12
10:28:06,50.12,0.01,591,2962792,买盘,000063,2025-10-17 22:23:12
10:28:09,50.14,0.02,393,1970224,买盘,000063,2025-10-17 22:23:12
10:28:12,50.13,-0.01,491,2460983,卖盘,000063,2025-10-17 22:23:12
10:28:15,50.15,0.02,194,972711,买盘,000063,2025-10-17 22:23:12
10:28:18,50.15,0.0,536,2688081,买盘,000063,2025-10-17 22:23:12
10:28:21,50.17,0.02,142,712299,买盘,000063,2025-10-17 22:23:12
10:28:24,50.18,0.01,140,702218,买盘,000063,2025-10-17 22:23:12
10:28:27,50.2,0.02,194,973535,买盘,000063,2025-10-17 22:23:12
10:28:30,50.11,-0.09,2988,14980850,卖盘,000063,2025-10-17 22:23:12
10:28:33,50.13,0.02,1326,6644556,买盘,000063,2025-10-17 22:23:12
10:28:36,50.11,-0.02,514,2574944,中性盘,000063,2025-10-17 22:23:12
10:28:39,50.11,0.0,330,1653589,买盘,000063,2025-10-17 22:23:12
10:28:42,50.13,0.02,421,2110001,买盘,000063,2025-10-17 22:23:12
10:28:45,50.14,0.01,92,461218,买盘,000063,2025-10-17 22:23:12
10:28:48,50.14,0.0,82,411137,买盘,000063,2025-10-17 22:23:12
10:28:51,50.15,0.01,140,702081,买盘,000063,2025-10-17 22:23:12
10:28:54,50.15,0.0,149,747241,买盘,000063,2025-10-17 22:23:12
10:28:57,50.16,0.01,209,1048259,买盘,000063,2025-10-17 22:23:12
10:29:00,50.07,-0.09,5818,29166292,卖盘,000063,2025-10-17 22:23:12
10:29:03,50.03,-0.04,1310,6557152,卖盘,000063,2025-10-17 22:23:12
10:29:06,50.01,-0.02,1299,6498028,卖盘,000063,2025-10-17 22:23:12
10:29:09,50.0,-0.01,3612,18060205,卖盘,000063,2025-10-17 22:23:12
10:29:12,50.01,0.01,857,4285402,买盘,000063,2025-10-17 22:23:12
10:29:15,49.98,-0.03,1563,7813301,卖盘,000063,2025-10-17 22:23:12
10:29:18,49.97,-0.01,531,2653478,卖盘,000063,2025-10-17 22:23:12
10:29:21,49.97,0.0,628,3138021,买盘,000063,2025-10-17 22:23:12
10:29:24,49.97,0.0,529,2643439,买盘,000063,2025-10-17 22:23:12
10:29:27,49.98,0.01,274,1368959,买盘,000063,2025-10-17 22:23:12
10:29:30,49.98,0.0,224,1119554,卖盘,000063,2025-10-17 22:23:12
10:29:33,49.98,0.0,465,2324197,买盘,000063,2025-10-17 22:23:12
10:29:36,49.99,0.01,1539,7692088,买盘,000063,2025-10-17 22:23:12
10:29:39,49.96,-0.03,2728,13630249,卖盘,000063,2025-10-17 22:23:12
10:29:42,49.95,-0.01,1480,7392420,卖盘,000063,2025-10-17 22:23:12
10:29:45,49.94,-0.01,3237,16166937,卖盘,000063,2025-10-17 22:23:12
10:29:48,49.9,-0.04,5968,29781768,卖盘,000063,2025-10-17 22:23:12
10:29:51,49.9,0.0,387,1930736,买盘,000063,2025-10-17 22:23:12
10:29:54,49.88,-0.02,480,2394989,卖盘,000063,2025-10-17 22:23:12
10:29:57,49.88,0.0,434,2165386,卖盘,000063,2025-10-17 22:23:12
10:30:00,49.88,0.0,1828,9118009,卖盘,000063,2025-10-17 22:23:12
10:30:03,49.87,-0.01,3056,15238749,卖盘,000063,2025-10-17 22:23:12
10:30:06,49.88,0.01,717,3574549,卖盘,000063,2025-10-17 22:23:12
10:30:09,49.89,0.01,1045,5214260,买盘,000063,2025-10-17 22:23:12
10:30:12,49.89,0.0,131,653631,卖盘,000063,2025-10-17 22:23:12
10:30:15,49.91,0.02,144,718766,买盘,000063,2025-10-17 22:23:12
10:30:18,49.9,-0.01,563,2810333,卖盘,000063,2025-10-17 22:23:12
10:30:21,49.92,0.02,239,1193390,卖盘,000063,2025-10-17 22:23:12
10:30:24,49.96,0.04,60,299735,买盘,000063,2025-10-17 22:23:12
10:30:27,49.93,-0.03,326,1628153,卖盘,000063,2025-10-17 22:23:12
10:30:30,49.94,0.01,718,3584827,买盘,000063,2025-10-17 22:23:12
10:30:33,49.95,0.01,658,3286579,买盘,000063,2025-10-17 22:23:12
10:30:36,49.95,0.0,364,1817796,买盘,000063,2025-10-17 22:23:12
10:30:39,49.95,0.0,831,4148797,买盘,000063,2025-10-17 22:23:12
10:30:42,49.96,0.01,171,854319,买盘,000063,2025-10-17 22:23:12
10:30:45,49.98,0.02,192,959435,买盘,000063,2025-10-17 22:23:12
10:30:48,49.97,-0.01,718,3588775,卖盘,000063,2025-10-17 22:23:12
10:30:51,49.97,0.0,1700,8494423,卖盘,000063,2025-10-17 22:23:12
10:30:54,49.95,-0.02,640,3197116,卖盘,000063,2025-10-17 22:23:12
10:30:57,49.97,0.02,298,1489021,买盘,000063,2025-10-17 22:23:12
10:31:00,49.97,0.0,243,1214357,卖盘,000063,2025-10-17 22:23:12
10:31:03,49.93,-0.04,1564,7812392,卖盘,000063,2025-10-17 22:23:12
10:31:06,49.94,0.01,821,4099628,买盘,000063,2025-10-17 22:23:12
10:31:09,49.95,0.01,156,779023,买盘,000063,2025-10-17 22:23:12
10:31:12,49.96,0.01,109,544469,买盘,000063,2025-10-17 22:23:12
10:31:15,49.96,0.0,2414,12068445,买盘,000063,2025-10-17 22:23:12
10:31:18,49.95,-0.01,112,559543,卖盘,000063,2025-10-17 22:23:12
10:31:21,50.0,0.05,140,699634,买盘,000063,2025-10-17 22:23:12
10:31:24,50.02,0.02,2138,10688118,买盘,000063,2025-10-17 22:23:12
10:31:27,50.06,0.04,104,520515,买盘,000063,2025-10-17 22:23:12
10:31:30,50.05,-0.01,147,735886,中性盘,000063,2025-10-17 22:23:12
10:31:33,50.08,0.03,97,485666,买盘,000063,2025-10-17 22:23:12
10:31:36,50.08,0.0,317,1587835,卖盘,000063,2025-10-17 22:23:12
10:31:39,50.09,0.01,218,1092090,买盘,000063,2025-10-17 22:23:12
10:31:42,50.09,0.0,51,255471,买盘,000063,2025-10-17 22:23:12
10:31:45,50.06,-0.03,1500,7513581,卖盘,000063,2025-10-17 22:23:12
10:31:48,50.09,0.03,442,2213640,买盘,000063,2025-10-17 22:23:12
10:31:51,50.1,0.01,313,1568064,中性盘,000063,2025-10-17 22:23:12
10:31:54,50.11,0.01,449,2249671,中性盘,000063,2025-10-17 22:23:12
10:31:57,50.11,0.0,303,1518281,买盘,000063,2025-10-17 22:23:12
10:32:00,50.12,0.01,265,1328491,中性盘,000063,2025-10-17 22:23:12
10:32:03,50.1,-0.02,831,4164231,卖盘,000063,2025-10-17 22:23:12
10:32:06,50.03,-0.07,2006,10045772,卖盘,000063,2025-10-17 22:23:12
10:32:09,49.96,-0.07,4730,23621209,卖盘,000063,2025-10-17 22:23:12
10:32:12,49.95,-0.01,246,1229015,中性盘,000063,2025-10-17 22:23:12
10:32:15,49.98,0.03,232,1159151,买盘,000063,2025-10-17 22:23:12
10:32:18,49.99,0.01,95,474857,买盘,000063,2025-10-17 22:23:12
10:32:21,49.99,0.0,775,3872497,买盘,000063,2025-10-17 22:23:12
10:32:24,49.99,0.0,627,3134950,卖盘,000063,2025-10-17 22:23:12
10:32:27,49.99,0.0,567,2834781,卖盘,000063,2025-10-17 22:23:12
10:32:30,50.0,0.01,760,3799894,买盘,000063,2025-10-17 22:23:12
10:32:33,50.0,0.0,661,3304984,买盘,000063,2025-10-17 22:23:12
10:32:36,50.04,0.04,1777,8885146,买盘,000063,2025-10-17 22:23:12
10:32:39,50.06,0.02,37,185161,买盘,000063,2025-10-17 22:23:12
10:32:42,50.06,0.0,86,430510,卖盘,000063,2025-10-17 22:23:12
10:32:45,50.07,0.01,393,1967570,买盘,000063,2025-10-17 22:23:12
10:32:48,50.07,0.0,370,1852657,买盘,000063,2025-10-17 22:23:12
10:32:51,50.07,0.0,134,670966,卖盘,000063,2025-10-17 22:23:12
10:32:54,50.08,0.01,184,921484,买盘,000063,2025-10-17 22:23:12
10:32:57,50.1,0.02,878,4398604,买盘,000063,2025-10-17 22:23:12
10:33:00,50.11,0.01,463,2319765,买盘,000063,2025-10-17 22:23:12
10:33:03,50.12,0.01,209,1047143,买盘,000063,2025-10-17 22:23:12
10:33:06,50.11,-0.01,229,1147464,卖盘,000063,2025-10-17 22:23:12
10:33:09,50.12,0.01,435,2180329,买盘,000063,2025-10-17 22:23:12
10:33:12,50.14,0.02,258,1293329,买盘,000063,2025-10-17 22:23:12
10:33:15,50.13,-0.01,279,1398711,卖盘,000063,2025-10-17 22:23:12
10:33:18,50.14,0.01,202,1012692,买盘,000063,2025-10-17 22:23:12
10:33:21,50.15,0.01,662,3319406,买盘,000063,2025-10-17 22:23:12
10:33:24,50.15,0.0,189,947758,卖盘,000063,2025-10-17 22:23:12
10:33:27,50.15,0.0,317,1589605,买盘,000063,2025-10-17 22:23:12
10:33:30,50.16,0.01,544,2728166,买盘,000063,2025-10-17 22:23:12
10:33:33,50.15,-0.01,598,2998912,卖盘,000063,2025-10-17 22:23:12
10:33:36,50.08,-0.07,2348,11766775,卖盘,000063,2025-10-17 22:23:12
10:33:39,50.1,0.02,1577,7898564,买盘,000063,2025-10-17 22:23:12
10:33:42,50.09,-0.01,429,2149686,卖盘,000063,2025-10-17 22:23:12
10:33:45,50.1,0.01,345,1727979,买盘,000063,2025-10-17 22:23:12
10:33:48,50.1,0.0,442,2214484,买盘,000063,2025-10-17 22:23:12
10:33:51,50.1,0.0,514,2575282,卖盘,000063,2025-10-17 22:23:12
10:33:54,50.12,0.02,225,1127435,买盘,000063,2025-10-17 22:23:12
10:33:57,50.11,-0.01,160,801786,卖盘,000063,2025-10-17 22:23:12
10:34:00,50.11,0.0,291,1458346,卖盘,000063,2025-10-17 22:23:12
10:34:03,50.1,-0.01,671,3363179,卖盘,000063,2025-10-17 22:23:12
10:34:06,50.13,0.03,147,736775,买盘,000063,2025-10-17 22:23:12
10:34:09,50.12,-0.01,810,4059773,卖盘,000063,2025-10-17 22:23:12
10:34:12,50.13,0.01,600,3008265,买盘,000063,2025-10-17 22:23:12
10:34:15,50.13,0.0,248,1243258,卖盘,000063,2025-10-17 22:23:12
10:34:18,50.14,0.01,279,1398663,买盘,000063,2025-10-17 22:23:12
10:34:21,50.14,0.0,802,4020698,买盘,000063,2025-10-17 22:23:12
10:34:24,50.15,0.01,1100,5520021,买盘,000063,2025-10-17 22:23:12
10:34:27,50.15,0.0,316,1584609,买盘,000063,2025-10-17 22:23:12
10:34:30,50.16,0.01,326,1634788,买盘,000063,2025-10-17 22:23:12
10:34:33,50.16,0.0,453,2272587,买盘,000063,2025-10-17 22:23:12
10:34:36,50.16,0.0,101,506659,卖盘,000063,2025-10-17 22:23:12
10:34:39,50.16,0.0,148,742456,卖盘,000063,2025-10-17 22:23:12
10:34:42,50.09,-0.07,4190,21001109,卖盘,000063,2025-10-17 22:23:12
10:34:45,50.12,0.03,1813,9085695,买盘,000063,2025-10-17 22:23:12
10:34:48,50.11,-0.01,738,3697362,中性盘,000063,2025-10-17 22:23:12
10:34:51,50.11,0.0,322,1613466,买盘,000063,2025-10-17 22:23:12
10:34:54,50.1,-0.01,364,1823480,卖盘,000063,2025-10-17 22:23:12
10:34:57,50.05,-0.05,389,1948358,卖盘,000063,2025-10-17 22:23:12
10:35:00,50.09,0.04,240,1202422,中性盘,000063,2025-10-17 22:23:12
10:35:03,50.09,0.0,108,541027,卖盘,000063,2025-10-17 22:23:12
10:35:06,50.1,0.01,796,3987369,买盘,000063,2025-10-17 22:23:12
10:35:09,50.1,0.0,353,1768270,买盘,000063,2025-10-17 22:23:12
10:35:12,50.1,0.0,270,1352701,买盘,000063,2025-10-17 22:23:12
10:35:15,50.1,0.0,258,1292831,卖盘,000063,2025-10-17 22:23:12
10:35:18,50.12,0.02,284,1423058,买盘,000063,2025-10-17 22:23:12
10:35:21,50.12,0.0,285,1428477,卖盘,000063,2025-10-17 22:23:12
10:35:24,50.13,0.01,409,2049903,买盘,000063,2025-10-17 22:23:12
10:35:27,50.13,0.0,390,1955032,买盘,000063,2025-10-17 22:23:12
10:35:30,50.05,-0.08,3518,17613307,卖盘,000063,2025-10-17 22:23:12
10:35:33,50.07,0.02,511,2558783,买盘,000063,2025-10-17 22:23:12
10:35:36,50.1,0.03,821,4112595,买盘,000063,2025-10-17 22:23:12
10:35:39,50.13,0.03,123,616377,买盘,000063,2025-10-17 22:23:12
10:35:42,50.12,-0.01,293,1469068,中性盘,000063,2025-10-17 22:23:12
10:35:45,50.12,0.0,303,1519374,中性盘,000063,2025-10-17 22:23:12
10:35:48,50.14,0.02,350,1754898,买盘,000063,2025-10-17 22:23:12
10:35:51,50.14,0.0,201,1007981,卖盘,000063,2025-10-17 22:23:12
10:35:54,50.14,0.0,364,1825478,买盘,000063,2025-10-17 22:23:12
10:35:57,50.17,0.03,308,1545107,买盘,000063,2025-10-17 22:23:12
10:36:00,50.1,-0.07,1476,7397579,卖盘,000063,2025-10-17 22:23:12
10:36:03,50.1,0.0,2648,13266756,卖盘,000063,2025-10-17 22:23:12
10:36:06,50.09,-0.01,1076,5390290,卖盘,000063,2025-10-17 22:23:12
10:36:09,50.1,0.01,621,3110384,买盘,000063,2025-10-17 22:23:12
10:36:12,50.09,-0.01,402,2014488,中性盘,000063,2025-10-17 22:23:12
10:36:15,50.1,0.01,730,3658165,卖盘,000063,2025-10-17 22:23:12
10:36:18,50.08,-0.02,881,4413443,卖盘,000063,2025-10-17 22:23:12
10:36:21,50.08,0.0,1323,6627815,卖盘,000063,2025-10-17 22:23:12
10:36:24,50.08,0.0,296,1482200,买盘,000063,2025-10-17 22:23:12
10:36:27,50.09,0.01,477,2388435,买盘,000063,2025-10-17 22:23:12
10:36:30,50.09,0.0,321,1607972,卖盘,000063,2025-10-17 22:23:12
10:36:33,50.09,0.0,283,1417351,买盘,000063,2025-10-17 22:23:12
10:36:36,50.1,0.01,248,1242282,买盘,000063,2025-10-17 22:23:12
10:36:39,50.09,-0.01,236,1182170,卖盘,000063,2025-10-17 22:23:12
10:36:42,50.08,-0.01,739,3701428,卖盘,000063,2025-10-17 22:23:12
10:36:45,50.08,0.0,617,3090236,买盘,000063,2025-10-17 22:23:12
10:36:48,50.08,0.0,287,1437469,卖盘,000063,2025-10-17 22:23:12
10:36:51,50.11,0.03,437,2189767,买盘,000063,2025-10-17 22:23:12
10:36:54,50.1,-0.01,156,781701,卖盘,000063,2025-10-17 22:23:12
10:36:57,50.1,0.0,146,731538,卖盘,000063,2025-10-17 22:23:12
10:37:00,50.09,-0.01,481,2409880,卖盘,000063,2025-10-17 22:23:12
10:37:03,50.06,-0.03,2324,11635912,卖盘,000063,2025-10-17 22:23:12
10:37:06,50.04,-0.02,338,1691746,卖盘,000063,2025-10-17 22:23:12
10:37:09,50.1,0.06,1198,6000611,买盘,000063,2025-10-17 22:23:12
10:37:12,50.1,0.0,175,876458,买盘,000063,2025-10-17 22:23:12
10:37:15,50.14,0.04,335,1679049,买盘,000063,2025-10-17 22:23:12
10:37:18,50.12,-0.02,84,421028,卖盘,000063,2025-10-17 22:23:12
10:37:21,50.15,0.03,439,2201955,买盘,000063,2025-10-17 22:23:12
10:37:24,50.18,0.03,306,1535143,买盘,000063,2025-10-17 22:23:12
10:37:27,50.19,0.01,155,777695,买盘,000063,2025-10-17 22:23:12
10:37:30,50.19,0.0,245,1229648,买盘,000063,2025-10-17 22:23:12
10:37:33,50.2,0.01,110,552141,买盘,000063,2025-10-17 22:23:12
10:37:36,50.19,-0.01,477,2394527,卖盘,000063,2025-10-17 22:23:12
10:37:39,50.16,-0.03,295,1480240,卖盘,000063,2025-10-17 22:23:12
10:37:42,50.17,0.01,636,3189842,买盘,000063,2025-10-17 22:23:12
10:37:45,50.09,-0.08,931,4664961,卖盘,000063,2025-10-17 22:23:12
10:37:48,50.1,0.01,379,1898774,买盘,000063,2025-10-17 22:23:12
10:37:51,50.1,0.0,255,1277695,卖盘,000063,2025-10-17 22:23:12
10:37:54,50.12,0.02,469,2350066,买盘,000063,2025-10-17 22:23:12
10:37:57,50.12,0.0,133,666546,买盘,000063,2025-10-17 22:23:12
10:38:00,50.12,0.0,109,546260,买盘,000063,2025-10-17 22:23:12
10:38:03,50.11,-0.01,850,4259551,卖盘,000063,2025-10-17 22:23:12
10:38:06,50.11,0.0,451,2260133,买盘,000063,2025-10-17 22:23:12
10:38:09,50.12,0.01,586,2936497,买盘,000063,2025-10-17 22:23:12
10:38:12,50.13,0.01,184,922393,买盘,000063,2025-10-17 22:23:12
10:38:15,50.14,0.01,977,4896510,买盘,000063,2025-10-17 22:23:12
10:38:18,50.17,0.03,392,1966388,买盘,000063,2025-10-17 22:23:12
10:38:21,50.19,0.02,197,988647,买盘,000063,2025-10-17 22:23:12
10:38:24,50.21,0.02,159,798256,买盘,000063,2025-10-17 22:23:12
10:38:27,50.21,0.0,319,1601616,买盘,000063,2025-10-17 22:23:12
10:38:30,50.22,0.01,304,1526918,买盘,000063,2025-10-17 22:23:12
10:38:33,50.25,0.03,428,2150214,买盘,000063,2025-10-17 22:23:12
10:38:36,50.27,0.02,497,2497752,买盘,000063,2025-10-17 22:23:12
10:38:39,50.26,-0.01,950,4776819,卖盘,000063,2025-10-17 22:23:12
10:38:42,50.28,0.02,333,1674324,买盘,000063,2025-10-17 22:23:12
10:38:45,50.25,-0.03,1613,8110087,卖盘,000063,2025-10-17 22:23:12
10:38:48,50.26,0.01,837,4207170,买盘,000063,2025-10-17 22:23:12
10:38:51,50.26,0.0,766,3849899,中性盘,000063,2025-10-17 22:23:12
10:38:54,50.27,0.01,894,4495222,买盘,000063,2025-10-17 22:23:12
10:38:57,50.25,-0.02,1404,7057469,卖盘,000063,2025-10-17 22:23:12
10:39:00,50.27,0.02,570,2866010,买盘,000063,2025-10-17 22:23:12
10:39:03,50.29,0.02,461,2318082,买盘,000063,2025-10-17 22:23:12
10:39:06,50.31,0.02,415,2087277,买盘,000063,2025-10-17 22:23:12
10:39:09,50.3,-0.01,384,1931773,卖盘,000063,2025-10-17 22:23:12
10:39:12,50.32,0.02,1320,6638563,买盘,000063,2025-10-17 22:23:12
10:39:15,50.33,0.01,195,981321,买盘,000063,2025-10-17 22:23:12
10:39:18,50.3,-0.03,6507,32736896,卖盘,000063,2025-10-17 22:23:12
10:39:21,50.3,0.0,1955,9829812,买盘,000063,2025-10-17 22:23:12
10:39:24,50.31,0.01,525,2641213,买盘,000063,2025-10-17 22:23:12
10:39:27,50.3,-0.01,799,4019549,卖盘,000063,2025-10-17 22:23:12
10:39:30,50.32,0.02,804,4045571,买盘,000063,2025-10-17 22:23:12
10:39:33,50.33,0.01,541,2722544,买盘,000063,2025-10-17 22:23:12
10:39:36,50.33,0.0,472,2376017,买盘,000063,2025-10-17 22:23:12
10:39:39,50.34,0.01,1005,5058850,买盘,000063,2025-10-17 22:23:12
10:39:42,50.34,0.0,1185,5964607,买盘,000063,2025-10-17 22:23:12
10:39:45,50.34,0.0,711,3579444,卖盘,000063,2025-10-17 22:23:12
10:39:48,50.35,0.01,1187,5975754,买盘,000063,2025-10-17 22:23:12
10:39:51,50.36,0.01,1391,7004115,买盘,000063,2025-10-17 22:23:12
10:39:54,50.34,-0.02,1147,5773899,买盘,000063,2025-10-17 22:23:12
10:39:57,50.34,0.0,670,3372494,买盘,000063,2025-10-17 22:23:12
10:40:00,50.34,0.0,389,1958571,卖盘,000063,2025-10-17 22:23:12
10:40:03,50.35,0.01,1289,6490559,买盘,000063,2025-10-17 22:23:12
10:40:06,50.36,0.01,524,2638573,买盘,000063,2025-10-17 22:23:12
10:40:09,50.37,0.01,498,2507728,买盘,000063,2025-10-17 22:23:12
10:40:12,50.37,0.0,163,820988,买盘,000063,2025-10-17 22:23:12
10:40:15,50.37,0.0,499,2513530,买盘,000063,2025-10-17 22:23:12
10:40:18,50.39,0.02,491,2473486,买盘,000063,2025-10-17 22:23:12
10:40:21,50.39,0.0,999,5033098,买盘,000063,2025-10-17 22:23:12
10:40:24,50.4,0.01,421,2121376,买盘,000063,2025-10-17 22:23:12
10:40:27,50.4,0.0,812,4092377,中性盘,000063,2025-10-17 22:23:12
10:40:30,50.44,0.04,986,4969527,买盘,000063,2025-10-17 22:23:12
10:40:33,50.4,-0.04,740,3731470,卖盘,000063,2025-10-17 22:23:12
10:40:36,50.39,-0.01,654,3296682,卖盘,000063,2025-10-17 22:23:12
10:40:39,50.4,0.01,802,4042246,买盘,000063,2025-10-17 22:23:12
10:40:42,50.41,0.01,1068,5385744,买盘,000063,2025-10-17 22:23:12
10:40:45,50.41,0.0,858,4325489,卖盘,000063,2025-10-17 22:23:12
10:40:48,50.41,0.0,812,4093821,卖盘,000063,2025-10-17 22:23:12
10:40:51,50.41,0.0,696,3507824,买盘,000063,2025-10-17 22:23:12
10:40:54,50.41,0.0,669,3372052,买盘,000063,2025-10-17 22:23:12
10:40:57,50.42,0.01,958,4831007,中性盘,000063,2025-10-17 22:23:12
10:41:00,50.43,0.01,808,4073649,买盘,000063,2025-10-17 22:23:12
10:41:03,50.4,-0.03,651,3282506,卖盘,000063,2025-10-17 22:23:12
10:41:06,50.43,0.03,459,2314721,中性盘,000063,2025-10-17 22:23:12
10:41:09,50.41,-0.02,231,1164748,卖盘,000063,2025-10-17 22:23:12
10:41:12,50.45,0.04,245,1235818,买盘,000063,2025-10-17 22:23:12
10:41:15,50.44,-0.01,75,378398,卖盘,000063,2025-10-17 22:23:12
10:41:18,50.45,0.01,208,1049444,买盘,000063,2025-10-17 22:23:12
10:41:21,50.45,0.0,311,1569087,买盘,000063,2025-10-17 22:23:12
10:41:24,50.4,-0.05,4584,23110035,卖盘,000063,2025-10-17 22:23:12
10:41:27,50.4,0.0,877,4423169,买盘,000063,2025-10-17 22:23:12
10:41:30,50.37,-0.03,1054,5314685,卖盘,000063,2025-10-17 22:23:12
10:41:33,50.36,-0.01,418,2105688,卖盘,000063,2025-10-17 22:23:12
10:41:36,50.35,-0.01,1093,5503564,卖盘,000063,2025-10-17 22:23:12
10:41:39,50.3,-0.05,561,2823849,卖盘,000063,2025-10-17 22:23:12
10:41:42,50.35,0.05,235,1183220,买盘,000063,2025-10-17 22:23:12
10:41:45,50.33,-0.02,43,216468,卖盘,000063,2025-10-17 22:23:12
10:41:48,50.34,0.01,161,810574,买盘,000063,2025-10-17 22:23:12
10:41:51,50.34,0.0,891,4486729,买盘,000063,2025-10-17 22:23:12
10:41:54,50.35,0.01,131,659681,买盘,000063,2025-10-17 22:23:12
10:41:57,50.35,0.0,168,845875,买盘,000063,2025-10-17 22:23:12
10:42:00,50.36,0.01,225,1133479,买盘,000063,2025-10-17 22:23:12
10:42:03,50.36,0.0,115,579233,卖盘,000063,2025-10-17 22:23:12
10:42:06,50.38,0.02,111,559154,买盘,000063,2025-10-17 22:23:12
10:42:09,50.38,0.0,125,629786,卖盘,000063,2025-10-17 22:23:12
10:42:12,50.39,0.01,63,317428,买盘,000063,2025-10-17 22:23:12
10:42:15,50.39,0.0,118,594638,卖盘,000063,2025-10-17 22:23:12
10:42:18,50.4,0.01,136,685422,买盘,000063,2025-10-17 22:23:12
10:42:21,50.41,0.01,160,806677,买盘,000063,2025-10-17 22:23:12
10:42:24,50.41,0.0,188,947825,卖盘,000063,2025-10-17 22:23:12
10:42:27,50.41,0.0,81,408397,卖盘,000063,2025-10-17 22:23:12
10:42:30,50.43,0.02,193,973313,买盘,000063,2025-10-17 22:23:12
10:42:33,50.41,-0.02,2029,10227566,卖盘,000063,2025-10-17 22:23:12
10:42:36,50.4,-0.01,975,4914295,卖盘,000063,2025-10-17 22:23:12
10:42:39,50.38,-0.02,407,2050861,卖盘,000063,2025-10-17 22:23:12
10:42:42,50.36,-0.02,484,2439174,卖盘,000063,2025-10-17 22:23:12
10:42:45,50.37,0.01,456,2297132,中性盘,000063,2025-10-17 22:23:12
10:42:48,50.36,-0.01,251,1265970,卖盘,000063,2025-10-17 22:23:12
10:42:51,50.36,0.0,310,1561264,卖盘,000063,2025-10-17 22:23:12
10:42:54,50.36,0.0,201,1012223,卖盘,000063,2025-10-17 22:23:12
10:42:57,50.33,-0.03,898,4519648,卖盘,000063,2025-10-17 22:23:12
10:43:00,50.33,0.0,651,3278506,卖盘,000063,2025-10-17 22:23:12
10:43:03,50.3,-0.03,1169,5882142,卖盘,000063,2025-10-17 22:23:12
10:43:06,50.33,0.03,697,3506310,买盘,000063,2025-10-17 22:23:12
10:43:09,50.33,0.0,61,306928,买盘,000063,2025-10-17 22:23:12
10:43:12,50.32,-0.01,410,2063806,中性盘,000063,2025-10-17 22:23:12
10:43:15,50.36,0.04,110,553762,买盘,000063,2025-10-17 22:23:12
10:43:18,50.34,-0.02,141,710364,卖盘,000063,2025-10-17 22:23:12
10:43:21,50.33,-0.01,123,619162,卖盘,000063,2025-10-17 22:23:12
10:43:24,50.36,0.03,83,417999,买盘,000063,2025-10-17 22:23:12
10:43:27,50.37,0.01,402,2025065,买盘,000063,2025-10-17 22:23:12
10:43:30,50.37,0.0,201,1012256,卖盘,000063,2025-10-17 22:23:12
10:43:33,50.37,0.0,230,1158380,买盘,000063,2025-10-17 22:23:12
10:43:36,50.38,0.01,81,408086,买盘,000063,2025-10-17 22:23:12
10:43:39,50.38,0.0,79,398019,卖盘,000063,2025-10-17 22:23:12
10:43:42,50.38,0.0,52,261997,卖盘,000063,2025-10-17 22:23:12
10:43:45,50.4,0.02,201,1012957,买盘,000063,2025-10-17 22:23:12
10:43:48,50.39,-0.01,99,498968,卖盘,000063,2025-10-17 22:23:12
10:43:51,50.39,0.0,708,3568745,卖盘,000063,2025-10-17 22:23:12
10:43:54,50.4,0.01,220,1108801,买盘,000063,2025-10-17 22:23:12
10:43:57,50.4,0.0,116,584654,卖盘,000063,2025-10-17 22:23:12
10:44:00,50.4,0.0,158,796331,卖盘,000063,2025-10-17 22:23:12
10:44:03,50.41,0.01,641,3230853,买盘,000063,2025-10-17 22:23:12
10:44:06,50.37,-0.04,1029,5185322,卖盘,000063,2025-10-17 22:23:12
10:44:09,50.34,-0.03,1166,5872202,卖盘,000063,2025-10-17 22:23:12
10:44:12,50.33,-0.01,223,1122450,卖盘,000063,2025-10-17 22:23:12
10:44:15,50.32,-0.01,235,1182696,卖盘,000063,2025-10-17 22:23:12
10:44:18,50.31,-0.01,259,1303415,卖盘,000063,2025-10-17 22:23:12
10:44:21,50.3,-0.01,734,3692275,卖盘,000063,2025-10-17 22:23:12
10:44:24,50.28,-0.02,1054,5301080,卖盘,000063,2025-10-17 22:23:12
10:44:27,50.26,-0.02,423,2126271,卖盘,000063,2025-10-17 22:23:12
10:44:30,50.24,-0.02,276,1386845,卖盘,000063,2025-10-17 22:23:12
10:44:33,50.23,-0.01,297,1492155,卖盘,000063,2025-10-17 22:23:12
10:44:36,50.24,0.01,170,853982,买盘,000063,2025-10-17 22:23:12
10:44:39,50.21,-0.03,128,642886,卖盘,000063,2025-10-17 22:23:12
10:44:42,50.18,-0.03,518,2600292,卖盘,000063,2025-10-17 22:23:12
10:44:45,50.19,0.01,88,441664,买盘,000063,2025-10-17 22:23:12
10:44:48,50.18,-0.01,60,301079,卖盘,000063,2025-10-17 22:23:12
10:44:51,50.18,0.0,93,466659,买盘,000063,2025-10-17 22:23:12
10:44:54,50.18,0.0,262,1314232,买盘,000063,2025-10-17 22:23:12
10:44:57,50.14,-0.04,384,1925140,卖盘,000063,2025-10-17 22:23:12
10:45:00,50.14,0.0,111,556514,卖盘,000063,2025-10-17 22:23:12
10:45:03,50.12,-0.02,951,4766848,卖盘,000063,2025-10-17 22:23:12
10:45:06,50.09,-0.03,2364,11843300,卖盘,000063,2025-10-17 22:23:12
10:45:09,50.08,-0.01,385,1928322,卖盘,000063,2025-10-17 22:23:12
10:45:12,50.07,-0.01,206,1031528,卖盘,000063,2025-10-17 22:23:12
10:45:15,50.05,-0.02,523,2618504,卖盘,000063,2025-10-17 22:23:12
10:45:18,50.05,0.0,527,2637896,卖盘,000063,2025-10-17 22:23:12
10:45:21,50.05,0.0,348,1741577,卖盘,000063,2025-10-17 22:23:12
10:45:24,50.04,-0.01,391,1956632,中性盘,000063,2025-10-17 22:23:12
10:45:27,50.04,0.0,263,1315966,买盘,000063,2025-10-17 22:23:12
10:45:30,50.05,0.01,694,3472137,买盘,000063,2025-10-17 22:23:12
10:45:33,50.05,0.0,349,1746765,买盘,000063,2025-10-17 22:23:12
10:45:36,50.07,0.02,125,625837,买盘,000063,2025-10-17 22:23:12
10:45:39,50.07,0.0,1236,6185219,买盘,000063,2025-10-17 22:23:12
10:45:42,50.07,0.0,187,936054,卖盘,000063,2025-10-17 22:23:12
10:45:45,50.08,0.01,313,1567505,买盘,000063,2025-10-17 22:23:12
10:45:48,50.09,0.01,44,220374,买盘,000063,2025-10-17 22:23:12
10:45:51,50.09,0.0,45,225393,买盘,000063,2025-10-17 22:23:12
10:45:54,50.08,-0.01,1049,5253707,卖盘,000063,2025-10-17 22:23:12
10:45:57,50.1,0.02,435,2178643,买盘,000063,2025-10-17 22:23:12
10:46:00,50.1,0.0,97,485982,卖盘,000063,2025-10-17 22:23:12
10:46:03,50.11,0.01,1034,5180037,买盘,000063,2025-10-17 22:23:12
10:46:06,50.1,-0.01,512,2564608,卖盘,000063,2025-10-17 22:23:12
10:46:09,50.06,-0.04,467,2338377,卖盘,000063,2025-10-17 22:23:12
10:46:12,50.11,0.05,998,4997712,买盘,000063,2025-10-17 22:23:12
10:46:15,50.05,-0.06,146,730877,卖盘,000063,2025-10-17 22:23:12
10:46:18,50.06,0.01,156,780940,买盘,000063,2025-10-17 22:23:12
10:46:21,50.07,0.01,157,786105,中性盘,000063,2025-10-17 22:23:12
10:46:24,50.07,0.0,144,720934,买盘,000063,2025-10-17 22:23:12
10:46:27,50.08,0.01,72,360555,中性盘,000063,2025-10-17 22:23:12
10:46:30,50.09,0.01,43,215358,买盘,000063,2025-10-17 22:23:12
10:46:33,50.09,0.0,102,510896,买盘,000063,2025-10-17 22:23:12
10:46:36,50.09,0.0,248,1242280,买盘,000063,2025-10-17 22:23:12
10:46:39,50.09,0.0,68,340615,卖盘,000063,2025-10-17 22:23:12
10:46:42,50.1,0.01,179,896784,买盘,000063,2025-10-17 22:23:12
10:46:45,50.11,0.01,45,225489,买盘,000063,2025-10-17 22:23:12
10:46:48,50.11,0.0,204,1022092,买盘,000063,2025-10-17 22:23:12
10:46:51,50.11,0.0,63,315752,卖盘,000063,2025-10-17 22:23:12
10:46:54,50.13,0.02,40,200470,买盘,000063,2025-10-17 22:23:12
10:46:57,50.12,-0.01,176,882077,卖盘,000063,2025-10-17 22:23:12
10:47:00,50.1,-0.02,1472,7376795,卖盘,000063,2025-10-17 22:23:12
10:47:03,50.07,-0.03,2886,14453711,卖盘,000063,2025-10-17 22:23:12
10:47:06,50.06,-0.01,1026,5136673,卖盘,000063,2025-10-17 22:23:12
10:47:09,50.08,0.02,502,2513439,买盘,000063,2025-10-17 22:23:12
10:47:12,50.09,0.01,109,545730,买盘,000063,2025-10-17 22:23:12
10:47:15,50.07,-0.02,71,355462,中性盘,000063,2025-10-17 22:23:12
10:47:18,50.06,-0.01,259,1296598,卖盘,000063,2025-10-17 22:23:12
10:47:21,50.06,0.0,347,1737420,卖盘,000063,2025-10-17 22:23:12
10:47:24,50.07,0.01,157,786141,买盘,000063,2025-10-17 22:23:12
10:47:27,50.07,0.0,396,1982816,卖盘,000063,2025-10-17 22:23:12
10:47:30,50.08,0.01,134,671016,买盘,000063,2025-10-17 22:23:12
10:47:33,50.08,0.0,61,305471,买盘,000063,2025-10-17 22:23:12
10:47:36,50.08,0.0,170,851220,买盘,000063,2025-10-17 22:23:12
10:47:39,50.09,0.01,155,774205,买盘,000063,2025-10-17 22:23:12
10:47:42,50.09,0.0,214,1071754,买盘,000063,2025-10-17 22:23:12
10:47:45,50.09,0.0,114,571031,买盘,000063,2025-10-17 22:23:12
10:47:48,50.08,-0.01,105,525934,卖盘,000063,2025-10-17 22:23:12
10:47:51,50.09,0.01,281,1407415,买盘,000063,2025-10-17 22:23:12
10:47:54,50.09,0.0,178,891487,买盘,000063,2025-10-17 22:23:12
10:47:57,50.09,0.0,229,1146819,买盘,000063,2025-10-17 22:23:12
10:48:00,50.09,0.0,130,651192,买盘,000063,2025-10-17 22:23:12
10:48:03,50.1,0.01,71,355643,买盘,000063,2025-10-17 22:23:12
10:48:06,50.1,0.0,80,400756,买盘,000063,2025-10-17 22:23:12
10:48:09,50.09,-0.01,80,400745,卖盘,000063,2025-10-17 22:23:12
10:48:12,50.07,-0.02,1020,5108527,卖盘,000063,2025-10-17 22:23:12
10:48:15,50.08,0.01,370,1854960,中性盘,000063,2025-10-17 22:23:12
10:48:18,50.07,-0.01,619,3098989,中性盘,000063,2025-10-17 22:23:12
10:48:21,50.07,0.0,377,1887885,买盘,000063,2025-10-17 22:23:12
10:48:24,50.07,0.0,185,926224,买盘,000063,2025-10-17 22:23:12
10:48:27,50.07,0.0,215,1076438,卖盘,000063,2025-10-17 22:23:12
10:48:30,50.06,-0.01,497,2488033,卖盘,000063,2025-10-17 22:23:12
10:48:33,50.07,0.01,41,205259,买盘,000063,2025-10-17 22:23:12
10:48:36,50.07,0.0,22,110149,买盘,000063,2025-10-17 22:23:12
10:48:39,50.08,0.01,321,1607383,买盘,000063,2025-10-17 22:23:12
10:48:42,50.08,0.0,73,365612,卖盘,000063,2025-10-17 22:23:12
10:48:45,50.09,0.01,40,200333,买盘,000063,2025-10-17 22:23:12
10:48:48,50.09,0.0,69,345614,买盘,000063,2025-10-17 22:23:12
10:48:51,50.09,0.0,81,405729,卖盘,000063,2025-10-17 22:23:12
10:48:54,50.09,0.0,110,551088,卖盘,000063,2025-10-17 22:23:12
10:48:57,50.09,0.0,157,786424,卖盘,000063,2025-10-17 22:23:12
10:49:00,50.07,-0.02,1000,5008213,卖盘,000063,2025-10-17 22:23:12
10:49:03,50.04,-0.03,1324,6627425,卖盘,000063,2025-10-17 22:23:12
10:49:06,50.03,-0.01,1775,8880884,卖盘,000063,2025-10-17 22:23:12
10:49:09,50.03,0.0,371,1855778,买盘,000063,2025-10-17 22:23:12
10:49:12,50.02,-0.01,198,990532,卖盘,000063,2025-10-17 22:23:12
10:49:15,50.03,0.01,143,715423,买盘,000063,2025-10-17 22:23:12
10:49:18,50.03,0.0,93,465308,卖盘,000063,2025-10-17 22:23:12
10:49:21,50.04,0.01,121,605461,买盘,000063,2025-10-17 22:23:12
10:49:24,50.04,0.0,177,885919,卖盘,000063,2025-10-17 22:23:12
10:49:27,50.1,0.06,135,676191,买盘,000063,2025-10-17 22:23:12
10:49:30,50.08,-0.02,64,320540,卖盘,000063,2025-10-17 22:23:12
10:49:33,50.05,-0.03,121,605632,卖盘,000063,2025-10-17 22:23:12
10:49:36,50.06,0.01,287,1436351,买盘,000063,2025-10-17 22:23:12
10:49:39,50.06,0.0,38,190216,买盘,000063,2025-10-17 22:23:12
10:49:42,50.06,0.0,180,901015,买盘,000063,2025-10-17 22:23:12
10:49:45,50.05,-0.01,407,2037070,卖盘,000063,2025-10-17 22:23:12
10:49:48,50.03,-0.02,1266,6334516,卖盘,000063,2025-10-17 22:23:12
10:49:51,50.02,-0.01,1072,5361974,卖盘,000063,2025-10-17 22:23:12
10:49:54,50.01,-0.01,374,1870442,卖盘,000063,2025-10-17 22:23:12
10:49:57,50.02,0.01,136,680198,买盘,000063,2025-10-17 22:23:12
10:50:00,50.03,0.01,153,765384,买盘,000063,2025-10-17 22:23:12
