时间,成交价,价格变动,成交量,成交额,买卖盘性质,股票代码,采集时间
09:25:00,24.29,-0.71,70898,172211242,卖盘,000158,2025-10-17 22:45:51
09:30:00,23.9,-0.39,23418,56113985,卖盘,000158,2025-10-17 22:45:51
09:30:03,24.08,0.18,55612,133340976,买盘,000158,2025-10-17 22:45:51
09:30:06,24.26,0.18,8101,19567240,买盘,000158,2025-10-17 22:45:51
09:30:09,24.26,0.0,2769,6706249,买盘,000158,2025-10-17 22:45:51
09:30:12,24.2,-0.06,2021,4895121,卖盘,000158,2025-10-17 22:45:51
09:30:15,24.09,-0.11,1711,4128255,卖盘,000158,2025-10-17 22:45:51
09:30:18,24.08,-0.01,1902,4589058,卖盘,000158,2025-10-17 22:45:51
09:30:21,24.07,-0.01,2550,6137577,卖盘,000158,2025-10-17 22:45:51
09:30:24,24.06,-0.01,3215,7723586,中性盘,000158,2025-10-17 22:45:51
09:30:27,24.0,-0.06,2826,6787292,卖盘,000158,2025-10-17 22:45:51
09:30:30,24.09,0.09,4744,11403735,买盘,000158,2025-10-17 22:45:51
09:30:33,24.13,0.04,3790,9140824,买盘,000158,2025-10-17 22:45:51
09:30:36,24.23,0.1,9936,24110692,买盘,000158,2025-10-17 22:45:51
09:30:39,24.41,0.18,15080,36671300,买盘,000158,2025-10-17 22:45:51
09:30:42,24.5,0.09,780,1907445,买盘,000158,2025-10-17 22:45:51
09:30:45,24.5,0.0,2933,7175262,买盘,000158,2025-10-17 22:45:51
09:30:48,24.51,0.01,1965,4815694,买盘,000158,2025-10-17 22:45:51
09:30:51,24.5,-0.01,7847,19219469,卖盘,000158,2025-10-17 22:45:51
09:30:54,24.5,0.0,4091,10020664,买盘,000158,2025-10-17 22:45:51
09:30:57,24.54,0.04,3738,9160665,中性盘,000158,2025-10-17 22:45:51
09:31:00,24.55,0.01,2234,5482724,买盘,000158,2025-10-17 22:45:51
09:31:03,24.57,0.02,4505,11053489,买盘,000158,2025-10-17 22:45:51
09:31:06,24.57,0.0,3230,7933292,买盘,000158,2025-10-17 22:45:51
09:31:09,24.61,0.04,5802,14263893,买盘,000158,2025-10-17 22:45:51
09:31:12,24.62,0.01,1245,3065453,买盘,000158,2025-10-17 22:45:51
09:31:15,24.56,-0.06,11228,27582048,卖盘,000158,2025-10-17 22:45:51
09:31:18,24.4,-0.16,4750,11653265,卖盘,000158,2025-10-17 22:45:51
09:31:21,24.5,0.1,2357,5762734,买盘,000158,2025-10-17 22:45:51
09:31:24,24.5,0.0,1606,3922808,买盘,000158,2025-10-17 22:45:51
09:31:27,24.55,0.05,1707,4180648,买盘,000158,2025-10-17 22:45:51
09:31:30,24.56,0.01,1645,4035466,买盘,000158,2025-10-17 22:45:51
09:31:33,24.6,0.04,5228,12856791,买盘,000158,2025-10-17 22:45:51
09:31:36,24.62,0.02,1850,4550185,买盘,000158,2025-10-17 22:45:51
09:31:39,24.59,-0.03,4106,10107509,卖盘,000158,2025-10-17 22:45:51
09:31:42,24.6,0.01,5241,12880326,买盘,000158,2025-10-17 22:45:51
09:31:45,24.6,0.0,3528,8678401,买盘,000158,2025-10-17 22:45:51
09:31:48,24.62,0.02,3171,7801051,买盘,000158,2025-10-17 22:45:51
09:31:51,24.62,0.0,2489,6126367,买盘,000158,2025-10-17 22:45:51
09:31:54,24.64,0.02,3812,9388151,买盘,000158,2025-10-17 22:45:51
09:31:57,24.65,0.01,3834,9446299,买盘,000158,2025-10-17 22:45:51
09:32:00,24.66,0.01,4638,11430386,买盘,000158,2025-10-17 22:45:51
09:32:03,24.7,0.04,2159,5326524,买盘,000158,2025-10-17 22:45:51
09:32:06,24.7,0.0,1908,4711886,买盘,000158,2025-10-17 22:45:51
09:32:09,24.74,0.04,1470,3634296,买盘,000158,2025-10-17 22:45:51
09:32:12,24.75,0.01,1795,4442616,买盘,000158,2025-10-17 22:45:51
09:32:15,24.8,0.05,2100,5201651,买盘,000158,2025-10-17 22:45:51
09:32:18,24.85,0.05,2231,5534158,买盘,000158,2025-10-17 22:45:51
09:32:21,24.8,-0.05,7121,17670170,卖盘,000158,2025-10-17 22:45:51
09:32:24,24.86,0.06,7262,18036333,买盘,000158,2025-10-17 22:45:51
09:32:27,24.87,0.01,2257,5611599,买盘,000158,2025-10-17 22:45:51
09:32:30,24.88,0.01,4817,11981771,中性盘,000158,2025-10-17 22:45:51
09:32:33,24.88,0.0,6887,17136998,卖盘,000158,2025-10-17 22:45:51
09:32:36,24.9,0.02,9171,22822900,买盘,000158,2025-10-17 22:45:51
09:32:39,24.9,0.0,6067,15097254,卖盘,000158,2025-10-17 22:45:51
09:32:42,24.81,-0.09,9579,23822546,卖盘,000158,2025-10-17 22:45:51
09:32:45,24.81,0.0,6398,15895976,卖盘,000158,2025-10-17 22:45:51
09:32:48,24.81,0.0,4853,12048472,卖盘,000158,2025-10-17 22:45:51
09:32:51,24.84,0.03,4066,10101032,买盘,000158,2025-10-17 22:45:51
09:32:54,24.87,0.03,3393,8422880,中性盘,000158,2025-10-17 22:45:51
09:32:57,24.84,-0.03,3980,9888581,卖盘,000158,2025-10-17 22:45:51
09:33:00,24.8,-0.04,4547,11297730,卖盘,000158,2025-10-17 22:45:51
09:33:03,24.78,-0.02,4673,11591283,卖盘,000158,2025-10-17 22:45:51
09:33:06,24.72,-0.06,2432,6023631,卖盘,000158,2025-10-17 22:45:51
09:33:09,24.7,-0.02,2898,7163005,卖盘,000158,2025-10-17 22:45:51
09:33:12,24.69,-0.01,1702,4202595,卖盘,000158,2025-10-17 22:45:51
09:33:15,24.66,-0.03,2013,4968134,卖盘,000158,2025-10-17 22:45:51
09:33:18,24.66,0.0,2159,5326561,卖盘,000158,2025-10-17 22:45:51
09:33:21,24.65,-0.01,2331,5748336,卖盘,000158,2025-10-17 22:45:51
09:33:24,24.64,-0.01,1879,4630562,卖盘,000158,2025-10-17 22:45:51
09:33:27,24.61,-0.03,1942,4782479,卖盘,000158,2025-10-17 22:45:51
09:33:30,24.61,0.0,1871,4605102,卖盘,000158,2025-10-17 22:45:51
09:33:33,24.58,-0.03,2538,6245225,卖盘,000158,2025-10-17 22:45:51
09:33:36,24.58,0.0,1079,2652588,卖盘,000158,2025-10-17 22:45:51
09:33:39,24.56,-0.02,1239,3044121,卖盘,000158,2025-10-17 22:45:51
09:33:42,24.55,-0.01,1216,2985023,卖盘,000158,2025-10-17 22:45:51
09:33:45,24.5,-0.05,1506,3692563,卖盘,000158,2025-10-17 22:45:51
09:33:48,24.49,-0.01,1576,3862258,卖盘,000158,2025-10-17 22:45:51
09:33:51,24.6,0.11,5368,13181556,买盘,000158,2025-10-17 22:45:51
09:33:54,24.58,-0.02,4515,11106614,中性盘,000158,2025-10-17 22:45:51
09:33:57,24.62,0.04,1272,3131406,买盘,000158,2025-10-17 22:45:51
09:34:00,24.65,0.03,1219,3003086,买盘,000158,2025-10-17 22:45:51
09:34:03,24.65,0.0,1159,2856344,买盘,000158,2025-10-17 22:45:51
09:34:06,24.65,0.0,1693,4174121,卖盘,000158,2025-10-17 22:45:51
09:34:09,24.66,0.01,1881,4639750,买盘,000158,2025-10-17 22:45:51
09:34:12,24.69,0.03,3896,9607341,买盘,000158,2025-10-17 22:45:51
09:34:15,24.66,-0.03,4619,11388972,卖盘,000158,2025-10-17 22:45:51
09:34:18,24.69,0.03,1409,3477860,买盘,000158,2025-10-17 22:45:51
09:34:21,24.71,0.02,2266,5590758,买盘,000158,2025-10-17 22:45:51
09:34:24,24.69,-0.02,2279,5627566,卖盘,000158,2025-10-17 22:45:51
09:34:27,24.7,0.01,2837,7006092,买盘,000158,2025-10-17 22:45:51
09:34:30,24.72,0.02,2515,6206136,买盘,000158,2025-10-17 22:45:51
09:34:33,24.7,-0.02,3037,7503487,卖盘,000158,2025-10-17 22:45:51
09:34:36,24.72,0.02,1284,3174507,买盘,000158,2025-10-17 22:45:51
09:34:39,24.72,0.0,1023,2529134,卖盘,000158,2025-10-17 22:45:51
09:34:42,24.73,0.01,1331,3292034,买盘,000158,2025-10-17 22:45:51
09:34:45,24.74,0.01,1164,2879379,买盘,000158,2025-10-17 22:45:51
09:34:48,24.76,0.02,778,1924360,买盘,000158,2025-10-17 22:45:51
09:34:51,24.77,0.01,439,1086925,买盘,000158,2025-10-17 22:45:51
09:34:54,24.73,-0.04,7735,19133806,卖盘,000158,2025-10-17 22:45:51
09:34:57,24.72,-0.01,3727,9213773,中性盘,000158,2025-10-17 22:45:51
09:35:00,24.72,0.0,3612,8920165,买盘,000158,2025-10-17 22:45:51
09:35:03,24.66,-0.06,2437,6010691,卖盘,000158,2025-10-17 22:45:51
09:35:06,24.67,0.01,1915,4724434,买盘,000158,2025-10-17 22:45:51
09:35:09,24.67,0.0,2969,7310950,买盘,000158,2025-10-17 22:45:51
09:35:12,24.6,-0.07,2187,5379063,卖盘,000158,2025-10-17 22:45:51
09:35:15,24.6,0.0,1204,2960997,买盘,000158,2025-10-17 22:45:51
09:35:18,24.6,0.0,1020,2505324,买盘,000158,2025-10-17 22:45:51
09:35:21,24.51,-0.09,965,2369946,卖盘,000158,2025-10-17 22:45:51
09:35:24,24.51,0.0,999,2453200,卖盘,000158,2025-10-17 22:45:51
09:35:27,24.51,0.0,906,2220998,卖盘,000158,2025-10-17 22:45:51
09:35:30,24.51,0.0,1071,2625905,卖盘,000158,2025-10-17 22:45:51
09:35:33,24.52,0.01,1189,2914440,中性盘,000158,2025-10-17 22:45:51
09:35:36,24.57,0.05,1155,2832427,买盘,000158,2025-10-17 22:45:51
09:35:39,24.58,0.01,659,1617310,买盘,000158,2025-10-17 22:45:51
09:35:42,24.59,0.01,516,1267986,买盘,000158,2025-10-17 22:45:51
09:35:45,24.6,0.01,1797,4418392,买盘,000158,2025-10-17 22:45:51
09:35:48,24.61,0.01,793,1950450,买盘,000158,2025-10-17 22:45:51
09:35:51,24.61,0.0,709,1744513,买盘,000158,2025-10-17 22:45:51
09:35:54,24.64,0.03,1329,3271119,买盘,000158,2025-10-17 22:45:51
09:35:57,24.62,-0.02,749,1844715,卖盘,000158,2025-10-17 22:45:51
09:36:00,24.64,0.02,729,1795363,买盘,000158,2025-10-17 22:45:51
09:36:03,24.64,0.0,1456,3585212,卖盘,000158,2025-10-17 22:45:51
09:36:06,24.64,0.0,1236,3045107,买盘,000158,2025-10-17 22:45:51
09:36:09,24.64,0.0,1099,2708197,卖盘,000158,2025-10-17 22:45:51
09:36:12,24.65,0.01,1294,3188780,买盘,000158,2025-10-17 22:45:51
09:36:15,24.65,0.0,1048,2582959,买盘,000158,2025-10-17 22:45:51
09:36:18,24.65,0.0,1363,3360092,卖盘,000158,2025-10-17 22:45:51
09:36:21,24.65,0.0,1298,3200028,买盘,000158,2025-10-17 22:45:51
09:36:24,24.66,0.01,1668,4111968,买盘,000158,2025-10-17 22:45:51
09:36:27,24.66,0.0,1281,3159090,买盘,000158,2025-10-17 22:45:51
09:36:30,24.66,0.0,950,2342346,卖盘,000158,2025-10-17 22:45:51
09:36:33,24.7,0.04,855,2111470,买盘,000158,2025-10-17 22:45:51
09:36:36,24.69,-0.01,295,728445,卖盘,000158,2025-10-17 22:45:51
09:36:39,24.69,0.0,871,2150997,卖盘,000158,2025-10-17 22:45:51
09:36:42,24.7,0.01,1206,2977746,买盘,000158,2025-10-17 22:45:51
09:36:45,24.69,-0.01,1830,4518749,卖盘,000158,2025-10-17 22:45:51
09:36:48,24.69,0.0,1234,3047439,卖盘,000158,2025-10-17 22:45:51
09:36:51,24.69,0.0,1289,3183091,卖盘,000158,2025-10-17 22:45:51
09:36:54,24.71,0.02,1689,4171855,买盘,000158,2025-10-17 22:45:51
09:36:57,24.7,-0.01,1218,3007842,卖盘,000158,2025-10-17 22:45:51
09:37:00,24.7,0.0,1043,2575952,买盘,000158,2025-10-17 22:45:51
09:37:03,24.71,0.01,2289,5658155,买盘,000158,2025-10-17 22:45:51
09:37:06,24.72,0.01,691,1707725,中性盘,000158,2025-10-17 22:45:51
09:37:09,24.74,0.02,370,914908,买盘,000158,2025-10-17 22:45:51
09:37:12,24.73,-0.01,674,1667773,卖盘,000158,2025-10-17 22:45:51
09:37:15,24.75,0.02,2477,6130463,买盘,000158,2025-10-17 22:45:51
09:37:18,24.8,0.05,3004,7443341,买盘,000158,2025-10-17 22:45:51
09:37:21,24.8,0.0,1059,2625663,买盘,000158,2025-10-17 22:45:51
09:37:24,24.8,0.0,1337,3315565,买盘,000158,2025-10-17 22:45:51
09:37:27,24.8,0.0,2799,6941211,买盘,000158,2025-10-17 22:45:51
09:37:30,24.82,0.02,1886,4680394,买盘,000158,2025-10-17 22:45:51
09:37:33,24.84,0.02,1175,2917808,买盘,000158,2025-10-17 22:45:51
09:37:36,24.85,0.01,5341,13254228,买盘,000158,2025-10-17 22:45:51
09:37:39,24.86,0.01,3595,8939013,买盘,000158,2025-10-17 22:45:51
09:37:42,24.89,0.03,1019,2534914,买盘,000158,2025-10-17 22:45:51
09:37:45,24.89,0.0,2660,6619366,买盘,000158,2025-10-17 22:45:51
09:37:48,24.89,0.0,3542,8818967,卖盘,000158,2025-10-17 22:45:51
09:37:51,24.9,0.01,4102,10214481,买盘,000158,2025-10-17 22:45:51
09:37:54,24.92,0.02,1446,3601991,买盘,000158,2025-10-17 22:45:51
09:37:57,24.93,0.01,996,2482395,买盘,000158,2025-10-17 22:45:51
09:38:00,24.95,0.02,1659,4137375,买盘,000158,2025-10-17 22:45:51
09:38:03,24.95,0.0,2513,6269002,买盘,000158,2025-10-17 22:45:51
09:38:06,24.97,0.02,1708,4262096,买盘,000158,2025-10-17 22:45:51
09:38:09,24.97,0.0,2795,6978095,买盘,000158,2025-10-17 22:45:51
09:38:12,24.99,0.02,2264,5655430,买盘,000158,2025-10-17 22:45:51
09:38:15,24.99,0.0,4014,10029167,买盘,000158,2025-10-17 22:45:51
09:38:18,25.0,0.01,3149,7871250,买盘,000158,2025-10-17 22:45:51
09:38:21,25.0,0.0,3835,9586664,买盘,000158,2025-10-17 22:45:51
09:38:24,25.01,0.01,6294,15735375,买盘,000158,2025-10-17 22:45:51
09:38:27,25.04,0.03,1664,4162337,买盘,000158,2025-10-17 22:45:51
09:38:30,25.04,0.0,2150,5382933,卖盘,000158,2025-10-17 22:45:51
09:38:33,25.0,-0.04,14794,37002041,卖盘,000158,2025-10-17 22:45:51
09:38:36,24.98,-0.02,7187,17961511,卖盘,000158,2025-10-17 22:45:51
09:38:39,24.95,-0.03,3671,9168729,卖盘,000158,2025-10-17 22:45:51
09:38:42,24.95,0.0,2842,7092650,卖盘,000158,2025-10-17 22:45:51
09:38:45,24.95,0.0,2735,6824406,买盘,000158,2025-10-17 22:45:51
09:38:48,24.93,-0.02,2044,5097646,卖盘,000158,2025-10-17 22:45:51
09:38:51,24.95,0.02,2399,5984263,买盘,000158,2025-10-17 22:45:51
09:38:54,24.96,0.01,2572,6415298,买盘,000158,2025-10-17 22:45:51
09:38:57,24.97,0.01,2450,6115878,中性盘,000158,2025-10-17 22:45:51
09:39:00,24.98,0.01,1778,4441280,买盘,000158,2025-10-17 22:45:51
09:39:03,24.99,0.01,1985,4960721,中性盘,000158,2025-10-17 22:45:51
09:39:06,25.0,0.01,2824,7060938,买盘,000158,2025-10-17 22:45:51
09:39:09,25.03,0.03,2413,6036018,买盘,000158,2025-10-17 22:45:51
09:39:12,25.03,0.0,1185,2966021,买盘,000158,2025-10-17 22:45:51
09:39:15,25.04,0.01,1657,4149512,买盘,000158,2025-10-17 22:45:51
09:39:18,25.05,0.01,2313,5792076,买盘,000158,2025-10-17 22:45:51
09:39:21,25.07,0.02,2336,5853509,买盘,000158,2025-10-17 22:45:51
09:39:24,25.07,0.0,1868,4683913,卖盘,000158,2025-10-17 22:45:51
09:39:27,25.08,0.01,3008,7547033,买盘,000158,2025-10-17 22:45:51
09:39:30,25.09,0.01,3139,7876354,卖盘,000158,2025-10-17 22:45:51
09:39:33,25.11,0.02,2275,5709944,买盘,000158,2025-10-17 22:45:51
09:39:36,25.12,0.01,1667,4186418,买盘,000158,2025-10-17 22:45:51
09:39:39,25.14,0.02,2259,5678929,买盘,000158,2025-10-17 22:45:51
09:39:42,25.15,0.01,3565,8960934,买盘,000158,2025-10-17 22:45:51
09:39:45,25.17,0.02,2897,7289160,买盘,000158,2025-10-17 22:45:51
09:39:48,25.2,0.03,1931,4861993,买盘,000158,2025-10-17 22:45:51
09:39:51,25.21,0.01,3012,7590654,买盘,000158,2025-10-17 22:45:51
09:39:54,25.24,0.03,2666,6727284,买盘,000158,2025-10-17 22:45:51
09:39:57,25.26,0.02,4660,11760379,买盘,000158,2025-10-17 22:45:51
09:40:00,25.27,0.01,2287,5778839,买盘,000158,2025-10-17 22:45:51
09:40:03,25.3,0.03,3443,8705035,买盘,000158,2025-10-17 22:45:51
09:40:06,25.3,0.0,4173,10554999,买盘,000158,2025-10-17 22:45:51
09:40:09,25.32,0.02,3498,8852436,买盘,000158,2025-10-17 22:45:51
09:40:12,25.33,0.01,3647,9232539,买盘,000158,2025-10-17 22:45:51
09:40:15,25.34,0.01,3835,9717896,买盘,000158,2025-10-17 22:45:51
09:40:18,25.35,0.01,4099,10388687,买盘,000158,2025-10-17 22:45:51
09:40:21,25.38,0.03,4832,12251151,买盘,000158,2025-10-17 22:45:51
09:40:24,25.39,0.01,4422,11216624,买盘,000158,2025-10-17 22:45:51
09:40:27,25.38,-0.01,11866,30104933,卖盘,000158,2025-10-17 22:45:51
09:40:30,25.29,-0.09,17982,45534432,卖盘,000158,2025-10-17 22:45:51
09:40:33,25.27,-0.02,12904,32551768,卖盘,000158,2025-10-17 22:45:51
09:40:36,25.2,-0.07,4526,11398372,中性盘,000158,2025-10-17 22:45:51
09:40:39,25.12,-0.08,2258,5680176,中性盘,000158,2025-10-17 22:45:51
09:40:42,25.1,-0.02,1923,4829959,卖盘,000158,2025-10-17 22:45:51
09:40:45,25.1,0.0,3343,8391542,买盘,000158,2025-10-17 22:45:51
09:40:48,25.08,-0.02,3112,7805859,卖盘,000158,2025-10-17 22:45:51
09:40:51,25.08,0.0,2047,5135580,买盘,000158,2025-10-17 22:45:51
09:40:54,25.1,0.02,4527,11357899,买盘,000158,2025-10-17 22:45:51
09:40:57,25.15,0.05,2584,6486304,买盘,000158,2025-10-17 22:45:51
09:41:00,25.2,0.05,1279,3216305,买盘,000158,2025-10-17 22:45:51
09:41:03,25.2,0.0,1395,3513826,买盘,000158,2025-10-17 22:45:51
09:41:06,25.23,0.03,2519,6348262,买盘,000158,2025-10-17 22:45:51
09:41:09,25.27,0.04,1070,2699660,买盘,000158,2025-10-17 22:45:51
09:41:12,25.28,0.01,4611,11640122,买盘,000158,2025-10-17 22:45:51
09:41:15,25.29,0.01,2391,6046376,买盘,000158,2025-10-17 22:45:51
09:41:18,25.31,0.02,2718,6875977,买盘,000158,2025-10-17 22:45:51
09:41:21,25.31,0.0,5028,12721920,买盘,000158,2025-10-17 22:45:51
09:41:24,25.32,0.01,6579,16652332,买盘,000158,2025-10-17 22:45:51
09:41:27,25.32,0.0,4714,11944053,卖盘,000158,2025-10-17 22:45:51
09:41:30,25.32,0.0,12240,30979419,买盘,000158,2025-10-17 22:45:51
09:41:33,25.32,0.0,7772,19653381,买盘,000158,2025-10-17 22:45:51
09:41:36,25.32,0.0,9770,24684523,买盘,000158,2025-10-17 22:45:51
09:41:39,25.32,0.0,5386,13630908,买盘,000158,2025-10-17 22:45:51
09:41:42,25.3,-0.02,4436,11221704,卖盘,000158,2025-10-17 22:45:51
09:41:45,25.3,0.0,4244,10735326,买盘,000158,2025-10-17 22:45:51
09:41:48,25.3,0.0,3119,7887354,买盘,000158,2025-10-17 22:45:51
09:41:51,25.23,-0.07,2875,7271559,中性盘,000158,2025-10-17 22:45:51
09:41:54,25.2,-0.03,2430,6141275,卖盘,000158,2025-10-17 22:45:51
09:41:57,25.22,0.02,1371,3458131,买盘,000158,2025-10-17 22:45:51
09:42:00,25.2,-0.02,2844,7171840,中性盘,000158,2025-10-17 22:45:51
09:42:03,25.19,-0.01,2283,5752665,卖盘,000158,2025-10-17 22:45:51
09:42:06,25.18,-0.01,2178,5487453,卖盘,000158,2025-10-17 22:45:51
09:42:09,25.16,-0.02,1991,5012258,卖盘,000158,2025-10-17 22:45:51
09:42:12,25.16,0.0,1574,3960093,买盘,000158,2025-10-17 22:45:51
09:42:15,25.15,-0.01,1221,3070606,中性盘,000158,2025-10-17 22:45:51
09:42:18,25.11,-0.04,1551,3898670,卖盘,000158,2025-10-17 22:45:51
09:42:21,25.1,-0.01,2601,6531573,卖盘,000158,2025-10-17 22:45:51
09:42:24,25.11,0.01,2013,5053420,买盘,000158,2025-10-17 22:45:51
09:42:27,25.1,-0.01,1239,3108893,中性盘,000158,2025-10-17 22:45:51
09:42:30,25.08,-0.02,1560,3914188,卖盘,000158,2025-10-17 22:45:51
09:42:33,25.08,0.0,929,2329339,买盘,000158,2025-10-17 22:45:51
09:42:36,25.07,-0.01,2293,5750818,卖盘,000158,2025-10-17 22:45:51
09:42:39,25.07,0.0,1198,3003102,卖盘,000158,2025-10-17 22:45:51
09:42:42,25.05,-0.02,1037,2599041,卖盘,000158,2025-10-17 22:45:51
09:42:45,25.05,0.0,2329,5837568,卖盘,000158,2025-10-17 22:45:51
09:42:48,25.05,0.0,955,2393225,卖盘,000158,2025-10-17 22:45:51
09:42:51,25.04,-0.01,814,2038466,卖盘,000158,2025-10-17 22:45:51
09:42:54,25.03,-0.01,1388,3473874,卖盘,000158,2025-10-17 22:45:51
09:42:57,25.0,-0.03,1062,2656655,卖盘,000158,2025-10-17 22:45:51
09:43:00,25.0,0.0,1621,4052875,卖盘,000158,2025-10-17 22:45:51
09:43:03,25.0,0.0,2803,7008144,卖盘,000158,2025-10-17 22:45:51
09:43:06,24.99,-0.01,1160,2899693,卖盘,000158,2025-10-17 22:45:51
09:43:09,24.98,-0.01,1195,2985188,卖盘,000158,2025-10-17 22:45:51
09:43:12,24.97,-0.01,1036,2586768,中性盘,000158,2025-10-17 22:45:51
09:43:15,24.96,-0.01,1255,3132380,卖盘,000158,2025-10-17 22:45:51
09:43:18,24.95,-0.01,704,1756470,卖盘,000158,2025-10-17 22:45:51
09:43:21,24.93,-0.02,1062,2648361,卖盘,000158,2025-10-17 22:45:51
09:43:24,24.93,0.0,852,2124165,卖盘,000158,2025-10-17 22:45:51
09:43:27,24.92,-0.01,960,2392451,卖盘,000158,2025-10-17 22:45:51
09:43:30,24.92,0.0,587,1462517,买盘,000158,2025-10-17 22:45:51
09:43:33,24.91,-0.01,1481,3689203,卖盘,000158,2025-10-17 22:45:51
09:43:36,24.91,0.0,1045,2602658,买盘,000158,2025-10-17 22:45:51
09:43:39,24.91,0.0,1489,3708058,买盘,000158,2025-10-17 22:45:51
09:43:42,24.9,-0.01,1287,3204619,卖盘,000158,2025-10-17 22:45:51
09:43:45,24.89,-0.01,1111,2766330,卖盘,000158,2025-10-17 22:45:51
09:43:48,24.9,0.01,1233,3069923,买盘,000158,2025-10-17 22:45:51
09:43:51,24.9,0.0,3020,7520742,买盘,000158,2025-10-17 22:45:51
09:43:54,24.91,0.01,3127,7791437,买盘,000158,2025-10-17 22:45:51
09:43:57,24.96,0.05,1490,3714549,买盘,000158,2025-10-17 22:45:51
09:44:00,24.96,0.0,1218,3039289,买盘,000158,2025-10-17 22:45:51
09:44:03,24.97,0.01,967,2413196,买盘,000158,2025-10-17 22:45:51
09:44:06,24.98,0.01,770,1923218,买盘,000158,2025-10-17 22:45:51
09:44:09,25.0,0.02,1207,3017224,买盘,000158,2025-10-17 22:45:51
09:44:12,25.01,0.01,1190,2975243,买盘,000158,2025-10-17 22:45:51
09:44:15,25.02,0.01,759,1899712,买盘,000158,2025-10-17 22:45:51
09:44:18,25.05,0.03,672,1682780,买盘,000158,2025-10-17 22:45:51
09:44:21,25.07,0.02,1122,2809712,买盘,000158,2025-10-17 22:45:51
09:44:24,25.08,0.01,829,2078835,买盘,000158,2025-10-17 22:45:51
09:44:27,25.1,0.02,987,2476430,买盘,000158,2025-10-17 22:45:51
09:44:30,25.1,0.0,845,2120789,买盘,000158,2025-10-17 22:45:51
09:44:33,25.11,0.01,1039,2608178,买盘,000158,2025-10-17 22:45:51
09:44:36,25.13,0.02,796,1999022,买盘,000158,2025-10-17 22:45:51
09:44:39,25.15,0.02,350,879678,买盘,000158,2025-10-17 22:45:51
09:44:42,25.15,0.0,3676,9238037,买盘,000158,2025-10-17 22:45:51
09:44:45,25.17,0.02,4362,10971803,买盘,000158,2025-10-17 22:45:51
09:44:48,25.19,0.02,956,2406486,买盘,000158,2025-10-17 22:45:51
09:44:51,25.2,0.01,993,2501234,买盘,000158,2025-10-17 22:45:51
09:44:54,25.2,0.0,1619,4079616,买盘,000158,2025-10-17 22:45:51
09:44:57,25.21,0.01,913,2303427,买盘,000158,2025-10-17 22:45:51
09:45:00,25.25,0.04,492,1241267,买盘,000158,2025-10-17 22:45:51
09:45:03,25.25,0.0,1061,2678690,买盘,000158,2025-10-17 22:45:51
09:45:06,25.26,0.01,1371,3463775,买盘,000158,2025-10-17 22:45:51
09:45:09,25.26,0.0,1820,4599117,卖盘,000158,2025-10-17 22:45:51
09:45:12,25.27,0.01,3287,8305629,买盘,000158,2025-10-17 22:45:51
09:45:15,25.28,0.01,1719,4344989,买盘,000158,2025-10-17 22:45:51
09:45:18,25.3,0.02,2017,5100987,买盘,000158,2025-10-17 22:45:51
09:45:21,25.3,0.0,2357,5961723,买盘,000158,2025-10-17 22:45:51
09:45:24,25.3,0.0,4180,10574829,买盘,000158,2025-10-17 22:45:51
09:45:27,25.3,0.0,2903,7344687,买盘,000158,2025-10-17 22:45:51
09:45:30,25.3,0.0,2086,5278667,卖盘,000158,2025-10-17 22:45:51
09:45:33,25.31,0.01,3685,9327158,卖盘,000158,2025-10-17 22:45:51
09:45:36,25.32,0.01,2593,6562857,买盘,000158,2025-10-17 22:45:51
09:45:39,25.33,0.01,1908,4831661,买盘,000158,2025-10-17 22:45:51
09:45:42,25.34,0.01,2355,5964822,买盘,000158,2025-10-17 22:45:51
09:45:45,25.35,0.01,2225,5637652,买盘,000158,2025-10-17 22:45:51
09:45:48,25.35,0.0,2506,6352005,买盘,000158,2025-10-17 22:45:51
09:45:51,25.38,0.03,3656,9273109,买盘,000158,2025-10-17 22:45:51
09:45:54,25.38,0.0,2228,5653105,买盘,000158,2025-10-17 22:45:51
09:45:57,25.38,0.0,3715,9427804,买盘,000158,2025-10-17 22:45:51
09:46:00,25.39,0.01,3635,9227461,买盘,000158,2025-10-17 22:45:51
09:46:03,25.38,-0.01,4318,10961796,卖盘,000158,2025-10-17 22:45:51
09:46:06,25.39,0.01,4071,10336616,买盘,000158,2025-10-17 22:45:51
09:46:09,25.4,0.01,4214,10698725,买盘,000158,2025-10-17 22:45:51
09:46:12,25.4,0.0,4340,11017753,买盘,000158,2025-10-17 22:45:51
09:46:15,25.39,-0.01,3923,9963581,中性盘,000158,2025-10-17 22:45:51
09:46:18,25.38,-0.01,4421,11226267,卖盘,000158,2025-10-17 22:45:51
09:46:21,25.36,-0.02,2783,7061796,卖盘,000158,2025-10-17 22:45:51
09:46:24,25.36,0.0,3006,7623054,买盘,000158,2025-10-17 22:45:51
09:46:27,25.35,-0.01,2606,6603329,中性盘,000158,2025-10-17 22:45:51
09:46:30,25.31,-0.04,1962,4968503,卖盘,000158,2025-10-17 22:45:51
09:46:33,25.29,-0.02,1619,4096208,卖盘,000158,2025-10-17 22:45:51
09:46:36,25.27,-0.02,1194,3019160,卖盘,000158,2025-10-17 22:45:51
09:46:39,25.22,-0.05,2465,6224757,卖盘,000158,2025-10-17 22:45:51
09:46:42,25.2,-0.02,983,2480266,卖盘,000158,2025-10-17 22:45:51
09:46:45,25.21,0.01,2591,6533837,中性盘,000158,2025-10-17 22:45:51
09:46:48,25.2,-0.01,1331,3354149,卖盘,000158,2025-10-17 22:45:51
09:46:51,25.2,0.0,1617,4074314,买盘,000158,2025-10-17 22:45:51
09:46:54,25.18,-0.02,1881,4737817,卖盘,000158,2025-10-17 22:45:51
09:46:57,25.17,-0.01,624,1571123,卖盘,000158,2025-10-17 22:45:51
09:47:00,25.16,-0.01,1369,3446586,卖盘,000158,2025-10-17 22:45:51
09:47:03,25.17,0.01,2455,6176973,买盘,000158,2025-10-17 22:45:51
09:47:06,25.18,0.01,4207,10593138,买盘,000158,2025-10-17 22:45:51
09:47:09,25.21,0.03,3355,8452386,买盘,000158,2025-10-17 22:45:51
09:47:12,25.21,0.0,1157,2916490,买盘,000158,2025-10-17 22:45:51
09:47:15,25.23,0.02,523,1318422,买盘,000158,2025-10-17 22:45:51
09:47:18,25.25,0.02,1397,3527558,买盘,000158,2025-10-17 22:45:51
09:47:21,25.27,0.02,747,1887185,买盘,000158,2025-10-17 22:45:51
09:47:24,25.29,0.02,1680,4246402,买盘,000158,2025-10-17 22:45:51
09:47:27,25.3,0.01,965,2440891,买盘,000158,2025-10-17 22:45:51
09:47:30,25.31,0.01,1695,4288608,买盘,000158,2025-10-17 22:45:51
09:47:33,25.33,0.02,900,2279632,买盘,000158,2025-10-17 22:45:51
09:47:36,25.34,0.01,848,2148788,买盘,000158,2025-10-17 22:45:51
09:47:39,25.35,0.01,1612,4086183,买盘,000158,2025-10-17 22:45:51
09:47:42,25.35,0.0,1272,3225152,买盘,000158,2025-10-17 22:45:51
09:47:45,25.37,0.02,1397,3543787,买盘,000158,2025-10-17 22:45:51
09:47:48,25.38,0.01,1263,3204109,买盘,000158,2025-10-17 22:45:51
09:47:51,25.38,0.0,2324,5897249,买盘,000158,2025-10-17 22:45:51
09:47:54,25.39,0.01,2482,6299639,买盘,000158,2025-10-17 22:45:51
09:47:57,25.39,0.0,2080,5280299,买盘,000158,2025-10-17 22:45:51
09:48:00,25.4,0.01,3075,7806964,买盘,000158,2025-10-17 22:45:51
09:48:03,25.4,0.0,3404,8644407,买盘,000158,2025-10-17 22:45:51
09:48:06,25.4,0.0,6423,16313349,买盘,000158,2025-10-17 22:45:51
09:48:09,25.4,0.0,6265,15911083,买盘,000158,2025-10-17 22:45:51
09:48:12,25.42,0.02,2820,7164101,买盘,000158,2025-10-17 22:45:51
09:48:15,25.43,0.01,2201,5594764,买盘,000158,2025-10-17 22:45:51
09:48:18,25.44,0.01,1578,4012920,买盘,000158,2025-10-17 22:45:51
09:48:21,25.46,0.02,2821,7177811,买盘,000158,2025-10-17 22:45:51
09:48:24,25.46,0.0,2200,5600492,买盘,000158,2025-10-17 22:45:51
09:48:27,25.48,0.02,2329,5933286,买盘,000158,2025-10-17 22:45:51
09:48:30,25.48,0.0,2396,6106350,卖盘,000158,2025-10-17 22:45:51
09:48:33,25.49,0.01,3437,8760883,买盘,000158,2025-10-17 22:45:51
09:48:36,25.5,0.01,2447,6238658,买盘,000158,2025-10-17 22:45:51
09:48:39,25.5,0.0,5164,13167183,买盘,000158,2025-10-17 22:45:51
09:48:42,25.5,0.0,8099,20651066,买盘,000158,2025-10-17 22:45:51
09:48:45,25.5,0.0,7199,18356884,买盘,000158,2025-10-17 22:45:51
09:48:48,25.5,0.0,3464,8834217,买盘,000158,2025-10-17 22:45:51
09:48:51,25.5,0.0,2407,6141986,卖盘,000158,2025-10-17 22:45:51
09:48:54,25.54,0.04,2378,6068718,买盘,000158,2025-10-17 22:45:51
09:48:57,25.54,0.0,3383,8637109,卖盘,000158,2025-10-17 22:45:51
09:49:00,25.55,0.01,4658,11897868,买盘,000158,2025-10-17 22:45:51
09:49:03,25.55,0.0,4165,10641213,买盘,000158,2025-10-17 22:45:51
09:49:06,25.57,0.02,2999,7663937,买盘,000158,2025-10-17 22:45:51
09:49:09,25.56,-0.01,1312,3354965,卖盘,000158,2025-10-17 22:45:51
09:49:12,25.58,0.02,3225,8248826,买盘,000158,2025-10-17 22:45:51
09:49:15,25.59,0.01,2751,7040258,买盘,000158,2025-10-17 22:45:51
09:49:18,25.59,0.0,2836,7259457,卖盘,000158,2025-10-17 22:45:51
09:49:21,25.61,0.02,3003,7687395,买盘,000158,2025-10-17 22:45:51
09:49:24,25.62,0.01,1603,4105297,买盘,000158,2025-10-17 22:45:51
09:49:27,25.65,0.03,958,2455107,买盘,000158,2025-10-17 22:45:51
09:49:30,25.66,0.01,2035,5219169,买盘,000158,2025-10-17 22:45:51
09:49:33,25.67,0.01,1726,4429452,买盘,000158,2025-10-17 22:45:51
09:49:36,25.68,0.01,2185,5609632,买盘,000158,2025-10-17 22:45:51
09:49:39,25.69,0.01,2513,6453996,买盘,000158,2025-10-17 22:45:51
09:49:42,25.7,0.01,2178,5596860,买盘,000158,2025-10-17 22:45:51
09:49:45,25.71,0.01,1230,3162679,买盘,000158,2025-10-17 22:45:51
09:49:48,25.73,0.02,1453,3737345,买盘,000158,2025-10-17 22:45:51
09:49:51,25.75,0.02,1414,3639050,买盘,000158,2025-10-17 22:45:51
09:49:54,25.75,0.0,2353,6058342,买盘,000158,2025-10-17 22:45:51
09:49:57,25.78,0.03,2534,6528312,买盘,000158,2025-10-17 22:45:51
09:50:00,25.79,0.01,3167,8163474,买盘,000158,2025-10-17 22:45:51
09:50:03,25.8,0.01,2608,6726588,买盘,000158,2025-10-17 22:45:51
09:50:06,25.8,0.0,4753,12261822,买盘,000158,2025-10-17 22:45:51
09:50:09,25.8,0.0,4291,11074275,买盘,000158,2025-10-17 22:45:51
09:50:12,25.84,0.04,2766,7142292,买盘,000158,2025-10-17 22:45:51
09:50:15,25.85,0.01,3482,8996890,买盘,000158,2025-10-17 22:45:51
09:50:18,25.86,0.01,2030,5248964,买盘,000158,2025-10-17 22:45:51
09:50:21,25.87,0.01,1979,5120316,买盘,000158,2025-10-17 22:45:51
09:50:24,25.88,0.01,3932,10174685,买盘,000158,2025-10-17 22:45:51
09:50:27,25.89,0.01,2257,5843834,买盘,000158,2025-10-17 22:45:51
09:50:30,25.92,0.03,2176,5635974,买盘,000158,2025-10-17 22:45:51
09:50:33,25.95,0.03,894,2317686,买盘,000158,2025-10-17 22:45:51
09:50:36,25.95,0.0,1664,4318253,买盘,000158,2025-10-17 22:45:51
09:50:39,25.98,0.03,2162,5614046,买盘,000158,2025-10-17 22:45:51
09:50:42,25.98,0.0,3668,9527677,买盘,000158,2025-10-17 22:45:51
09:50:45,25.99,0.01,5572,14474791,买盘,000158,2025-10-17 22:45:51
09:50:48,26.0,0.01,4107,10673945,买盘,000158,2025-10-17 22:45:51
09:50:51,26.0,0.0,5485,14260243,买盘,000158,2025-10-17 22:45:51
09:50:54,26.0,0.0,7091,18435824,买盘,000158,2025-10-17 22:45:51
09:50:57,26.0,0.0,4716,12261971,买盘,000158,2025-10-17 22:45:51
09:51:00,26.03,0.03,3400,8843016,买盘,000158,2025-10-17 22:45:51
09:51:03,26.04,0.01,2786,7249743,买盘,000158,2025-10-17 22:45:51
09:51:06,26.07,0.03,2990,7786956,买盘,000158,2025-10-17 22:45:51
09:51:09,26.09,0.02,1034,2696532,买盘,000158,2025-10-17 22:45:51
09:51:12,26.1,0.01,2816,7350921,买盘,000158,2025-10-17 22:45:51
09:51:15,26.14,0.04,886,2313997,买盘,000158,2025-10-17 22:45:51
09:51:18,26.16,0.02,1654,4327489,买盘,000158,2025-10-17 22:45:51
09:51:21,26.17,0.01,1438,3764371,买盘,000158,2025-10-17 22:45:51
09:51:24,26.19,0.02,3992,10451482,买盘,000158,2025-10-17 22:45:51
09:51:27,26.21,0.02,4064,10644770,买盘,000158,2025-10-17 22:45:51
09:51:30,26.23,0.02,1480,3881207,买盘,000158,2025-10-17 22:45:51
09:51:33,26.25,0.02,1550,4068205,买盘,000158,2025-10-17 22:45:51
09:51:36,26.26,0.01,3766,9887858,买盘,000158,2025-10-17 22:45:51
09:51:39,26.28,0.02,1489,3913682,买盘,000158,2025-10-17 22:45:51
09:51:42,26.3,0.02,2484,6531106,买盘,000158,2025-10-17 22:45:51
09:51:45,26.32,0.02,2239,5893284,买盘,000158,2025-10-17 22:45:51
09:51:48,26.33,0.01,4643,12223141,中性盘,000158,2025-10-17 22:45:51
09:51:51,26.36,0.03,3593,9466012,买盘,000158,2025-10-17 22:45:51
09:51:54,26.38,0.02,2776,7317563,买盘,000158,2025-10-17 22:45:51
09:51:57,26.4,0.02,1936,5108847,买盘,000158,2025-10-17 22:45:51
09:52:00,26.44,0.04,3920,10356217,买盘,000158,2025-10-17 22:45:51
09:52:03,26.43,-0.01,3197,8448839,中性盘,000158,2025-10-17 22:45:51
09:52:06,26.34,-0.09,22951,60462113,卖盘,000158,2025-10-17 22:45:51
09:52:09,26.2,-0.14,5278,13843873,卖盘,000158,2025-10-17 22:45:51
09:52:12,26.12,-0.08,3885,10156679,卖盘,000158,2025-10-17 22:45:51
09:52:15,26.08,-0.04,2601,6786563,卖盘,000158,2025-10-17 22:45:51
09:52:18,26.0,-0.08,1835,4775754,卖盘,000158,2025-10-17 22:45:51
09:52:21,26.0,0.0,2488,6468936,卖盘,000158,2025-10-17 22:45:51
09:52:24,25.95,-0.05,2088,5423756,卖盘,000158,2025-10-17 22:45:51
09:52:27,25.93,-0.02,1002,2600591,卖盘,000158,2025-10-17 22:45:51
09:52:30,25.91,-0.02,1974,5117244,卖盘,000158,2025-10-17 22:45:51
09:52:33,25.87,-0.04,2276,5892107,卖盘,000158,2025-10-17 22:45:51
09:52:36,25.85,-0.02,1533,3963134,卖盘,000158,2025-10-17 22:45:51
09:52:39,25.84,-0.01,837,2161403,中性盘,000158,2025-10-17 22:45:51
09:52:42,25.8,-0.04,2856,7367432,卖盘,000158,2025-10-17 22:45:51
09:52:45,25.78,-0.02,2523,6506804,卖盘,000158,2025-10-17 22:45:51
09:52:48,25.77,-0.01,1328,3421174,卖盘,000158,2025-10-17 22:45:51
09:52:51,25.75,-0.02,1289,3319878,卖盘,000158,2025-10-17 22:45:51
09:52:54,25.71,-0.04,1533,3944236,卖盘,000158,2025-10-17 22:45:51
09:52:57,25.71,0.0,1813,4663689,卖盘,000158,2025-10-17 22:45:51
09:53:00,25.71,0.0,3959,10176644,卖盘,000158,2025-10-17 22:45:51
09:53:03,25.71,0.0,2376,6106860,买盘,000158,2025-10-17 22:45:51
09:53:06,25.71,0.0,3898,10019905,买盘,000158,2025-10-17 22:45:51
09:53:09,25.72,0.01,4570,11759608,买盘,000158,2025-10-17 22:45:51
09:53:12,25.75,0.03,4406,11351629,买盘,000158,2025-10-17 22:45:51
09:53:15,25.82,0.07,2579,6653049,买盘,000158,2025-10-17 22:45:51
09:53:18,25.86,0.04,1245,3217032,买盘,000158,2025-10-17 22:45:51
09:53:21,25.9,0.04,1443,3733243,买盘,000158,2025-10-17 22:45:51
09:53:24,25.93,0.03,1602,4149919,买盘,000158,2025-10-17 22:45:51
09:53:27,25.95,0.02,1823,4729571,买盘,000158,2025-10-17 22:45:51
09:53:30,25.99,0.04,10711,27759092,买盘,000158,2025-10-17 22:45:51
09:53:33,26.02,0.03,3660,9514465,买盘,000158,2025-10-17 22:45:51
09:53:36,26.05,0.03,480,1249815,买盘,000158,2025-10-17 22:45:51
09:53:39,26.08,0.03,1345,3504105,买盘,000158,2025-10-17 22:45:51
09:53:42,26.09,0.01,984,2566880,买盘,000158,2025-10-17 22:45:51
09:53:45,26.1,0.01,3043,7941428,买盘,000158,2025-10-17 22:45:51
09:53:48,26.12,0.02,2613,6822653,买盘,000158,2025-10-17 22:45:51
09:53:51,26.15,0.03,1160,3032055,中性盘,000158,2025-10-17 22:45:51
09:53:54,26.17,0.02,1528,3997635,买盘,000158,2025-10-17 22:45:51
09:53:57,26.18,0.01,4008,10487939,买盘,000158,2025-10-17 22:45:51
09:54:00,26.2,0.02,3130,8195826,买盘,000158,2025-10-17 22:45:51
09:54:03,26.2,0.0,5048,13216410,买盘,000158,2025-10-17 22:45:51
09:54:06,26.11,-0.09,6016,15737027,卖盘,000158,2025-10-17 22:45:51
09:54:09,26.07,-0.04,5718,14922669,卖盘,000158,2025-10-17 22:45:51
09:54:12,25.99,-0.08,3537,9200418,卖盘,000158,2025-10-17 22:45:51
09:54:15,25.97,-0.02,1295,3366141,卖盘,000158,2025-10-17 22:45:51
09:54:18,25.95,-0.02,1426,3703223,卖盘,000158,2025-10-17 22:45:51
09:54:21,25.93,-0.02,1379,3577609,卖盘,000158,2025-10-17 22:45:51
09:54:24,25.91,-0.02,1909,4948765,卖盘,000158,2025-10-17 22:45:51
09:54:27,25.9,-0.01,946,2448911,卖盘,000158,2025-10-17 22:45:51
09:54:30,25.88,-0.02,779,2015643,卖盘,000158,2025-10-17 22:45:51
09:54:33,25.86,-0.02,719,1859584,卖盘,000158,2025-10-17 22:45:51
09:54:36,25.85,-0.01,693,1791869,卖盘,000158,2025-10-17 22:45:51
09:54:39,25.82,-0.03,933,2410998,卖盘,000158,2025-10-17 22:45:51
09:54:42,25.82,0.0,837,2161815,卖盘,000158,2025-10-17 22:45:51
09:54:45,25.81,-0.01,1228,3169219,卖盘,000158,2025-10-17 22:45:51
09:54:48,25.78,-0.03,1043,2690806,卖盘,000158,2025-10-17 22:45:51
09:54:51,25.78,0.0,1483,3823640,买盘,000158,2025-10-17 22:45:51
09:54:54,25.75,-0.03,781,2012487,卖盘,000158,2025-10-17 22:45:51
09:54:57,25.75,0.0,738,1901204,卖盘,000158,2025-10-17 22:45:51
09:55:00,25.75,0.0,1899,4890982,卖盘,000158,2025-10-17 22:45:51
09:55:03,25.74,-0.01,1870,4815457,卖盘,000158,2025-10-17 22:45:51
09:55:06,25.75,0.01,1206,3104584,买盘,000158,2025-10-17 22:45:51
09:55:09,25.75,0.0,1288,3315881,买盘,000158,2025-10-17 22:45:51
09:55:12,25.78,0.03,1950,5023567,买盘,000158,2025-10-17 22:45:51
09:55:15,25.78,0.0,1322,3408819,买盘,000158,2025-10-17 22:45:51
09:55:18,25.8,0.02,1527,3938110,买盘,000158,2025-10-17 22:45:51
09:55:21,25.82,0.02,1165,3006965,买盘,000158,2025-10-17 22:45:51
09:55:24,25.84,0.02,512,1321994,买盘,000158,2025-10-17 22:45:51
09:55:27,25.84,0.0,567,1465162,买盘,000158,2025-10-17 22:45:51
09:55:30,25.85,0.01,511,1321036,买盘,000158,2025-10-17 22:45:51
09:55:33,25.87,0.02,1088,2813476,买盘,000158,2025-10-17 22:45:51
09:55:36,25.88,0.01,1466,3791419,买盘,000158,2025-10-17 22:45:51
09:55:39,25.88,0.0,822,2127274,买盘,000158,2025-10-17 22:45:51
09:55:42,25.9,0.02,771,1996394,买盘,000158,2025-10-17 22:45:51
09:55:45,25.92,0.02,1985,5141130,买盘,000158,2025-10-17 22:45:51
09:55:48,25.92,0.0,474,1228378,买盘,000158,2025-10-17 22:45:51
09:55:51,25.93,0.01,733,1900318,买盘,000158,2025-10-17 22:45:51
09:55:54,25.95,0.02,512,1327973,买盘,000158,2025-10-17 22:45:51
09:55:57,25.94,-0.01,1308,3394028,卖盘,000158,2025-10-17 22:45:51
09:56:00,25.95,0.01,552,1432905,卖盘,000158,2025-10-17 22:45:51
09:56:03,25.96,0.01,1899,4929332,中性盘,000158,2025-10-17 22:45:51
09:56:06,25.96,0.0,1540,3996693,卖盘,000158,2025-10-17 22:45:51
09:56:09,25.95,-0.01,1363,3538212,卖盘,000158,2025-10-17 22:45:51
09:56:12,25.93,-0.02,3496,9067758,卖盘,000158,2025-10-17 22:45:51
09:56:15,25.92,-0.01,1290,3342663,中性盘,000158,2025-10-17 22:45:51
09:56:18,25.89,-0.03,973,2519636,卖盘,000158,2025-10-17 22:45:51
09:56:21,25.86,-0.03,1575,4076026,卖盘,000158,2025-10-17 22:45:51
09:56:24,25.85,-0.01,600,1551803,卖盘,000158,2025-10-17 22:45:51
09:56:27,25.84,-0.01,1022,2641744,卖盘,000158,2025-10-17 22:45:51
09:56:30,25.84,0.0,1103,2849353,卖盘,000158,2025-10-17 22:45:51
09:56:33,25.81,-0.03,647,1670707,卖盘,000158,2025-10-17 22:45:51
09:56:36,25.8,-0.01,1370,3535417,卖盘,000158,2025-10-17 22:45:51
09:56:39,25.8,0.0,645,1663891,卖盘,000158,2025-10-17 22:45:51
09:56:42,25.8,0.0,707,1823294,买盘,000158,2025-10-17 22:45:51
09:56:45,25.78,-0.02,1810,4667007,卖盘,000158,2025-10-17 22:45:51
09:56:48,25.75,-0.03,566,1458519,卖盘,000158,2025-10-17 22:45:51
09:56:51,25.75,0.0,680,1751360,卖盘,000158,2025-10-17 22:45:51
09:56:54,25.74,-0.01,1642,4228025,卖盘,000158,2025-10-17 22:45:51
09:56:57,25.74,0.0,830,2136426,卖盘,000158,2025-10-17 22:45:51
09:57:00,25.73,-0.01,642,1651774,中性盘,000158,2025-10-17 22:45:51
09:57:03,25.71,-0.02,848,2180998,卖盘,000158,2025-10-17 22:45:51
09:57:06,25.71,0.0,1075,2764178,卖盘,000158,2025-10-17 22:45:51
09:57:09,25.7,-0.01,1324,3404382,卖盘,000158,2025-10-17 22:45:51
09:57:12,25.7,0.0,1595,4099842,卖盘,000158,2025-10-17 22:45:51
09:57:15,25.69,-0.01,972,2497749,卖盘,000158,2025-10-17 22:45:51
09:57:18,25.67,-0.02,1029,2642647,卖盘,000158,2025-10-17 22:45:51
09:57:21,25.66,-0.01,600,1540596,卖盘,000158,2025-10-17 22:45:51
09:57:24,25.65,-0.01,844,2165529,卖盘,000158,2025-10-17 22:45:51
09:57:27,25.63,-0.02,500,1282214,卖盘,000158,2025-10-17 22:45:51
09:57:30,25.62,-0.01,384,983808,卖盘,000158,2025-10-17 22:45:51
09:57:33,25.61,-0.01,741,1897333,卖盘,000158,2025-10-17 22:45:51
09:57:36,25.59,-0.02,1022,2616574,卖盘,000158,2025-10-17 22:45:51
09:57:39,25.58,-0.01,383,980132,卖盘,000158,2025-10-17 22:45:51
09:57:42,25.57,-0.01,596,1524153,卖盘,000158,2025-10-17 22:45:51
09:57:45,25.56,-0.01,468,1196157,卖盘,000158,2025-10-17 22:45:51
09:57:48,25.54,-0.02,714,1824282,卖盘,000158,2025-10-17 22:45:51
09:57:51,25.54,0.0,342,873416,卖盘,000158,2025-10-17 22:45:51
09:57:54,25.52,-0.02,900,2295782,卖盘,000158,2025-10-17 22:45:51
09:57:57,25.52,0.0,1584,4039898,买盘,000158,2025-10-17 22:45:51
09:58:00,25.5,-0.02,1924,4906752,卖盘,000158,2025-10-17 22:45:51
09:58:03,25.49,-0.01,1907,4862333,卖盘,000158,2025-10-17 22:45:51
09:58:06,25.47,-0.02,641,1633620,卖盘,000158,2025-10-17 22:45:51
09:58:09,25.45,-0.02,746,1900447,卖盘,000158,2025-10-17 22:45:51
09:58:12,25.45,0.0,509,1295561,卖盘,000158,2025-10-17 22:45:51
09:58:15,25.44,-0.01,442,1124212,中性盘,000158,2025-10-17 22:45:51
09:58:18,25.4,-0.04,683,1736229,卖盘,000158,2025-10-17 22:45:51
09:58:21,25.39,-0.01,1463,3717151,卖盘,000158,2025-10-17 22:45:51
09:58:24,25.39,0.0,705,1790241,卖盘,000158,2025-10-17 22:45:51
09:58:27,25.38,-0.01,715,1814824,卖盘,000158,2025-10-17 22:45:51
09:58:30,25.36,-0.02,1810,4592770,卖盘,000158,2025-10-17 22:45:51
09:58:33,25.36,0.0,1910,4845255,买盘,000158,2025-10-17 22:45:51
09:58:36,25.34,-0.02,1344,3406571,卖盘,000158,2025-10-17 22:45:51
09:58:39,25.34,0.0,684,1732733,买盘,000158,2025-10-17 22:45:51
09:58:42,25.31,-0.03,1996,5054810,卖盘,000158,2025-10-17 22:45:51
09:58:45,25.31,0.0,1334,3376291,买盘,000158,2025-10-17 22:45:51
09:58:48,25.3,-0.01,1275,3225703,卖盘,000158,2025-10-17 22:45:51
09:58:51,25.3,0.0,1155,2922221,买盘,000158,2025-10-17 22:45:51
09:58:54,25.29,-0.01,693,1752589,卖盘,000158,2025-10-17 22:45:51
09:58:57,25.28,-0.01,830,2098798,卖盘,000158,2025-10-17 22:45:51
09:59:00,25.28,0.0,1035,2616568,卖盘,000158,2025-10-17 22:45:51
09:59:03,25.28,0.0,1077,2721912,买盘,000158,2025-10-17 22:45:51
09:59:06,25.28,0.0,2730,6899755,买盘,000158,2025-10-17 22:45:51
09:59:09,25.29,0.01,2129,5382036,买盘,000158,2025-10-17 22:45:51
09:59:12,25.28,-0.01,2758,6974148,卖盘,000158,2025-10-17 22:45:51
09:59:15,25.31,0.03,2512,6354675,买盘,000158,2025-10-17 22:45:51
09:59:18,25.32,0.01,1847,4674344,买盘,000158,2025-10-17 22:45:51
09:59:21,25.35,0.03,1367,3462920,买盘,000158,2025-10-17 22:45:51
09:59:24,25.36,0.01,1005,2547726,买盘,000158,2025-10-17 22:45:51
09:59:27,25.39,0.03,685,1737928,买盘,000158,2025-10-17 22:45:51
09:59:30,25.42,0.03,846,2148490,买盘,000158,2025-10-17 22:45:51
09:59:33,25.42,0.0,623,1583926,买盘,000158,2025-10-17 22:45:51
09:59:36,25.45,0.03,591,1503828,买盘,000158,2025-10-17 22:45:51
09:59:39,25.47,0.02,607,1545319,买盘,000158,2025-10-17 22:45:51
09:59:42,25.49,0.02,895,2280219,买盘,000158,2025-10-17 22:45:51
09:59:45,25.5,0.01,567,1445636,买盘,000158,2025-10-17 22:45:51
09:59:48,25.52,0.02,1444,3682091,买盘,000158,2025-10-17 22:45:51
09:59:51,25.53,0.01,556,1418894,买盘,000158,2025-10-17 22:45:51
09:59:54,25.55,0.02,835,2132761,买盘,000158,2025-10-17 22:45:51
09:59:57,25.57,0.02,337,861236,买盘,000158,2025-10-17 22:45:51
10:00:00,25.59,0.02,298,762209,买盘,000158,2025-10-17 22:45:51
10:00:03,25.59,0.0,837,2142228,买盘,000158,2025-10-17 22:45:51
10:00:06,25.61,0.02,556,1423688,买盘,000158,2025-10-17 22:45:51
10:00:09,25.63,0.02,978,2504907,买盘,000158,2025-10-17 22:45:51
10:00:12,25.65,0.02,506,1297586,买盘,000158,2025-10-17 22:45:51
10:00:15,25.66,0.01,823,2111391,买盘,000158,2025-10-17 22:45:51
10:00:18,25.68,0.02,259,664790,买盘,000158,2025-10-17 22:45:51
10:00:21,25.69,0.01,896,2301028,买盘,000158,2025-10-17 22:45:51
10:00:24,25.7,0.01,664,1705984,买盘,000158,2025-10-17 22:45:51
10:00:27,25.7,0.0,728,1870866,买盘,000158,2025-10-17 22:45:51
10:00:30,25.72,0.02,778,2000931,买盘,000158,2025-10-17 22:45:51
10:00:33,25.73,0.01,504,1296852,中性盘,000158,2025-10-17 22:45:51
10:00:36,25.75,0.02,965,2484290,买盘,000158,2025-10-17 22:45:51
10:00:39,25.76,0.01,1693,4364109,买盘,000158,2025-10-17 22:45:51
10:00:42,25.76,0.0,208,536116,卖盘,000158,2025-10-17 22:45:51
10:00:45,25.8,0.04,1221,3147438,买盘,000158,2025-10-17 22:45:51
10:00:48,25.8,0.0,1599,4121242,买盘,000158,2025-10-17 22:45:51
10:00:51,25.8,0.0,1461,3766605,买盘,000158,2025-10-17 22:45:51
10:00:54,25.8,0.0,1215,3134355,买盘,000158,2025-10-17 22:45:51
10:00:57,25.8,0.0,1678,4329480,卖盘,000158,2025-10-17 22:45:51
10:01:00,25.75,-0.05,1014,2613568,卖盘,000158,2025-10-17 22:45:51
10:01:03,25.7,-0.05,2505,6452189,卖盘,000158,2025-10-17 22:45:51
10:01:06,25.7,0.0,1885,4846607,卖盘,000158,2025-10-17 22:45:51
10:01:09,25.68,-0.02,866,2224630,卖盘,000158,2025-10-17 22:45:51
10:01:12,25.68,0.0,712,1827848,卖盘,000158,2025-10-17 22:45:51
10:01:15,25.63,-0.05,617,1582560,卖盘,000158,2025-10-17 22:45:51
10:01:18,25.61,-0.02,616,1578782,卖盘,000158,2025-10-17 22:45:51
10:01:21,25.59,-0.02,599,1533608,卖盘,000158,2025-10-17 22:45:51
10:01:24,25.58,-0.01,529,1353358,卖盘,000158,2025-10-17 22:45:51
10:01:27,25.57,-0.01,400,1022747,卖盘,000158,2025-10-17 22:45:51
10:01:30,25.54,-0.03,550,1405553,卖盘,000158,2025-10-17 22:45:51
10:01:33,25.52,-0.02,595,1519151,卖盘,000158,2025-10-17 22:45:51
10:01:36,25.51,-0.01,876,2235266,卖盘,000158,2025-10-17 22:45:51
10:01:39,25.49,-0.02,728,1856605,卖盘,000158,2025-10-17 22:45:51
10:01:42,25.48,-0.01,730,1860878,卖盘,000158,2025-10-17 22:45:51
10:01:45,25.47,-0.01,498,1268733,卖盘,000158,2025-10-17 22:45:51
10:01:48,25.46,-0.01,523,1332087,卖盘,000158,2025-10-17 22:45:51
10:01:51,25.45,-0.01,513,1305689,卖盘,000158,2025-10-17 22:45:51
10:01:54,25.44,-0.01,891,2267666,卖盘,000158,2025-10-17 22:45:51
10:01:57,25.42,-0.02,537,1365936,卖盘,000158,2025-10-17 22:45:51
10:02:00,25.42,0.0,1980,5037234,卖盘,000158,2025-10-17 22:45:51
10:02:03,25.4,-0.02,1388,3527737,卖盘,000158,2025-10-17 22:45:51
10:02:06,25.4,0.0,364,924520,买盘,000158,2025-10-17 22:45:51
10:02:09,25.4,0.0,1155,2933567,买盘,000158,2025-10-17 22:45:51
10:02:12,25.38,-0.02,1022,2595377,卖盘,000158,2025-10-17 22:45:51
10:02:15,25.39,0.01,627,1591260,买盘,000158,2025-10-17 22:45:51
10:02:18,25.38,-0.01,705,1788989,买盘,000158,2025-10-17 22:45:51
10:02:21,25.39,0.01,1021,2590775,买盘,000158,2025-10-17 22:45:51
10:02:24,25.39,0.0,942,2391435,买盘,000158,2025-10-17 22:45:51
10:02:27,25.4,0.01,701,1780200,买盘,000158,2025-10-17 22:45:51
10:02:30,25.4,0.0,816,2072950,买盘,000158,2025-10-17 22:45:51
10:02:33,25.42,0.02,521,1324009,买盘,000158,2025-10-17 22:45:51
10:02:36,25.43,0.01,631,1604109,买盘,000158,2025-10-17 22:45:51
10:02:39,25.44,0.01,387,984369,买盘,000158,2025-10-17 22:45:51
10:02:42,25.45,0.01,502,1277913,买盘,000158,2025-10-17 22:45:51
10:02:45,25.45,0.0,458,1166227,卖盘,000158,2025-10-17 22:45:51
10:02:48,25.48,0.03,313,797431,买盘,000158,2025-10-17 22:45:51
10:02:51,25.49,0.01,660,1681869,买盘,000158,2025-10-17 22:45:51
10:02:54,25.5,0.01,454,1157630,买盘,000158,2025-10-17 22:45:51
10:02:57,25.51,0.01,816,2079852,买盘,000158,2025-10-17 22:45:51
10:03:00,25.51,0.0,437,1114573,买盘,000158,2025-10-17 22:45:51
10:03:03,25.51,0.0,379,967084,卖盘,000158,2025-10-17 22:45:51
10:03:06,25.52,0.01,551,1405998,买盘,000158,2025-10-17 22:45:51
10:03:09,25.53,0.01,585,1493184,买盘,000158,2025-10-17 22:45:51
10:03:12,25.53,0.0,795,2029464,买盘,000158,2025-10-17 22:45:51
10:03:15,25.53,0.0,244,623132,买盘,000158,2025-10-17 22:45:51
10:03:18,25.55,0.02,1154,2946792,买盘,000158,2025-10-17 22:45:51
10:03:21,25.55,0.0,448,1144335,买盘,000158,2025-10-17 22:45:51
10:03:24,25.55,0.0,742,1895859,买盘,000158,2025-10-17 22:45:51
10:03:27,25.56,0.01,677,1730188,买盘,000158,2025-10-17 22:45:51
10:03:30,25.56,0.0,371,948421,卖盘,000158,2025-10-17 22:45:51
10:03:33,25.57,0.01,589,1505808,买盘,000158,2025-10-17 22:45:51
10:03:36,25.58,0.01,361,923219,买盘,000158,2025-10-17 22:45:51
10:03:39,25.59,0.01,386,987347,买盘,000158,2025-10-17 22:45:51
10:03:42,25.59,0.0,346,885278,买盘,000158,2025-10-17 22:45:51
10:03:45,25.6,0.01,475,1215649,买盘,000158,2025-10-17 22:45:51
10:03:48,25.6,0.0,740,1894296,买盘,000158,2025-10-17 22:45:51
10:03:51,25.6,0.0,299,765468,买盘,000158,2025-10-17 22:45:51
10:03:54,25.61,0.01,578,1479946,买盘,000158,2025-10-17 22:45:51
10:03:57,25.61,0.0,543,1390585,买盘,000158,2025-10-17 22:45:51
10:04:00,25.61,0.0,355,909384,卖盘,000158,2025-10-17 22:45:51
10:04:03,25.62,0.01,516,1322195,卖盘,000158,2025-10-17 22:45:51
10:04:06,25.63,0.01,782,2004049,买盘,000158,2025-10-17 22:45:51
10:04:09,25.64,0.01,398,1020153,买盘,000158,2025-10-17 22:45:51
10:04:12,25.65,0.01,177,453903,买盘,000158,2025-10-17 22:45:51
10:04:15,25.64,-0.01,1110,2846090,卖盘,000158,2025-10-17 22:45:51
10:04:18,25.64,0.0,697,1787488,买盘,000158,2025-10-17 22:45:51
10:04:21,25.63,-0.01,1238,3173929,卖盘,000158,2025-10-17 22:45:51
10:04:24,25.62,-0.01,863,2211874,卖盘,000158,2025-10-17 22:45:51
10:04:27,25.61,-0.01,1380,3534739,卖盘,000158,2025-10-17 22:45:51
10:04:30,25.6,-0.01,1313,3361925,卖盘,000158,2025-10-17 22:45:51
10:04:33,25.6,0.0,497,1272202,买盘,000158,2025-10-17 22:45:51
10:04:36,25.59,-0.01,1261,3226782,卖盘,000158,2025-10-17 22:45:51
10:04:39,25.58,-0.01,611,1562908,卖盘,000158,2025-10-17 22:45:51
10:04:42,25.58,0.0,586,1498813,买盘,000158,2025-10-17 22:45:51
10:04:45,25.57,-0.01,543,1388232,卖盘,000158,2025-10-17 22:45:51
10:04:48,25.55,-0.02,511,1306210,卖盘,000158,2025-10-17 22:45:51
10:04:51,25.55,0.0,909,2322798,卖盘,000158,2025-10-17 22:45:51
10:04:54,25.53,-0.02,277,707539,卖盘,000158,2025-10-17 22:45:51
10:04:57,25.53,0.0,364,929377,卖盘,000158,2025-10-17 22:45:51
10:05:00,25.53,0.0,349,890787,卖盘,000158,2025-10-17 22:45:51
10:05:03,25.52,-0.01,680,1734889,卖盘,000158,2025-10-17 22:45:51
10:05:06,25.51,-0.01,213,543236,中性盘,000158,2025-10-17 22:45:51
10:05:09,25.5,-0.01,528,1346539,卖盘,000158,2025-10-17 22:45:51
10:05:12,25.5,0.0,407,1037896,卖盘,000158,2025-10-17 22:45:51
10:05:15,25.49,-0.01,570,1453457,卖盘,000158,2025-10-17 22:45:51
10:05:18,25.48,-0.01,698,1779478,卖盘,000158,2025-10-17 22:45:51
10:05:21,25.48,0.0,272,693245,卖盘,000158,2025-10-17 22:45:51
10:05:24,25.48,0.0,469,1195019,卖盘,000158,2025-10-17 22:45:51
10:05:27,25.46,-0.02,821,2090916,卖盘,000158,2025-10-17 22:45:51
10:05:30,25.46,0.0,237,603304,买盘,000158,2025-10-17 22:45:51
10:05:33,25.45,-0.01,492,1252644,卖盘,000158,2025-10-17 22:45:51
10:05:36,25.45,0.0,476,1211409,卖盘,000158,2025-10-17 22:45:51
10:05:39,25.45,0.0,365,928882,买盘,000158,2025-10-17 22:45:51
10:05:42,25.45,0.0,816,2076344,买盘,000158,2025-10-17 22:45:51
10:05:45,25.45,0.0,618,1572481,买盘,000158,2025-10-17 22:45:51
10:05:48,25.45,0.0,748,1903457,买盘,000158,2025-10-17 22:45:51
10:05:51,25.47,0.02,694,1766388,买盘,000158,2025-10-17 22:45:51
10:05:54,25.46,-0.01,312,794360,卖盘,000158,2025-10-17 22:45:51
10:05:57,25.46,0.0,493,1255417,卖盘,000158,2025-10-17 22:45:51
10:06:00,25.46,0.0,513,1306369,卖盘,000158,2025-10-17 22:45:51
10:06:03,25.48,0.02,478,1217380,买盘,000158,2025-10-17 22:45:51
10:06:06,25.47,-0.01,940,2393517,中性盘,000158,2025-10-17 22:45:51
10:06:09,25.46,-0.01,530,1349913,卖盘,000158,2025-10-17 22:45:51
10:06:12,25.46,0.0,284,723305,卖盘,000158,2025-10-17 22:45:51
10:06:15,25.47,0.01,594,1512965,买盘,000158,2025-10-17 22:45:51
10:06:18,25.48,0.01,411,1046941,买盘,000158,2025-10-17 22:45:51
10:06:21,25.48,0.0,462,1176996,买盘,000158,2025-10-17 22:45:51
10:06:24,25.49,0.01,179,456100,买盘,000158,2025-10-17 22:45:51
10:06:27,25.48,-0.01,355,904763,卖盘,000158,2025-10-17 22:45:51
10:06:30,25.49,0.01,725,1848179,买盘,000158,2025-10-17 22:45:51
10:06:33,25.5,0.01,201,512406,买盘,000158,2025-10-17 22:45:51
10:06:36,25.5,0.0,548,1397202,买盘,000158,2025-10-17 22:45:51
10:06:39,25.5,0.0,315,803158,买盘,000158,2025-10-17 22:45:51
10:06:42,25.49,-0.01,585,1491661,卖盘,000158,2025-10-17 22:45:51
10:06:45,25.49,0.0,312,795488,卖盘,000158,2025-10-17 22:45:51
10:06:48,25.49,0.0,448,1142249,卖盘,000158,2025-10-17 22:45:51
10:06:51,25.5,0.01,367,935712,买盘,000158,2025-10-17 22:45:51
10:06:54,25.5,0.0,496,1264701,买盘,000158,2025-10-17 22:45:51
10:06:57,25.5,0.0,740,1886922,买盘,000158,2025-10-17 22:45:51
10:07:00,25.5,0.0,792,2020102,卖盘,000158,2025-10-17 22:45:51
10:07:03,25.51,0.01,303,772737,买盘,000158,2025-10-17 22:45:51
10:07:06,25.51,0.0,202,515177,买盘,000158,2025-10-17 22:45:51
10:07:09,25.5,-0.01,445,1135020,卖盘,000158,2025-10-17 22:45:51
10:07:12,25.51,0.01,360,918290,买盘,000158,2025-10-17 22:45:51
10:07:15,25.51,0.0,273,696391,卖盘,000158,2025-10-17 22:45:51
10:07:18,25.52,0.01,537,1370168,买盘,000158,2025-10-17 22:45:51
10:07:21,25.52,0.0,176,449112,卖盘,000158,2025-10-17 22:45:51
10:07:24,25.53,0.01,709,1810038,买盘,000158,2025-10-17 22:45:51
10:07:27,25.53,0.0,269,686770,卖盘,000158,2025-10-17 22:45:51
10:07:30,25.54,0.01,259,661419,买盘,000158,2025-10-17 22:45:51
10:07:33,25.54,0.0,293,748333,买盘,000158,2025-10-17 22:45:51
10:07:36,25.55,0.01,375,957980,买盘,000158,2025-10-17 22:45:51
10:07:39,25.55,0.0,388,991069,买盘,000158,2025-10-17 22:45:51
10:07:42,25.55,0.0,271,692426,买盘,000158,2025-10-17 22:45:51
10:07:45,25.56,0.01,103,263222,买盘,000158,2025-10-17 22:45:51
10:07:48,25.56,0.0,163,416582,买盘,000158,2025-10-17 22:45:51
10:07:51,25.56,0.0,561,1433814,买盘,000158,2025-10-17 22:45:51
10:07:54,25.56,0.0,260,664672,买盘,000158,2025-10-17 22:45:51
10:07:57,25.56,0.0,122,311883,卖盘,000158,2025-10-17 22:45:51
10:08:00,25.58,0.02,510,1303925,买盘,000158,2025-10-17 22:45:51
10:08:03,25.58,0.0,716,1830394,买盘,000158,2025-10-17 22:45:51
10:08:06,25.58,0.0,336,859432,买盘,000158,2025-10-17 22:45:51
10:08:09,25.58,0.0,412,1053646,买盘,000158,2025-10-17 22:45:51
10:08:12,25.58,0.0,492,1258338,买盘,000158,2025-10-17 22:45:51
10:08:15,25.58,0.0,584,1493749,买盘,000158,2025-10-17 22:45:51
10:08:18,25.59,0.01,377,964439,买盘,000158,2025-10-17 22:45:51
10:08:21,25.59,0.0,460,1176976,买盘,000158,2025-10-17 22:45:51
10:08:24,25.59,0.0,384,982547,买盘,000158,2025-10-17 22:45:51
10:08:27,25.59,0.0,194,496472,卖盘,000158,2025-10-17 22:45:51
10:08:30,25.59,0.0,747,1911910,卖盘,000158,2025-10-17 22:45:51
10:08:33,25.58,-0.01,360,921086,卖盘,000158,2025-10-17 22:45:51
10:08:36,25.59,0.01,863,2207887,买盘,000158,2025-10-17 22:45:51
10:08:39,25.59,0.0,588,1504373,买盘,000158,2025-10-17 22:45:51
10:08:42,25.58,-0.01,424,1084781,卖盘,000158,2025-10-17 22:45:51
10:08:45,25.58,0.0,755,1931674,卖盘,000158,2025-10-17 22:45:51
10:08:48,25.58,0.0,691,1767874,卖盘,000158,2025-10-17 22:45:51
10:08:51,25.58,0.0,818,2092557,卖盘,000158,2025-10-17 22:45:51
10:08:54,25.58,0.0,328,839064,卖盘,000158,2025-10-17 22:45:51
10:08:57,25.58,0.0,219,560193,买盘,000158,2025-10-17 22:45:51
10:09:00,25.57,-0.01,1104,2823795,卖盘,000158,2025-10-17 22:45:51
10:09:03,25.57,0.0,309,790045,买盘,000158,2025-10-17 22:45:51
10:09:06,25.56,-0.01,405,1035372,卖盘,000158,2025-10-17 22:45:51
10:09:09,25.55,-0.01,456,1165591,卖盘,000158,2025-10-17 22:45:51
10:09:12,25.56,0.01,342,874000,买盘,000158,2025-10-17 22:45:51
10:09:15,25.55,-0.01,1369,3496706,卖盘,000158,2025-10-17 22:45:51
10:09:18,25.55,0.0,232,592731,买盘,000158,2025-10-17 22:45:51
10:09:21,25.54,-0.01,68,173676,中性盘,000158,2025-10-17 22:45:51
10:09:24,25.53,-0.01,241,615404,卖盘,000158,2025-10-17 22:45:51
10:09:27,25.53,0.0,95,242535,买盘,000158,2025-10-17 22:45:51
10:09:30,25.51,-0.02,301,768252,卖盘,000158,2025-10-17 22:45:51
10:09:33,25.51,0.0,183,466910,卖盘,000158,2025-10-17 22:45:51
10:09:36,25.51,0.0,434,1107168,卖盘,000158,2025-10-17 22:45:51
10:09:39,25.5,-0.01,206,525390,卖盘,000158,2025-10-17 22:45:51
10:09:42,25.5,0.0,238,606968,卖盘,000158,2025-10-17 22:45:51
10:09:45,25.5,0.0,561,1430555,卖盘,000158,2025-10-17 22:45:51
10:09:48,25.5,0.0,209,532904,买盘,000158,2025-10-17 22:45:51
10:09:51,25.5,0.0,769,1960616,买盘,000158,2025-10-17 22:45:51
10:09:54,25.49,-0.01,427,1088623,买盘,000158,2025-10-17 22:45:51
10:09:57,25.49,0.0,142,361872,买盘,000158,2025-10-17 22:45:51
10:10:00,25.49,0.0,545,1388782,买盘,000158,2025-10-17 22:45:51
10:10:03,25.48,-0.01,396,1009066,卖盘,000158,2025-10-17 22:45:51
10:10:06,25.48,0.0,297,756624,买盘,000158,2025-10-17 22:45:51
10:10:09,25.48,0.0,192,489104,买盘,000158,2025-10-17 22:45:51
10:10:12,25.47,-0.01,265,674295,卖盘,000158,2025-10-17 22:45:51
10:10:15,25.47,0.0,314,799557,买盘,000158,2025-10-17 22:45:51
10:10:18,25.46,-0.01,259,659486,卖盘,000158,2025-10-17 22:45:51
10:10:21,25.46,0.0,112,285140,买盘,000158,2025-10-17 22:45:51
10:10:24,25.46,0.0,563,1432952,买盘,000158,2025-10-17 22:45:51
10:10:27,25.45,-0.01,388,987588,卖盘,000158,2025-10-17 22:45:51
10:10:30,25.46,0.01,476,1211618,买盘,000158,2025-10-17 22:45:51
10:10:33,25.45,-0.01,450,1145333,卖盘,000158,2025-10-17 22:45:51
10:10:36,25.45,0.0,151,384295,买盘,000158,2025-10-17 22:45:51
10:10:39,25.45,0.0,235,598005,买盘,000158,2025-10-17 22:45:51
10:10:42,25.44,-0.01,419,1066096,卖盘,000158,2025-10-17 22:45:51
10:10:45,25.43,-0.01,525,1335740,卖盘,000158,2025-10-17 22:45:51
10:10:48,25.44,0.01,193,490856,买盘,000158,2025-10-17 22:45:51
10:10:51,25.43,-0.01,408,1037300,卖盘,000158,2025-10-17 22:45:51
10:10:54,25.43,0.0,181,460256,买盘,000158,2025-10-17 22:45:51
10:10:57,25.43,0.0,436,1108628,买盘,000158,2025-10-17 22:45:51
10:11:00,25.42,-0.01,383,974057,卖盘,000158,2025-10-17 22:45:51
10:11:03,25.42,0.0,330,838975,卖盘,000158,2025-10-17 22:45:51
10:11:06,25.41,-0.01,480,1220297,卖盘,000158,2025-10-17 22:45:51
10:11:09,25.42,0.01,153,388868,买盘,000158,2025-10-17 22:45:51
10:11:12,25.41,-0.01,528,1341767,卖盘,000158,2025-10-17 22:45:51
10:11:15,25.41,0.0,802,2037969,卖盘,000158,2025-10-17 22:45:51
10:11:18,25.41,0.0,288,731799,买盘,000158,2025-10-17 22:45:51
10:11:21,25.4,-0.01,531,1348853,卖盘,000158,2025-10-17 22:45:51
10:11:24,25.4,0.0,455,1155904,卖盘,000158,2025-10-17 22:45:51
10:11:27,25.4,0.0,487,1237016,卖盘,000158,2025-10-17 22:45:51
10:11:30,25.4,0.0,1115,2832188,卖盘,000158,2025-10-17 22:45:51
10:11:33,25.4,0.0,638,1620609,卖盘,000158,2025-10-17 22:45:51
10:11:36,25.39,-0.01,194,492730,卖盘,000158,2025-10-17 22:45:51
10:11:39,25.39,0.0,383,972640,卖盘,000158,2025-10-17 22:45:51
10:11:42,25.39,0.0,235,596661,卖盘,000158,2025-10-17 22:45:51
10:11:45,25.39,0.0,167,423969,买盘,000158,2025-10-17 22:45:51
10:11:48,25.38,-0.01,389,987371,卖盘,000158,2025-10-17 22:45:51
10:11:51,25.39,0.01,745,1890977,买盘,000158,2025-10-17 22:45:51
10:11:54,25.38,-0.01,241,611619,卖盘,000158,2025-10-17 22:45:51
10:11:57,25.38,0.0,244,619259,买盘,000158,2025-10-17 22:45:51
10:12:00,25.38,0.0,431,1093699,买盘,000158,2025-10-17 22:45:51
10:12:03,25.37,-0.01,635,1611151,卖盘,000158,2025-10-17 22:45:51
10:12:06,25.37,0.0,489,1240291,买盘,000158,2025-10-17 22:45:51
10:12:09,25.36,-0.01,250,634111,卖盘,000158,2025-10-17 22:45:51
10:12:12,25.35,-0.01,218,552884,卖盘,000158,2025-10-17 22:45:51
10:12:15,25.35,0.0,452,1146334,卖盘,000158,2025-10-17 22:45:51
10:12:18,25.35,0.0,504,1277654,卖盘,000158,2025-10-17 22:45:51
10:12:21,25.34,-0.01,754,1911321,卖盘,000158,2025-10-17 22:45:51
10:12:24,25.34,0.0,63,159659,买盘,000158,2025-10-17 22:45:51
10:12:27,25.33,-0.01,266,673841,卖盘,000158,2025-10-17 22:45:51
10:12:30,25.33,0.0,769,1948433,卖盘,000158,2025-10-17 22:45:51
10:12:33,25.32,-0.01,894,2263703,卖盘,000158,2025-10-17 22:45:51
10:12:36,25.32,0.0,74,187384,卖盘,000158,2025-10-17 22:45:51
10:12:39,25.32,0.0,228,577153,买盘,000158,2025-10-17 22:45:51
10:12:42,25.32,0.0,405,1025186,买盘,000158,2025-10-17 22:45:51
10:12:45,25.31,-0.01,435,1101053,卖盘,000158,2025-10-17 22:45:51
10:12:48,25.31,0.0,816,2065410,卖盘,000158,2025-10-17 22:45:51
10:12:51,25.3,-0.01,1183,2993107,卖盘,000158,2025-10-17 22:45:51
10:12:54,25.3,0.0,626,1584074,卖盘,000158,2025-10-17 22:45:51
10:12:57,25.3,0.0,1032,2611044,卖盘,000158,2025-10-17 22:45:51
10:13:00,25.3,0.0,624,1578882,卖盘,000158,2025-10-17 22:45:51
10:13:03,25.29,-0.01,170,430025,卖盘,000158,2025-10-17 22:45:51
10:13:06,25.29,0.0,477,1206564,卖盘,000158,2025-10-17 22:45:51
10:13:09,25.28,-0.01,863,2182593,卖盘,000158,2025-10-17 22:45:51
10:13:12,25.28,0.0,443,1120167,卖盘,000158,2025-10-17 22:45:51
10:13:15,25.29,0.01,767,1939088,买盘,000158,2025-10-17 22:45:51
10:13:18,25.28,-0.01,976,2467477,卖盘,000158,2025-10-17 22:45:51
10:13:21,25.28,0.0,663,1676194,买盘,000158,2025-10-17 22:45:51
10:13:24,25.28,0.0,526,1329566,买盘,000158,2025-10-17 22:45:51
10:13:27,25.28,0.0,878,2219302,买盘,000158,2025-10-17 22:45:51
10:13:30,25.28,0.0,783,1979117,卖盘,000158,2025-10-17 22:45:51
10:13:33,25.28,0.0,536,1355051,买盘,000158,2025-10-17 22:45:51
10:13:36,25.27,-0.01,443,1119815,卖盘,000158,2025-10-17 22:45:51
10:13:39,25.27,0.0,302,763469,买盘,000158,2025-10-17 22:45:51
10:13:42,25.27,0.0,373,942682,卖盘,000158,2025-10-17 22:45:51
10:13:45,25.29,0.02,590,1491109,买盘,000158,2025-10-17 22:45:51
10:13:48,25.28,-0.01,544,1375163,卖盘,000158,2025-10-17 22:45:51
10:13:51,25.29,0.01,673,1700824,买盘,000158,2025-10-17 22:45:51
10:13:54,25.28,-0.01,471,1191003,卖盘,000158,2025-10-17 22:45:51
10:13:57,25.29,0.01,460,1163575,中性盘,000158,2025-10-17 22:45:51
10:14:00,25.29,0.0,737,1864205,卖盘,000158,2025-10-17 22:45:51
10:14:03,25.29,0.0,615,1555459,卖盘,000158,2025-10-17 22:45:51
10:14:06,25.29,0.0,448,1133165,买盘,000158,2025-10-17 22:45:51
10:14:09,25.3,0.01,428,1082651,买盘,000158,2025-10-17 22:45:51
10:14:12,25.3,0.0,624,1578669,买盘,000158,2025-10-17 22:45:51
10:14:15,25.3,0.0,311,786958,卖盘,000158,2025-10-17 22:45:51
10:14:18,25.32,0.02,459,1161673,买盘,000158,2025-10-17 22:45:51
10:14:21,25.32,0.0,458,1159351,买盘,000158,2025-10-17 22:45:51
10:14:24,25.32,0.0,525,1329332,买盘,000158,2025-10-17 22:45:51
10:14:27,25.33,0.01,323,818055,买盘,000158,2025-10-17 22:45:51
10:14:30,25.33,0.0,176,445831,买盘,000158,2025-10-17 22:45:51
10:14:33,25.35,0.02,217,549811,买盘,000158,2025-10-17 22:45:51
10:14:36,25.35,0.0,349,884449,买盘,000158,2025-10-17 22:45:51
10:14:39,25.37,0.02,520,1319010,买盘,000158,2025-10-17 22:45:51
10:14:42,25.37,0.0,360,913528,卖盘,000158,2025-10-17 22:45:51
10:14:45,25.39,0.02,94,238580,买盘,000158,2025-10-17 22:45:51
10:14:48,25.4,0.01,329,835242,买盘,000158,2025-10-17 22:45:51
10:14:51,25.4,0.0,431,1094711,买盘,000158,2025-10-17 22:45:51
10:14:54,25.41,0.01,372,944896,买盘,000158,2025-10-17 22:45:51
10:14:57,25.41,0.0,464,1179259,买盘,000158,2025-10-17 22:45:51
10:15:00,25.42,0.01,147,373630,买盘,000158,2025-10-17 22:45:51
10:15:03,25.43,0.01,342,869187,买盘,000158,2025-10-17 22:45:51
10:15:06,25.42,-0.01,160,406813,卖盘,000158,2025-10-17 22:45:51
10:15:09,25.43,0.01,88,223837,买盘,000158,2025-10-17 22:45:51
10:15:12,25.45,0.02,224,569705,买盘,000158,2025-10-17 22:45:51
10:15:15,25.45,0.0,183,465625,买盘,000158,2025-10-17 22:45:51
10:15:18,25.45,0.0,496,1262322,买盘,000158,2025-10-17 22:45:51
10:15:21,25.46,0.01,105,267270,买盘,000158,2025-10-17 22:45:51
10:15:24,25.47,0.01,259,659457,买盘,000158,2025-10-17 22:45:51
10:15:27,25.47,0.0,94,239383,买盘,000158,2025-10-17 22:45:51
10:15:30,25.48,0.01,217,552839,买盘,000158,2025-10-17 22:45:51
10:15:33,25.48,0.0,172,438206,买盘,000158,2025-10-17 22:45:51
10:15:36,25.49,0.01,119,303314,买盘,000158,2025-10-17 22:45:51
10:15:39,25.49,0.0,556,1417519,买盘,000158,2025-10-17 22:45:51
10:15:42,25.5,0.01,457,1164960,买盘,000158,2025-10-17 22:45:51
10:15:45,25.49,-0.01,505,1287661,卖盘,000158,2025-10-17 22:45:51
10:15:48,25.5,0.01,1241,3164422,买盘,000158,2025-10-17 22:45:51
10:15:51,25.5,0.0,522,1331114,买盘,000158,2025-10-17 22:45:51
10:15:54,25.5,0.0,237,605156,卖盘,000158,2025-10-17 22:45:51
10:15:57,25.51,0.01,330,841731,买盘,000158,2025-10-17 22:45:51
10:16:00,25.52,0.01,167,425991,买盘,000158,2025-10-17 22:45:51
10:16:03,25.52,0.0,148,377649,买盘,000158,2025-10-17 22:45:51
10:16:06,25.52,0.0,299,762976,买盘,000158,2025-10-17 22:45:51
10:16:09,25.53,0.01,170,433854,买盘,000158,2025-10-17 22:45:51
10:16:12,25.52,-0.01,403,1028753,卖盘,000158,2025-10-17 22:45:51
10:16:15,25.53,0.01,191,487663,卖盘,000158,2025-10-17 22:45:51
10:16:18,25.53,0.0,377,962679,卖盘,000158,2025-10-17 22:45:51
10:16:21,25.54,0.01,482,1231026,买盘,000158,2025-10-17 22:45:51
10:16:24,25.54,0.0,451,1151835,卖盘,000158,2025-10-17 22:45:51
10:16:27,25.55,0.01,338,863424,买盘,000158,2025-10-17 22:45:51
10:16:30,25.55,0.0,377,963103,买盘,000158,2025-10-17 22:45:51
10:16:33,25.53,-0.02,329,840337,卖盘,000158,2025-10-17 22:45:51
10:16:36,25.53,0.0,397,1014128,卖盘,000158,2025-10-17 22:45:51
10:16:39,25.53,0.0,639,1631717,卖盘,000158,2025-10-17 22:45:51
10:16:42,25.51,-0.02,1218,3107307,卖盘,000158,2025-10-17 22:45:51
10:16:45,25.52,0.01,537,1369540,买盘,000158,2025-10-17 22:45:51
10:16:48,25.5,-0.02,175,445485,卖盘,000158,2025-10-17 22:45:51
10:16:51,25.49,-0.01,264,673128,卖盘,000158,2025-10-17 22:45:51
10:16:54,25.49,0.0,220,560818,卖盘,000158,2025-10-17 22:45:51
10:16:57,25.49,0.0,334,851189,买盘,000158,2025-10-17 22:45:51
10:17:00,25.47,-0.02,174,443373,卖盘,000158,2025-10-17 22:45:51
10:17:03,25.48,0.01,207,527334,买盘,000158,2025-10-17 22:45:51
10:17:06,25.47,-0.01,299,761516,卖盘,000158,2025-10-17 22:45:51
10:17:09,25.46,-0.01,169,430310,卖盘,000158,2025-10-17 22:45:51
10:17:12,25.46,0.0,194,493913,买盘,000158,2025-10-17 22:45:51
10:17:15,25.44,-0.02,402,1023233,卖盘,000158,2025-10-17 22:45:51
10:17:18,25.45,0.01,150,381703,买盘,000158,2025-10-17 22:45:51
10:17:21,25.44,-0.01,318,809014,卖盘,000158,2025-10-17 22:45:51
10:17:24,25.44,0.0,144,366334,买盘,000158,2025-10-17 22:45:51
10:17:27,25.44,0.0,294,747689,买盘,000158,2025-10-17 22:45:51
10:17:30,25.44,0.0,267,679089,买盘,000158,2025-10-17 22:45:51
10:17:33,25.43,-0.01,184,467871,卖盘,000158,2025-10-17 22:45:51
10:17:36,25.43,0.0,370,940994,买盘,000158,2025-10-17 22:45:51
10:17:39,25.43,0.0,375,953598,中性盘,000158,2025-10-17 22:45:51
10:17:42,25.42,-0.01,169,429741,卖盘,000158,2025-10-17 22:45:51
10:17:45,25.42,0.0,120,305028,买盘,000158,2025-10-17 22:45:51
10:17:48,25.42,0.0,102,259226,买盘,000158,2025-10-17 22:45:51
10:17:51,25.41,-0.01,235,597255,卖盘,000158,2025-10-17 22:45:51
10:17:54,25.41,0.0,240,609936,卖盘,000158,2025-10-17 22:45:51
10:17:57,25.41,0.0,654,1661379,买盘,000158,2025-10-17 22:45:51
10:18:00,25.4,-0.01,189,480164,卖盘,000158,2025-10-17 22:45:51
10:18:03,25.4,0.0,268,680379,买盘,000158,2025-10-17 22:45:51
10:18:06,25.39,-0.01,42,106634,买盘,000158,2025-10-17 22:45:51
10:18:09,25.38,-0.01,127,322391,卖盘,000158,2025-10-17 22:45:51
10:18:12,25.38,0.0,182,461962,卖盘,000158,2025-10-17 22:45:51
10:18:15,25.37,-0.01,109,276612,卖盘,000158,2025-10-17 22:45:51
10:18:18,25.37,0.0,111,281681,卖盘,000158,2025-10-17 22:45:51
10:18:21,25.37,0.0,221,560784,卖盘,000158,2025-10-17 22:45:51
10:18:24,25.37,0.0,123,312044,买盘,000158,2025-10-17 22:45:51
10:18:27,25.36,-0.01,203,514873,卖盘,000158,2025-10-17 22:45:51
10:18:30,25.36,0.0,151,382956,买盘,000158,2025-10-17 22:45:51
10:18:33,25.36,0.0,133,337228,中性盘,000158,2025-10-17 22:45:51
10:18:36,25.35,-0.01,307,778420,卖盘,000158,2025-10-17 22:45:51
10:18:39,25.36,0.01,240,608567,买盘,000158,2025-10-17 22:45:51
10:18:42,25.37,0.01,444,1126067,买盘,000158,2025-10-17 22:45:51
10:18:45,25.36,-0.01,216,547814,卖盘,000158,2025-10-17 22:45:51
10:18:48,25.37,0.01,227,575798,买盘,000158,2025-10-17 22:45:51
10:18:51,25.35,-0.02,546,1384230,卖盘,000158,2025-10-17 22:45:51
10:18:54,25.36,0.01,169,428551,买盘,000158,2025-10-17 22:45:51
10:18:57,25.36,0.0,217,550238,买盘,000158,2025-10-17 22:45:51
10:19:00,25.36,0.0,435,1102945,买盘,000158,2025-10-17 22:45:51
10:19:03,25.37,0.01,274,694827,买盘,000158,2025-10-17 22:45:51
10:19:06,25.37,0.0,195,494663,买盘,000158,2025-10-17 22:45:51
10:19:09,25.36,-0.01,425,1078144,卖盘,000158,2025-10-17 22:45:51
10:19:12,25.37,0.01,213,541202,买盘,000158,2025-10-17 22:45:51
10:19:15,25.37,0.0,447,1133459,卖盘,000158,2025-10-17 22:45:51
10:19:18,25.36,-0.01,109,276449,卖盘,000158,2025-10-17 22:45:51
10:19:21,25.37,0.01,49,124328,买盘,000158,2025-10-17 22:45:51
10:19:24,25.37,0.0,133,337431,卖盘,000158,2025-10-17 22:45:51
10:19:27,25.37,0.0,203,515051,卖盘,000158,2025-10-17 22:45:51
10:19:30,25.37,0.0,249,631820,卖盘,000158,2025-10-17 22:45:51
10:19:33,25.37,0.0,98,248653,卖盘,000158,2025-10-17 22:45:51
10:19:36,25.38,0.01,564,1430909,买盘,000158,2025-10-17 22:45:51
10:19:39,25.37,-0.01,99,251204,卖盘,000158,2025-10-17 22:45:51
10:19:42,25.38,0.01,175,444121,卖盘,000158,2025-10-17 22:45:51
10:19:45,25.37,-0.01,159,403540,卖盘,000158,2025-10-17 22:45:51
10:19:48,25.38,0.01,167,423912,买盘,000158,2025-10-17 22:45:51
10:19:51,25.38,0.0,94,238554,买盘,000158,2025-10-17 22:45:51
10:19:54,25.38,0.0,313,794401,卖盘,000158,2025-10-17 22:45:51
10:19:57,25.38,0.0,147,373067,买盘,000158,2025-10-17 22:45:51
10:20:00,25.38,0.0,100,253809,卖盘,000158,2025-10-17 22:45:51
10:20:03,25.38,0.0,69,175129,卖盘,000158,2025-10-17 22:45:51
10:20:06,25.4,0.02,551,1399355,买盘,000158,2025-10-17 22:45:51
10:20:09,25.4,0.0,158,401189,买盘,000158,2025-10-17 22:45:51
10:20:12,25.39,-0.01,79,200576,中性盘,000158,2025-10-17 22:45:51
10:20:15,25.4,0.01,147,373326,买盘,000158,2025-10-17 22:45:51
10:20:18,25.39,-0.01,470,1193213,卖盘,000158,2025-10-17 22:45:51
10:20:21,25.39,0.0,143,363075,买盘,000158,2025-10-17 22:45:51
10:20:24,25.4,0.01,268,680460,买盘,000158,2025-10-17 22:45:51
10:20:27,25.4,0.0,138,350479,买盘,000158,2025-10-17 22:45:51
10:20:30,25.4,0.0,162,411414,买盘,000158,2025-10-17 22:45:51
10:20:33,25.4,0.0,437,1109863,买盘,000158,2025-10-17 22:45:51
10:20:36,25.41,0.01,339,860952,买盘,000158,2025-10-17 22:45:51
10:20:39,25.4,-0.01,84,213362,卖盘,000158,2025-10-17 22:45:51
10:20:42,25.4,0.0,51,129555,卖盘,000158,2025-10-17 22:45:51
10:20:45,25.4,0.0,116,294711,卖盘,000158,2025-10-17 22:45:51
10:20:48,25.41,0.01,185,470002,买盘,000158,2025-10-17 22:45:51
10:20:51,25.4,-0.01,323,820649,卖盘,000158,2025-10-17 22:45:51
10:20:54,25.41,0.01,152,386226,买盘,000158,2025-10-17 22:45:51
10:20:57,25.41,0.0,105,266806,卖盘,000158,2025-10-17 22:45:51
10:21:00,25.41,0.0,467,1186681,卖盘,000158,2025-10-17 22:45:51
10:21:03,25.42,0.01,195,495522,买盘,000158,2025-10-17 22:45:51
10:21:06,25.42,0.0,123,312588,买盘,000158,2025-10-17 22:45:51
10:21:09,25.42,0.0,186,472809,买盘,000158,2025-10-17 22:45:51
10:21:12,25.42,0.0,67,170314,卖盘,000158,2025-10-17 22:45:51
10:21:15,25.43,0.01,148,376249,买盘,000158,2025-10-17 22:45:51
10:21:18,25.42,-0.01,141,358454,卖盘,000158,2025-10-17 22:45:51
10:21:21,25.43,0.01,204,518631,买盘,000158,2025-10-17 22:45:51
10:21:24,25.43,0.0,148,376346,买盘,000158,2025-10-17 22:45:51
10:21:27,25.42,-0.01,152,386470,卖盘,000158,2025-10-17 22:45:51
10:21:30,25.43,0.01,240,610241,买盘,000158,2025-10-17 22:45:51
10:21:33,25.43,0.0,153,388962,买盘,000158,2025-10-17 22:45:51
10:21:36,25.43,0.0,318,808717,买盘,000158,2025-10-17 22:45:51
10:21:39,25.44,0.01,393,999314,买盘,000158,2025-10-17 22:45:51
10:21:42,25.44,0.0,319,811432,买盘,000158,2025-10-17 22:45:51
10:21:45,25.44,0.0,100,254438,卖盘,000158,2025-10-17 22:45:51
10:21:48,25.45,0.01,309,786204,买盘,000158,2025-10-17 22:45:51
10:21:51,25.45,0.0,468,1191017,买盘,000158,2025-10-17 22:45:51
10:21:54,25.45,0.0,295,750704,买盘,000158,2025-10-17 22:45:51
10:21:57,25.45,0.0,172,437773,卖盘,000158,2025-10-17 22:45:51
10:22:00,25.46,0.01,166,422591,买盘,000158,2025-10-17 22:45:51
10:22:03,25.46,0.0,147,374266,买盘,000158,2025-10-17 22:45:51
10:22:06,25.47,0.01,475,1209884,买盘,000158,2025-10-17 22:45:51
10:22:09,25.48,0.01,146,371894,买盘,000158,2025-10-17 22:45:51
10:22:12,25.48,0.0,100,254772,买盘,000158,2025-10-17 22:45:51
10:22:15,25.49,0.01,208,529990,买盘,000158,2025-10-17 22:45:51
10:22:18,25.49,0.0,363,925038,买盘,000158,2025-10-17 22:45:51
10:22:21,25.49,0.0,189,481746,买盘,000158,2025-10-17 22:45:51
10:22:24,25.49,0.0,464,1182695,买盘,000158,2025-10-17 22:45:51
10:22:27,25.49,0.0,210,535215,卖盘,000158,2025-10-17 22:45:51
10:22:30,25.49,0.0,934,2381658,卖盘,000158,2025-10-17 22:45:51
10:22:33,25.5,0.01,89,226923,买盘,000158,2025-10-17 22:45:51
10:22:36,25.5,0.0,655,1670156,买盘,000158,2025-10-17 22:45:51
10:22:39,25.49,-0.01,1020,2600941,卖盘,000158,2025-10-17 22:45:51
10:22:42,25.5,0.01,651,1660002,买盘,000158,2025-10-17 22:45:51
10:22:45,25.5,0.0,701,1787399,买盘,000158,2025-10-17 22:45:51
10:22:48,25.5,0.0,415,1058191,买盘,000158,2025-10-17 22:45:51
10:22:51,25.49,-0.01,597,1522319,卖盘,000158,2025-10-17 22:45:51
10:22:54,25.5,0.01,263,670607,买盘,000158,2025-10-17 22:45:51
10:22:57,25.49,-0.01,723,1843059,卖盘,000158,2025-10-17 22:45:51
10:23:00,25.5,0.01,539,1374308,买盘,000158,2025-10-17 22:45:51
10:23:03,25.49,-0.01,167,425751,卖盘,000158,2025-10-17 22:45:51
10:23:06,25.49,0.0,227,578772,卖盘,000158,2025-10-17 22:45:51
10:23:09,25.5,0.01,303,772447,买盘,000158,2025-10-17 22:45:51
10:23:12,25.49,-0.01,350,892218,卖盘,000158,2025-10-17 22:45:51
10:23:15,25.49,0.0,237,604214,卖盘,000158,2025-10-17 22:45:51
10:23:18,25.49,0.0,415,1057914,卖盘,000158,2025-10-17 22:45:51
10:23:21,25.49,0.0,429,1093571,买盘,000158,2025-10-17 22:45:51
10:23:24,25.49,0.0,191,486794,买盘,000158,2025-10-17 22:45:51
10:23:27,25.49,0.0,328,835967,买盘,000158,2025-10-17 22:45:51
10:23:30,25.48,-0.01,88,224235,卖盘,000158,2025-10-17 22:45:51
10:23:33,25.48,0.0,324,825545,买盘,000158,2025-10-17 22:45:51
10:23:36,25.48,0.0,241,614007,买盘,000158,2025-10-17 22:45:51
10:23:39,25.48,0.0,119,303168,买盘,000158,2025-10-17 22:45:51
10:23:42,25.47,-0.01,140,356631,卖盘,000158,2025-10-17 22:45:51
10:23:45,25.47,0.0,161,410067,买盘,000158,2025-10-17 22:45:51
10:23:48,25.47,0.0,131,333610,买盘,000158,2025-10-17 22:45:51
10:23:51,25.47,0.0,184,468533,买盘,000158,2025-10-17 22:45:51
10:23:54,25.46,-0.01,159,404861,卖盘,000158,2025-10-17 22:45:51
10:23:57,25.45,-0.01,96,244407,卖盘,000158,2025-10-17 22:45:51
10:24:00,25.45,0.0,510,1298447,卖盘,000158,2025-10-17 22:45:51
10:24:03,25.45,0.0,485,1234553,卖盘,000158,2025-10-17 22:45:51
10:24:06,25.46,0.01,337,857948,买盘,000158,2025-10-17 22:45:51
10:24:09,25.45,-0.01,231,588003,卖盘,000158,2025-10-17 22:45:51
10:24:12,25.46,0.01,229,582937,买盘,000158,2025-10-17 22:45:51
10:24:15,25.45,-0.01,167,425143,卖盘,000158,2025-10-17 22:45:51
10:24:18,25.45,0.0,119,302954,卖盘,000158,2025-10-17 22:45:51
10:24:21,25.45,0.0,234,596303,卖盘,000158,2025-10-17 22:45:51
10:24:24,25.45,0.0,602,1531179,卖盘,000158,2025-10-17 22:45:51
10:24:27,25.43,-0.02,39,99240,卖盘,000158,2025-10-17 22:45:51
10:24:30,25.43,0.0,108,274763,卖盘,000158,2025-10-17 22:45:51
10:24:33,25.43,0.0,78,198386,卖盘,000158,2025-10-17 22:45:51
10:24:36,25.43,0.0,63,160264,卖盘,000158,2025-10-17 22:45:51
10:24:39,25.45,0.02,261,664000,买盘,000158,2025-10-17 22:45:51
10:24:42,25.43,-0.02,162,412038,卖盘,000158,2025-10-17 22:45:51
10:24:45,25.45,0.02,861,2191036,买盘,000158,2025-10-17 22:45:51
10:24:48,25.44,-0.01,55,139919,中性盘,000158,2025-10-17 22:45:51
10:24:51,25.43,-0.01,97,246678,卖盘,000158,2025-10-17 22:45:51
10:24:54,25.43,0.0,270,686576,买盘,000158,2025-10-17 22:45:51
10:24:57,25.43,0.0,96,244143,买盘,000158,2025-10-17 22:45:51
10:25:00,25.43,0.0,87,221246,卖盘,000158,2025-10-17 22:45:51
10:25:03,25.44,0.01,102,259439,买盘,000158,2025-10-17 22:45:51
10:25:06,25.44,0.0,187,475659,买盘,000158,2025-10-17 22:45:51
10:25:09,25.45,0.01,47,119594,买盘,000158,2025-10-17 22:45:51
10:25:12,25.45,0.0,138,351153,买盘,000158,2025-10-17 22:45:51
10:25:15,25.44,-0.01,414,1053351,卖盘,000158,2025-10-17 22:45:51
10:25:18,25.44,0.0,117,297692,卖盘,000158,2025-10-17 22:45:51
10:25:21,25.43,-0.01,126,320524,卖盘,000158,2025-10-17 22:45:51
10:25:24,25.44,0.01,113,287467,买盘,000158,2025-10-17 22:45:51
10:25:27,25.44,0.0,120,305266,买盘,000158,2025-10-17 22:45:51
10:25:30,25.44,0.0,296,753178,买盘,000158,2025-10-17 22:45:51
10:25:33,25.45,0.01,450,1144994,买盘,000158,2025-10-17 22:45:51
10:25:36,25.44,-0.01,78,198490,卖盘,000158,2025-10-17 22:45:51
10:25:39,25.44,0.0,235,597897,卖盘,000158,2025-10-17 22:45:51
10:25:42,25.43,-0.01,54,137383,卖盘,000158,2025-10-17 22:45:51
10:25:45,25.44,0.01,69,175539,买盘,000158,2025-10-17 22:45:51
10:25:48,25.44,0.0,157,399401,买盘,000158,2025-10-17 22:45:51
10:25:51,25.44,0.0,116,295079,卖盘,000158,2025-10-17 22:45:51
10:25:54,25.44,0.0,723,1839924,买盘,000158,2025-10-17 22:45:51
10:25:57,25.43,-0.01,147,373955,卖盘,000158,2025-10-17 22:45:51
10:26:00,25.44,0.01,162,412078,买盘,000158,2025-10-17 22:45:51
10:26:03,25.44,0.0,85,216223,卖盘,000158,2025-10-17 22:45:51
10:26:06,25.45,0.01,82,208642,买盘,000158,2025-10-17 22:45:51
10:26:09,25.45,0.0,74,188260,买盘,000158,2025-10-17 22:45:51
10:26:12,25.45,0.0,166,422436,买盘,000158,2025-10-17 22:45:51
10:26:15,25.46,0.01,220,559878,买盘,000158,2025-10-17 22:45:51
10:26:18,25.46,0.0,59,150191,买盘,000158,2025-10-17 22:45:51
10:26:21,25.45,-0.01,243,618491,卖盘,000158,2025-10-17 22:45:51
10:26:24,25.45,0.0,146,371674,卖盘,000158,2025-10-17 22:45:51
10:26:27,25.46,0.01,231,588062,买盘,000158,2025-10-17 22:45:51
10:26:30,25.46,0.0,126,320762,买盘,000158,2025-10-17 22:45:51
10:26:33,25.46,0.0,161,409881,买盘,000158,2025-10-17 22:45:51
10:26:36,25.46,0.0,103,262941,买盘,000158,2025-10-17 22:45:51
10:26:39,25.46,0.0,152,387012,卖盘,000158,2025-10-17 22:45:51
10:26:42,25.46,0.0,274,697809,卖盘,000158,2025-10-17 22:45:51
10:26:45,25.47,0.01,171,435536,买盘,000158,2025-10-17 22:45:51
10:26:48,25.48,0.01,167,425374,买盘,000158,2025-10-17 22:45:51
10:26:51,25.48,0.0,259,659758,买盘,000158,2025-10-17 22:45:51
10:26:54,25.48,0.0,106,270081,买盘,000158,2025-10-17 22:45:51
10:26:57,25.47,-0.01,198,504305,卖盘,000158,2025-10-17 22:45:51
10:27:00,25.47,0.0,198,504300,买盘,000158,2025-10-17 22:45:51
10:27:03,25.47,0.0,303,771566,买盘,000158,2025-10-17 22:45:51
10:27:06,25.47,0.0,412,1049358,买盘,000158,2025-10-17 22:45:51
10:27:09,25.47,0.0,283,720864,卖盘,000158,2025-10-17 22:45:51
10:27:12,25.48,0.01,141,359112,买盘,000158,2025-10-17 22:45:51
10:27:15,25.47,-0.01,148,376958,卖盘,000158,2025-10-17 22:45:51
10:27:18,25.47,0.0,128,326098,卖盘,000158,2025-10-17 22:45:51
10:27:21,25.47,0.0,135,343947,卖盘,000158,2025-10-17 22:45:51
10:27:24,25.48,0.01,277,705729,买盘,000158,2025-10-17 22:45:51
10:27:27,25.47,-0.01,476,1212449,卖盘,000158,2025-10-17 22:45:51
10:27:30,25.48,0.01,265,675036,买盘,000158,2025-10-17 22:45:51
10:27:33,25.48,0.0,259,659750,买盘,000158,2025-10-17 22:45:51
10:27:36,25.48,0.0,125,318460,买盘,000158,2025-10-17 22:45:51
10:27:39,25.48,0.0,200,509521,买盘,000158,2025-10-17 22:45:51
10:27:42,25.48,0.0,197,501897,买盘,000158,2025-10-17 22:45:51
10:27:45,25.47,-0.01,453,1154054,卖盘,000158,2025-10-17 22:45:51
10:27:48,25.47,0.0,293,746385,卖盘,000158,2025-10-17 22:45:51
10:27:51,25.47,0.0,306,779600,卖盘,000158,2025-10-17 22:45:51
10:27:54,25.48,0.01,516,1314684,买盘,000158,2025-10-17 22:45:51
10:27:57,25.48,0.0,152,387253,买盘,000158,2025-10-17 22:45:51
10:28:00,25.48,0.0,242,616565,买盘,000158,2025-10-17 22:45:51
10:28:03,25.48,0.0,235,598711,买盘,000158,2025-10-17 22:45:51
10:28:06,25.48,0.0,230,585937,买盘,000158,2025-10-17 22:45:51
10:28:09,25.47,-0.01,403,1026721,卖盘,000158,2025-10-17 22:45:51
10:28:12,25.48,0.01,342,871343,买盘,000158,2025-10-17 22:45:51
10:28:15,25.48,0.0,783,1994960,买盘,000158,2025-10-17 22:45:51
10:28:18,25.48,0.0,188,478990,买盘,000158,2025-10-17 22:45:51
10:28:21,25.48,0.0,174,443328,买盘,000158,2025-10-17 22:45:51
10:28:24,25.48,0.0,150,382162,买盘,000158,2025-10-17 22:45:51
10:28:27,25.48,0.0,197,501901,买盘,000158,2025-10-17 22:45:51
10:28:30,25.48,0.0,494,1258412,买盘,000158,2025-10-17 22:45:51
10:28:33,25.48,0.0,219,558005,买盘,000158,2025-10-17 22:45:51
10:28:36,25.48,0.0,123,313366,买盘,000158,2025-10-17 22:45:51
10:28:39,25.48,0.0,163,415297,买盘,000158,2025-10-17 22:45:51
10:28:42,25.48,0.0,118,300624,买盘,000158,2025-10-17 22:45:51
10:28:45,25.47,-0.01,331,843266,卖盘,000158,2025-10-17 22:45:51
10:28:48,25.48,0.01,793,2020510,买盘,000158,2025-10-17 22:45:51
10:28:51,25.48,0.0,1251,3186425,买盘,000158,2025-10-17 22:45:51
10:28:54,25.48,0.0,341,868771,买盘,000158,2025-10-17 22:45:51
10:28:57,25.48,0.0,51,129948,卖盘,000158,2025-10-17 22:45:51
10:29:00,25.48,0.0,138,351680,卖盘,000158,2025-10-17 22:45:51
10:29:03,25.48,0.0,206,525032,卖盘,000158,2025-10-17 22:45:51
10:29:06,25.49,0.01,235,598924,买盘,000158,2025-10-17 22:45:51
10:29:09,25.49,0.0,176,448509,买盘,000158,2025-10-17 22:45:51
10:29:12,25.49,0.0,154,392464,买盘,000158,2025-10-17 22:45:51
10:29:15,25.49,0.0,83,211555,买盘,000158,2025-10-17 22:45:51
10:29:18,25.49,0.0,204,519989,买盘,000158,2025-10-17 22:45:51
10:29:21,25.49,0.0,197,502019,买盘,000158,2025-10-17 22:45:51
10:29:24,25.49,0.0,242,616808,买盘,000158,2025-10-17 22:45:51
10:29:27,25.49,0.0,247,629599,买盘,000158,2025-10-17 22:45:51
10:29:30,25.48,-0.01,373,950764,卖盘,000158,2025-10-17 22:45:51
10:29:33,25.48,0.0,243,619376,卖盘,000158,2025-10-17 22:45:51
10:29:36,25.48,0.0,409,1042338,卖盘,000158,2025-10-17 22:45:51
10:29:39,25.49,0.01,124,316057,买盘,000158,2025-10-17 22:45:51
10:29:42,25.49,0.0,297,756988,买盘,000158,2025-10-17 22:45:51
10:29:45,25.49,0.0,248,631980,买盘,000158,2025-10-17 22:45:51
10:29:48,25.49,0.0,244,622699,买盘,000158,2025-10-17 22:45:51
10:29:51,25.49,0.0,116,295759,卖盘,000158,2025-10-17 22:45:51
10:29:54,25.49,0.0,182,464032,卖盘,000158,2025-10-17 22:45:51
10:29:57,25.49,0.0,168,428269,卖盘,000158,2025-10-17 22:45:51
10:30:00,25.5,0.01,366,933069,买盘,000158,2025-10-17 22:45:51
10:30:03,25.5,0.0,143,364632,买盘,000158,2025-10-17 22:45:51
10:30:06,25.49,-0.01,531,1353801,卖盘,000158,2025-10-17 22:45:51
10:30:09,25.5,0.01,702,1790088,买盘,000158,2025-10-17 22:45:51
10:30:12,25.5,0.0,118,300825,买盘,000158,2025-10-17 22:45:51
10:30:15,25.49,-0.01,196,499671,卖盘,000158,2025-10-17 22:45:51
10:30:18,25.49,0.0,226,575389,卖盘,000158,2025-10-17 22:45:51
10:30:21,25.49,0.0,120,305843,买盘,000158,2025-10-17 22:45:51
10:30:24,25.49,0.0,195,497911,买盘,000158,2025-10-17 22:45:51
10:30:27,25.5,0.01,250,637342,买盘,000158,2025-10-17 22:45:51
10:30:30,25.5,0.0,102,260046,买盘,000158,2025-10-17 22:45:51
10:30:33,25.49,-0.01,228,581292,卖盘,000158,2025-10-17 22:45:51
10:30:36,25.5,0.01,330,840624,买盘,000158,2025-10-17 22:45:51
10:30:39,25.5,0.0,218,555878,买盘,000158,2025-10-17 22:45:51
10:30:42,25.5,0.0,213,543028,买盘,000158,2025-10-17 22:45:51
10:30:45,25.5,0.0,180,458972,买盘,000158,2025-10-17 22:45:51
10:30:48,25.5,0.0,361,920520,买盘,000158,2025-10-17 22:45:51
10:30:51,25.5,0.0,259,660433,买盘,000158,2025-10-17 22:45:51
10:30:54,25.49,-0.01,890,2269376,卖盘,000158,2025-10-17 22:45:51
10:30:57,25.49,0.0,132,336577,卖盘,000158,2025-10-17 22:45:51
10:31:00,25.49,0.0,95,242216,卖盘,000158,2025-10-17 22:45:51
10:31:03,25.5,0.01,90,229465,买盘,000158,2025-10-17 22:45:51
10:31:06,25.49,-0.01,144,367118,卖盘,000158,2025-10-17 22:45:51
10:31:09,25.5,0.01,135,344226,买盘,000158,2025-10-17 22:45:51
10:31:12,25.49,-0.01,121,308471,卖盘,000158,2025-10-17 22:45:51
10:31:15,25.49,0.0,196,499745,卖盘,000158,2025-10-17 22:45:51
10:31:18,25.5,0.01,806,2055166,买盘,000158,2025-10-17 22:45:51
10:31:21,25.5,0.0,278,708775,买盘,000158,2025-10-17 22:45:51
10:31:24,25.49,-0.01,381,971502,卖盘,000158,2025-10-17 22:45:51
10:31:27,25.49,0.0,91,232019,卖盘,000158,2025-10-17 22:45:51
10:31:30,25.49,0.0,133,339042,卖盘,000158,2025-10-17 22:45:51
10:31:33,25.49,0.0,287,731768,卖盘,000158,2025-10-17 22:45:51
10:31:36,25.5,0.01,607,1547292,买盘,000158,2025-10-17 22:45:51
10:31:39,25.5,0.0,128,326356,买盘,000158,2025-10-17 22:45:51
10:31:42,25.5,0.0,141,359536,买盘,000158,2025-10-17 22:45:51
10:31:45,25.5,0.0,145,369712,买盘,000158,2025-10-17 22:45:51
10:31:48,25.5,0.0,123,313643,买盘,000158,2025-10-17 22:45:51
10:31:51,25.5,0.0,630,1606443,买盘,000158,2025-10-17 22:45:51
10:31:54,25.5,0.0,696,1774682,买盘,000158,2025-10-17 22:45:51
10:31:57,25.5,0.0,282,719071,买盘,000158,2025-10-17 22:45:51
10:32:00,25.5,0.0,690,1759500,买盘,000158,2025-10-17 22:45:51
10:32:03,25.5,0.0,199,507408,买盘,000158,2025-10-17 22:45:51
10:32:06,25.49,-0.01,503,1282604,卖盘,000158,2025-10-17 22:45:51
10:32:09,25.5,0.01,118,300826,买盘,000158,2025-10-17 22:45:51
10:32:12,25.5,0.0,241,614495,买盘,000158,2025-10-17 22:45:51
10:32:15,25.5,0.0,313,797933,买盘,000158,2025-10-17 22:45:51
10:32:18,25.5,0.0,163,415650,买盘,000158,2025-10-17 22:45:51
10:32:21,25.5,0.0,289,737662,买盘,000158,2025-10-17 22:45:51
10:32:24,25.5,0.0,116,295801,卖盘,000158,2025-10-17 22:45:51
10:32:27,25.51,0.01,175,446315,买盘,000158,2025-10-17 22:45:51
10:32:30,25.51,0.0,150,382558,买盘,000158,2025-10-17 22:45:51
10:32:33,25.51,0.0,187,476928,买盘,000158,2025-10-17 22:45:51
10:32:36,25.51,0.0,142,362222,买盘,000158,2025-10-17 22:45:51
10:32:39,25.5,-0.01,137,349419,卖盘,000158,2025-10-17 22:45:51
10:32:42,25.51,0.01,182,464228,买盘,000158,2025-10-17 22:45:51
10:32:45,25.51,0.0,135,344350,买盘,000158,2025-10-17 22:45:51
10:32:48,25.51,0.0,186,474461,买盘,000158,2025-10-17 22:45:51
10:32:51,25.51,0.0,282,719329,买盘,000158,2025-10-17 22:45:51
10:32:54,25.51,0.0,126,321435,卖盘,000158,2025-10-17 22:45:51
10:32:57,25.5,-0.01,265,676031,卖盘,000158,2025-10-17 22:45:51
10:33:00,25.51,0.01,173,441298,买盘,000158,2025-10-17 22:45:51
10:33:03,25.52,0.01,283,721994,买盘,000158,2025-10-17 22:45:51
10:33:06,25.51,-0.01,122,311221,中性盘,000158,2025-10-17 22:45:51
10:33:09,25.52,0.01,147,375127,买盘,000158,2025-10-17 22:45:51
10:33:12,25.52,0.0,62,158206,买盘,000158,2025-10-17 22:45:51
10:33:15,25.52,0.0,156,398108,买盘,000158,2025-10-17 22:45:51
10:33:18,25.52,0.0,232,592049,买盘,000158,2025-10-17 22:45:51
10:33:21,25.52,0.0,250,637942,买盘,000158,2025-10-17 22:45:51
10:33:24,25.53,0.01,30,76573,买盘,000158,2025-10-17 22:45:51
10:33:27,25.53,0.0,101,257806,买盘,000158,2025-10-17 22:45:51
10:33:30,25.54,0.01,457,1166484,买盘,000158,2025-10-17 22:45:51
10:33:33,25.54,0.0,83,211982,买盘,000158,2025-10-17 22:45:51
10:33:36,25.54,0.0,142,362667,买盘,000158,2025-10-17 22:45:51
10:33:39,25.54,0.0,144,367757,买盘,000158,2025-10-17 22:45:51
10:33:42,25.55,0.01,217,554052,买盘,000158,2025-10-17 22:45:51
10:33:45,25.54,-0.01,63,160939,卖盘,000158,2025-10-17 22:45:51
10:33:48,25.55,0.01,298,761317,买盘,000158,2025-10-17 22:45:51
10:33:51,25.54,-0.01,92,235043,卖盘,000158,2025-10-17 22:45:51
10:33:54,25.55,0.01,338,863576,买盘,000158,2025-10-17 22:45:51
10:33:57,25.55,0.0,458,1170176,买盘,000158,2025-10-17 22:45:51
10:34:00,25.55,0.0,694,1773144,买盘,000158,2025-10-17 22:45:51
10:34:03,25.56,0.01,87,222279,买盘,000158,2025-10-17 22:45:51
10:34:06,25.56,0.0,77,196809,买盘,000158,2025-10-17 22:45:51
10:34:09,25.56,0.0,202,516238,买盘,000158,2025-10-17 22:45:51
10:34:12,25.56,0.0,566,1446460,买盘,000158,2025-10-17 22:45:51
10:34:15,25.56,0.0,426,1088844,买盘,000158,2025-10-17 22:45:51
10:34:18,25.57,0.01,436,1114888,买盘,000158,2025-10-17 22:45:51
10:34:21,25.57,0.0,118,301778,买盘,000158,2025-10-17 22:45:51
10:34:24,25.57,0.0,336,859422,卖盘,000158,2025-10-17 22:45:51
10:34:27,25.57,0.0,258,659910,卖盘,000158,2025-10-17 22:45:51
10:34:30,25.58,0.01,414,1058940,买盘,000158,2025-10-17 22:45:51
10:34:33,25.58,0.0,291,744346,买盘,000158,2025-10-17 22:45:51
10:34:36,25.58,0.0,181,463021,买盘,000158,2025-10-17 22:45:51
10:34:39,25.59,0.01,193,493881,买盘,000158,2025-10-17 22:45:51
10:34:42,25.59,0.0,462,1182130,买盘,000158,2025-10-17 22:45:51
10:34:45,25.59,0.0,277,708839,买盘,000158,2025-10-17 22:45:51
10:34:48,25.59,0.0,337,862382,买盘,000158,2025-10-17 22:45:51
10:34:51,25.59,0.0,46,117725,卖盘,000158,2025-10-17 22:45:51
10:34:54,25.6,0.01,170,435146,买盘,000158,2025-10-17 22:45:51
10:34:57,25.6,0.0,272,696248,买盘,000158,2025-10-17 22:45:51
10:35:00,25.6,0.0,1087,2782720,买盘,000158,2025-10-17 22:45:51
10:35:03,25.6,0.0,477,1221093,买盘,000158,2025-10-17 22:45:51
10:35:06,25.6,0.0,583,1492438,买盘,000158,2025-10-17 22:45:51
10:35:09,25.6,0.0,536,1372118,买盘,000158,2025-10-17 22:45:51
10:35:12,25.6,0.0,589,1507819,买盘,000158,2025-10-17 22:45:51
10:35:15,25.6,0.0,548,1402875,买盘,000158,2025-10-17 22:45:51
10:35:18,25.6,0.0,453,1159660,买盘,000158,2025-10-17 22:45:51
10:35:21,25.6,0.0,396,1013748,买盘,000158,2025-10-17 22:45:51
10:35:24,25.6,0.0,281,719360,买盘,000158,2025-10-17 22:45:51
10:35:27,25.6,0.0,223,570949,卖盘,000158,2025-10-17 22:45:51
10:35:30,25.6,0.0,278,711761,卖盘,000158,2025-10-17 22:45:51
10:35:33,25.61,0.01,403,1031944,买盘,000158,2025-10-17 22:45:51
10:35:36,25.62,0.01,211,540294,买盘,000158,2025-10-17 22:45:51
10:35:39,25.62,0.0,156,399617,买盘,000158,2025-10-17 22:45:51
10:35:42,25.62,0.0,360,922293,买盘,000158,2025-10-17 22:45:51
10:35:45,25.62,0.0,175,448339,买盘,000158,2025-10-17 22:45:51
10:35:48,25.63,0.01,183,469020,买盘,000158,2025-10-17 22:45:51
10:35:51,25.63,0.0,268,686811,买盘,000158,2025-10-17 22:45:51
10:35:54,25.64,0.01,215,551001,买盘,000158,2025-10-17 22:45:51
10:35:57,25.64,0.0,34,87163,买盘,000158,2025-10-17 22:45:51
10:36:00,25.65,0.01,233,597413,买盘,000158,2025-10-17 22:45:51
10:36:03,25.65,0.0,186,477084,买盘,000158,2025-10-17 22:45:51
10:36:06,25.65,0.0,472,1210641,买盘,000158,2025-10-17 22:45:51
10:36:09,25.66,0.01,97,248885,买盘,000158,2025-10-17 22:45:51
10:36:12,25.66,0.0,180,461864,买盘,000158,2025-10-17 22:45:51
10:36:15,25.67,0.01,56,143737,买盘,000158,2025-10-17 22:45:51
10:36:18,25.67,0.0,569,1460315,买盘,000158,2025-10-17 22:45:51
10:36:21,25.67,0.0,437,1122075,卖盘,000158,2025-10-17 22:45:51
10:36:24,25.68,0.01,230,590611,买盘,000158,2025-10-17 22:45:51
10:36:27,25.68,0.0,399,1024738,买盘,000158,2025-10-17 22:45:51
10:36:30,25.69,0.01,89,228615,买盘,000158,2025-10-17 22:45:51
10:36:33,25.69,0.0,108,277443,买盘,000158,2025-10-17 22:45:51
10:36:36,25.7,0.01,217,557630,买盘,000158,2025-10-17 22:45:51
10:36:39,25.7,0.0,409,1051096,买盘,000158,2025-10-17 22:45:51
10:36:42,25.7,0.0,658,1691039,买盘,000158,2025-10-17 22:45:51
10:36:45,25.7,0.0,484,1242851,买盘,000158,2025-10-17 22:45:51
10:36:48,25.71,0.01,216,555304,买盘,000158,2025-10-17 22:45:51
10:36:51,25.72,0.01,507,1303979,买盘,000158,2025-10-17 22:45:51
10:36:54,25.73,0.01,131,336966,买盘,000158,2025-10-17 22:45:51
10:36:57,25.74,0.01,191,491439,买盘,000158,2025-10-17 22:45:51
10:37:00,25.74,0.0,138,355187,买盘,000158,2025-10-17 22:45:51
10:37:03,25.76,0.02,990,2549102,买盘,000158,2025-10-17 22:45:51
10:37:06,25.76,0.0,91,234325,买盘,000158,2025-10-17 22:45:51
10:37:09,25.77,0.01,119,306591,买盘,000158,2025-10-17 22:45:51
10:37:12,25.77,0.0,167,430312,买盘,000158,2025-10-17 22:45:51
10:37:15,25.78,0.01,188,484605,买盘,000158,2025-10-17 22:45:51
10:37:18,25.79,0.01,780,2010773,买盘,000158,2025-10-17 22:45:51
10:37:21,25.79,0.0,423,1090853,买盘,000158,2025-10-17 22:45:51
10:37:24,25.79,0.0,647,1668761,买盘,000158,2025-10-17 22:45:51
10:37:27,25.8,0.01,349,900277,买盘,000158,2025-10-17 22:45:51
10:37:30,25.79,-0.01,1139,2937937,卖盘,000158,2025-10-17 22:45:51
10:37:33,25.8,0.01,1139,2938067,买盘,000158,2025-10-17 22:45:51
10:37:36,25.79,-0.01,2525,6514206,卖盘,000158,2025-10-17 22:45:51
10:37:39,25.8,0.01,1659,4280167,买盘,000158,2025-10-17 22:45:51
10:37:42,25.8,0.0,598,1543073,卖盘,000158,2025-10-17 22:45:51
10:37:45,25.8,0.0,590,1522537,卖盘,000158,2025-10-17 22:45:51
10:37:48,25.8,0.0,730,1883796,卖盘,000158,2025-10-17 22:45:51
10:37:51,25.82,0.02,919,2371460,买盘,000158,2025-10-17 22:45:51
10:37:54,25.81,-0.01,529,1365173,中性盘,000158,2025-10-17 22:45:51
10:37:57,25.78,-0.03,883,2277339,卖盘,000158,2025-10-17 22:45:51
10:38:00,25.8,0.02,587,1514278,买盘,000158,2025-10-17 22:45:51
10:38:03,25.77,-0.03,1000,2578876,卖盘,000158,2025-10-17 22:45:51
10:38:06,25.76,-0.01,365,940777,卖盘,000158,2025-10-17 22:45:51
10:38:09,25.75,-0.01,502,1293373,卖盘,000158,2025-10-17 22:45:51
10:38:12,25.72,-0.03,367,944608,卖盘,000158,2025-10-17 22:45:51
10:38:15,25.7,-0.02,166,426925,卖盘,000158,2025-10-17 22:45:51
10:38:18,25.7,0.0,1007,2589252,卖盘,000158,2025-10-17 22:45:51
10:38:21,25.68,-0.02,129,331391,卖盘,000158,2025-10-17 22:45:51
10:38:24,25.68,0.0,391,1005097,卖盘,000158,2025-10-17 22:45:51
10:38:27,25.68,0.0,529,1359054,卖盘,000158,2025-10-17 22:45:51
10:38:30,25.68,0.0,253,649567,买盘,000158,2025-10-17 22:45:51
10:38:33,25.67,-0.01,159,408240,卖盘,000158,2025-10-17 22:45:51
10:38:36,25.66,-0.01,342,877754,卖盘,000158,2025-10-17 22:45:51
10:38:39,25.66,0.0,185,474568,买盘,000158,2025-10-17 22:45:51
10:38:42,25.65,-0.01,36,92322,中性盘,000158,2025-10-17 22:45:51
10:38:45,25.63,-0.02,143,366627,卖盘,000158,2025-10-17 22:45:51
10:38:48,25.61,-0.02,344,881574,卖盘,000158,2025-10-17 22:45:51
10:38:51,25.6,-0.01,95,243246,卖盘,000158,2025-10-17 22:45:51
10:38:54,25.6,0.0,414,1059995,卖盘,000158,2025-10-17 22:45:51
10:38:57,25.6,0.0,126,322555,卖盘,000158,2025-10-17 22:45:51
10:39:00,25.6,0.0,512,1310226,买盘,000158,2025-10-17 22:45:51
10:39:03,25.58,-0.02,201,514224,卖盘,000158,2025-10-17 22:45:51
10:39:06,25.58,0.0,64,163718,卖盘,000158,2025-10-17 22:45:51
10:39:09,25.57,-0.01,309,790348,卖盘,000158,2025-10-17 22:45:51
10:39:12,25.56,-0.01,314,802624,卖盘,000158,2025-10-17 22:45:51
10:39:15,25.55,-0.01,104,265810,卖盘,000158,2025-10-17 22:45:51
10:39:18,25.55,0.0,180,459919,卖盘,000158,2025-10-17 22:45:51
10:39:21,25.54,-0.01,165,421431,卖盘,000158,2025-10-17 22:45:51
10:39:24,25.54,0.0,122,311639,卖盘,000158,2025-10-17 22:45:51
10:39:27,25.53,-0.01,185,472360,卖盘,000158,2025-10-17 22:45:51
10:39:30,25.52,-0.01,136,347170,卖盘,000158,2025-10-17 22:45:51
10:39:33,25.51,-0.01,173,441489,卖盘,000158,2025-10-17 22:45:51
10:39:36,25.52,0.01,84,214326,买盘,000158,2025-10-17 22:45:51
10:39:39,25.51,-0.01,491,1252264,卖盘,000158,2025-10-17 22:45:51
10:39:42,25.53,0.02,909,2318455,买盘,000158,2025-10-17 22:45:51
10:39:45,25.53,0.0,40,102137,卖盘,000158,2025-10-17 22:45:51
10:39:48,25.53,0.0,136,347189,卖盘,000158,2025-10-17 22:45:51
10:39:51,25.53,0.0,166,423666,买盘,000158,2025-10-17 22:45:51
10:39:54,25.51,-0.02,340,867564,卖盘,000158,2025-10-17 22:45:51
10:39:57,25.54,0.03,436,1113110,买盘,000158,2025-10-17 22:45:51
10:40:00,25.53,-0.01,87,222066,卖盘,000158,2025-10-17 22:45:51
10:40:03,25.53,0.0,269,686542,买盘,000158,2025-10-17 22:45:51
10:40:06,25.53,0.0,118,301176,买盘,000158,2025-10-17 22:45:51
10:40:09,25.53,0.0,126,321678,卖盘,000158,2025-10-17 22:45:51
10:40:12,25.53,0.0,214,546376,卖盘,000158,2025-10-17 22:45:51
10:40:15,25.53,0.0,395,1008685,卖盘,000158,2025-10-17 22:45:51
10:40:18,25.54,0.01,393,1003587,买盘,000158,2025-10-17 22:45:51
10:40:21,25.54,0.0,39,99603,卖盘,000158,2025-10-17 22:45:51
10:40:24,25.54,0.0,151,385699,卖盘,000158,2025-10-17 22:45:51
10:40:27,25.52,-0.02,435,1110542,卖盘,000158,2025-10-17 22:45:51
10:40:30,25.52,0.0,21,53589,买盘,000158,2025-10-17 22:45:51
10:40:33,25.52,0.0,284,724607,买盘,000158,2025-10-17 22:45:51
10:40:36,25.52,0.0,104,265414,买盘,000158,2025-10-17 22:45:51
10:40:39,25.52,0.0,222,566542,卖盘,000158,2025-10-17 22:45:51
10:40:42,25.52,0.0,167,426202,卖盘,000158,2025-10-17 22:45:51
10:40:45,25.54,0.02,88,224671,买盘,000158,2025-10-17 22:45:51
10:40:48,25.53,-0.01,59,150633,卖盘,000158,2025-10-17 22:45:51
10:40:51,25.53,0.0,239,610327,卖盘,000158,2025-10-17 22:45:51
10:40:54,25.54,0.01,369,942280,买盘,000158,2025-10-17 22:45:51
10:40:57,25.53,-0.01,191,487831,卖盘,000158,2025-10-17 22:45:51
10:41:00,25.55,0.02,94,240004,买盘,000158,2025-10-17 22:45:51
10:41:03,25.55,0.0,196,500686,买盘,000158,2025-10-17 22:45:51
10:41:06,25.54,-0.01,174,444387,卖盘,000158,2025-10-17 22:45:51
10:41:09,25.54,0.0,137,349891,买盘,000158,2025-10-17 22:45:51
10:41:12,25.54,0.0,441,1126132,买盘,000158,2025-10-17 22:45:51
10:41:15,25.53,-0.01,199,508064,卖盘,000158,2025-10-17 22:45:51
10:41:18,25.53,0.0,80,204255,买盘,000158,2025-10-17 22:45:51
10:41:21,25.53,0.0,78,199113,买盘,000158,2025-10-17 22:45:51
10:41:24,25.53,0.0,104,265455,卖盘,000158,2025-10-17 22:45:51
10:41:27,25.53,0.0,161,411091,卖盘,000158,2025-10-17 22:45:51
10:41:30,25.53,0.0,114,291114,卖盘,000158,2025-10-17 22:45:51
10:41:33,25.53,0.0,423,1079920,卖盘,000158,2025-10-17 22:45:51
10:41:36,25.53,0.0,38,97014,买盘,000158,2025-10-17 22:45:51
10:41:39,25.53,0.0,130,331874,买盘,000158,2025-10-17 22:45:51
10:41:42,25.52,-0.01,119,303737,卖盘,000158,2025-10-17 22:45:51
10:41:45,25.53,0.01,286,729994,买盘,000158,2025-10-17 22:45:51
10:41:48,25.52,-0.01,302,770763,卖盘,000158,2025-10-17 22:45:51
10:41:51,25.53,0.01,253,645813,买盘,000158,2025-10-17 22:45:51
10:41:54,25.52,-0.01,282,719766,卖盘,000158,2025-10-17 22:45:51
10:41:57,25.52,0.0,270,688830,买盘,000158,2025-10-17 22:45:51
10:42:00,25.52,0.0,178,454119,买盘,000158,2025-10-17 22:45:51
10:42:03,25.51,-0.01,176,448988,卖盘,000158,2025-10-17 22:45:51
10:42:06,25.51,0.0,912,2325642,买盘,000158,2025-10-17 22:45:51
10:42:09,25.5,-0.01,107,272881,卖盘,000158,2025-10-17 22:45:51
10:42:12,25.51,0.01,296,754837,买盘,000158,2025-10-17 22:45:51
10:42:15,25.51,0.0,140,357017,买盘,000158,2025-10-17 22:45:51
10:42:18,25.5,-0.01,195,496558,卖盘,000158,2025-10-17 22:45:51
10:42:21,25.51,0.01,421,1074124,买盘,000158,2025-10-17 22:45:51
10:42:24,25.51,0.0,61,154822,买盘,000158,2025-10-17 22:45:51
10:42:27,25.49,-0.02,155,395148,卖盘,000158,2025-10-17 22:45:51
10:42:30,25.5,0.01,171,436032,买盘,000158,2025-10-17 22:45:51
10:42:33,25.5,0.0,119,303436,卖盘,000158,2025-10-17 22:45:51
10:42:36,25.5,0.0,38,96895,卖盘,000158,2025-10-17 22:45:51
10:42:39,25.5,0.0,53,135121,买盘,000158,2025-10-17 22:45:51
10:42:42,25.5,0.0,99,252387,买盘,000158,2025-10-17 22:45:51
10:42:45,25.49,-0.01,62,158038,卖盘,000158,2025-10-17 22:45:51
10:42:48,25.49,0.0,580,1477954,买盘,000158,2025-10-17 22:45:51
10:42:51,25.5,0.01,209,532654,买盘,000158,2025-10-17 22:45:51
10:42:54,25.49,-0.01,41,104514,卖盘,000158,2025-10-17 22:45:51
10:42:57,25.49,0.0,164,418136,卖盘,000158,2025-10-17 22:45:51
10:43:00,25.49,0.0,68,173336,卖盘,000158,2025-10-17 22:45:51
10:43:03,25.49,0.0,98,249765,买盘,000158,2025-10-17 22:45:51
10:43:06,25.48,-0.01,77,196221,卖盘,000158,2025-10-17 22:45:51
10:43:09,25.48,0.0,114,290509,卖盘,000158,2025-10-17 22:45:51
10:43:12,25.48,0.0,76,193679,卖盘,000158,2025-10-17 22:45:51
10:43:15,25.47,-0.01,204,519768,卖盘,000158,2025-10-17 22:45:51
10:43:18,25.48,0.01,52,132487,买盘,000158,2025-10-17 22:45:51
10:43:21,25.48,0.0,257,654807,买盘,000158,2025-10-17 22:45:51
10:43:24,25.47,-0.01,118,300575,卖盘,000158,2025-10-17 22:45:51
10:43:27,25.47,0.0,716,1824502,卖盘,000158,2025-10-17 22:45:51
10:43:30,25.47,0.0,19,48392,买盘,000158,2025-10-17 22:45:51
10:43:33,25.47,0.0,82,208823,买盘,000158,2025-10-17 22:45:51
10:43:36,25.47,0.0,115,292844,买盘,000158,2025-10-17 22:45:51
10:43:39,25.46,-0.01,190,483848,卖盘,000158,2025-10-17 22:45:51
10:43:42,25.46,0.0,95,241885,卖盘,000158,2025-10-17 22:45:51
10:43:45,25.46,0.0,239,608500,卖盘,000158,2025-10-17 22:45:51
10:43:48,25.45,-0.01,339,862836,卖盘,000158,2025-10-17 22:45:51
10:43:51,25.45,0.0,41,104361,卖盘,000158,2025-10-17 22:45:51
10:43:54,25.45,0.0,657,1672785,卖盘,000158,2025-10-17 22:45:51
10:43:57,25.45,0.0,138,351228,卖盘,000158,2025-10-17 22:45:51
10:44:00,25.45,0.0,117,297770,卖盘,000158,2025-10-17 22:45:51
10:44:03,25.44,-0.01,46,117041,卖盘,000158,2025-10-17 22:45:51
10:44:06,25.44,0.0,3,7634,卖盘,000158,2025-10-17 22:45:51
10:44:09,25.44,0.0,120,305304,卖盘,000158,2025-10-17 22:45:51
10:44:12,25.44,0.0,101,256970,卖盘,000158,2025-10-17 22:45:51
10:44:15,25.44,0.0,32,81388,买盘,000158,2025-10-17 22:45:51
10:44:18,25.44,0.0,72,183131,买盘,000158,2025-10-17 22:45:51
10:44:21,25.43,-0.01,569,1446624,卖盘,000158,2025-10-17 22:45:51
10:44:24,25.41,-0.02,60,152540,卖盘,000158,2025-10-17 22:45:51
10:44:27,25.41,0.0,94,238914,卖盘,000158,2025-10-17 22:45:51
10:44:30,25.43,0.02,51,129616,买盘,000158,2025-10-17 22:45:51
10:44:33,25.41,-0.02,54,137251,卖盘,000158,2025-10-17 22:45:51
10:44:36,25.41,0.0,51,129600,卖盘,000158,2025-10-17 22:45:51
10:44:39,25.41,0.0,565,1436339,卖盘,000158,2025-10-17 22:45:51
10:44:42,25.43,0.02,242,615014,买盘,000158,2025-10-17 22:45:51
10:44:45,25.41,-0.02,134,340506,卖盘,000158,2025-10-17 22:45:51
10:44:48,25.41,0.0,282,716789,卖盘,000158,2025-10-17 22:45:51
10:44:51,25.41,0.0,134,340533,卖盘,000158,2025-10-17 22:45:51
10:44:54,25.41,0.0,240,609845,卖盘,000158,2025-10-17 22:45:51
10:44:57,25.41,0.0,152,386310,买盘,000158,2025-10-17 22:45:51
10:45:00,25.41,0.0,251,637834,卖盘,000158,2025-10-17 22:45:51
10:45:03,25.41,0.0,266,675784,买盘,000158,2025-10-17 22:45:51
10:45:06,25.4,-0.01,44,111776,卖盘,000158,2025-10-17 22:45:51
10:45:09,25.4,0.0,244,619800,卖盘,000158,2025-10-17 22:45:51
10:45:12,25.4,0.0,183,464831,卖盘,000158,2025-10-17 22:45:51
10:45:15,25.4,0.0,484,1229540,卖盘,000158,2025-10-17 22:45:51
10:45:18,25.4,0.0,401,1018632,卖盘,000158,2025-10-17 22:45:51
10:45:21,25.4,0.0,132,335291,卖盘,000158,2025-10-17 22:45:51
10:45:24,25.4,0.0,225,571500,卖盘,000158,2025-10-17 22:45:51
10:45:27,25.4,0.0,57,144770,买盘,000158,2025-10-17 22:45:51
10:45:30,25.4,0.0,104,264092,买盘,000158,2025-10-17 22:45:51
10:45:33,25.4,0.0,128,325076,买盘,000158,2025-10-17 22:45:51
10:45:36,25.39,-0.01,77,195540,卖盘,000158,2025-10-17 22:45:51
10:45:39,25.38,-0.01,94,238600,卖盘,000158,2025-10-17 22:45:51
10:45:42,25.39,0.01,25,63470,买盘,000158,2025-10-17 22:45:51
10:45:45,25.38,-0.01,112,284277,卖盘,000158,2025-10-17 22:45:51
10:45:48,25.38,0.0,112,284272,卖盘,000158,2025-10-17 22:45:51
10:45:51,25.38,0.0,145,368080,卖盘,000158,2025-10-17 22:45:51
10:45:54,25.39,0.01,150,380724,买盘,000158,2025-10-17 22:45:51
10:45:57,25.39,0.0,174,441672,买盘,000158,2025-10-17 22:45:51
10:46:00,25.38,-0.01,217,550897,卖盘,000158,2025-10-17 22:45:51
10:46:03,25.4,0.02,115,291943,买盘,000158,2025-10-17 22:45:51
10:46:06,25.39,-0.01,126,319841,中性盘,000158,2025-10-17 22:45:51
10:46:09,25.39,0.0,50,126964,卖盘,000158,2025-10-17 22:45:51
10:46:12,25.4,0.01,141,358046,买盘,000158,2025-10-17 22:45:51
10:46:15,25.4,0.0,95,241272,买盘,000158,2025-10-17 22:45:51
10:46:18,25.4,0.0,110,279388,买盘,000158,2025-10-17 22:45:51
10:46:21,25.39,-0.01,60,152364,卖盘,000158,2025-10-17 22:45:51
10:46:24,25.4,0.01,173,439400,买盘,000158,2025-10-17 22:45:51
10:46:27,25.39,-0.01,79,200614,卖盘,000158,2025-10-17 22:45:51
10:46:30,25.4,0.01,109,276842,买盘,000158,2025-10-17 22:45:51
10:46:33,25.4,0.0,73,185386,买盘,000158,2025-10-17 22:45:51
10:46:36,25.4,0.0,631,1602640,买盘,000158,2025-10-17 22:45:51
10:46:39,25.41,0.01,210,533409,买盘,000158,2025-10-17 22:45:51
10:46:42,25.41,0.0,102,259143,买盘,000158,2025-10-17 22:45:51
10:46:45,25.41,0.0,307,780088,买盘,000158,2025-10-17 22:45:51
10:46:48,25.42,0.01,8,20335,买盘,000158,2025-10-17 22:45:51
10:46:51,25.42,0.0,62,157598,买盘,000158,2025-10-17 22:45:51
10:46:54,25.42,0.0,331,841482,买盘,000158,2025-10-17 22:45:51
10:46:57,25.43,0.01,138,350815,买盘,000158,2025-10-17 22:45:51
10:47:00,25.43,0.0,19,48317,买盘,000158,2025-10-17 22:45:51
10:47:03,25.43,0.0,40,101727,卖盘,000158,2025-10-17 22:45:51
10:47:06,25.43,0.0,106,269638,卖盘,000158,2025-10-17 22:45:51
10:47:09,25.44,0.01,34,86488,买盘,000158,2025-10-17 22:45:51
10:47:12,25.44,0.0,49,124674,卖盘,000158,2025-10-17 22:45:51
10:47:15,25.45,0.01,199,506451,买盘,000158,2025-10-17 22:45:51
10:47:18,25.47,0.02,358,911303,买盘,000158,2025-10-17 22:45:51
10:47:21,25.48,0.01,40,101886,买盘,000158,2025-10-17 22:45:51
10:47:24,25.49,0.01,199,507047,买盘,000158,2025-10-17 22:45:51
10:47:27,25.49,0.0,39,99380,买盘,000158,2025-10-17 22:45:51
10:47:30,25.5,0.01,193,492074,买盘,000158,2025-10-17 22:45:51
10:47:33,25.5,0.0,169,430933,买盘,000158,2025-10-17 22:45:51
10:47:36,25.5,0.0,166,423299,买盘,000158,2025-10-17 22:45:51
10:47:39,25.5,0.0,298,759900,买盘,000158,2025-10-17 22:45:51
10:47:42,25.51,0.01,537,1369373,买盘,000158,2025-10-17 22:45:51
10:47:45,25.51,0.0,195,497582,卖盘,000158,2025-10-17 22:45:51
10:47:48,25.52,0.01,33,84204,买盘,000158,2025-10-17 22:45:51
10:47:51,25.52,0.0,30,76560,买盘,000158,2025-10-17 22:45:51
10:47:54,25.53,0.01,23,58711,买盘,000158,2025-10-17 22:45:51
10:47:57,25.54,0.01,249,635724,买盘,000158,2025-10-17 22:45:51
10:48:00,25.54,0.0,44,112369,买盘,000158,2025-10-17 22:45:51
10:48:03,25.54,0.0,109,278386,买盘,000158,2025-10-17 22:45:51
10:48:06,25.53,-0.01,93,237506,卖盘,000158,2025-10-17 22:45:51
10:48:09,25.55,0.02,166,423913,买盘,000158,2025-10-17 22:45:51
10:48:12,25.55,0.0,71,181343,买盘,000158,2025-10-17 22:45:51
10:48:15,25.55,0.0,66,168611,买盘,000158,2025-10-17 22:45:51
10:48:18,25.54,-0.01,111,283530,卖盘,000158,2025-10-17 22:45:51
10:48:21,25.53,-0.01,282,720282,卖盘,000158,2025-10-17 22:45:51
10:48:24,25.54,0.01,56,143023,买盘,000158,2025-10-17 22:45:51
10:48:27,25.54,0.0,151,385659,买盘,000158,2025-10-17 22:45:51
10:48:30,25.54,0.0,373,952603,买盘,000158,2025-10-17 22:45:51
10:48:33,25.54,0.0,78,199198,买盘,000158,2025-10-17 22:45:51
10:48:36,25.53,-0.01,127,324270,卖盘,000158,2025-10-17 22:45:51
10:48:39,25.54,0.01,55,140444,买盘,000158,2025-10-17 22:45:51
10:48:42,25.53,-0.01,91,232363,卖盘,000158,2025-10-17 22:45:51
10:48:45,25.53,0.0,181,462237,卖盘,000158,2025-10-17 22:45:51
10:48:48,25.53,0.0,46,117443,卖盘,000158,2025-10-17 22:45:51
10:48:51,25.53,0.0,66,168498,买盘,000158,2025-10-17 22:45:51
10:48:54,25.52,-0.01,46,117416,卖盘,000158,2025-10-17 22:45:51
10:48:57,25.52,0.0,25,63790,买盘,000158,2025-10-17 22:45:51
10:49:00,25.52,0.0,60,153110,买盘,000158,2025-10-17 22:45:51
10:49:03,25.51,-0.01,98,250082,卖盘,000158,2025-10-17 22:45:51
10:49:06,25.51,0.0,34,86720,卖盘,000158,2025-10-17 22:45:51
10:49:09,25.5,-0.01,22,56119,卖盘,000158,2025-10-17 22:45:51
10:49:12,25.5,0.0,43,109676,卖盘,000158,2025-10-17 22:45:51
10:49:15,25.51,0.01,155,395354,买盘,000158,2025-10-17 22:45:51
10:49:18,25.51,0.0,136,346860,买盘,000158,2025-10-17 22:45:51
10:49:21,25.51,0.0,143,364670,买盘,000158,2025-10-17 22:45:51
10:49:24,25.5,-0.01,109,278004,卖盘,000158,2025-10-17 22:45:51
10:49:27,25.51,0.01,114,290752,买盘,000158,2025-10-17 22:45:51
10:49:30,25.5,-0.01,91,232073,卖盘,000158,2025-10-17 22:45:51
10:49:33,25.5,0.0,503,1282768,买盘,000158,2025-10-17 22:45:51
10:49:36,25.5,0.0,135,344230,买盘,000158,2025-10-17 22:45:51
10:49:39,25.5,0.0,129,328931,买盘,000158,2025-10-17 22:45:51
10:49:42,25.49,-0.01,114,290661,卖盘,000158,2025-10-17 22:45:51
10:49:45,25.49,0.0,74,188596,买盘,000158,2025-10-17 22:45:51
10:49:48,25.49,0.0,104,265078,买盘,000158,2025-10-17 22:45:51
10:49:51,25.48,-0.01,63,160583,卖盘,000158,2025-10-17 22:45:51
10:49:54,25.47,-0.01,72,183450,卖盘,000158,2025-10-17 22:45:51
10:49:57,25.48,0.01,60,152880,买盘,000158,2025-10-17 22:45:51
10:50:00,25.47,-0.01,38,96786,卖盘,000158,2025-10-17 22:45:51
10:50:03,25.46,-0.01,229,582932,卖盘,000158,2025-10-17 22:45:51
10:50:06,25.46,0.0,63,160359,买盘,000158,2025-10-17 22:45:51
10:50:09,25.45,-0.01,66,168007,卖盘,000158,2025-10-17 22:45:51
10:50:12,25.46,0.01,66,168018,买盘,000158,2025-10-17 22:45:51
10:50:15,25.45,-0.01,21,53459,卖盘,000158,2025-10-17 22:45:51
10:50:18,25.46,0.01,156,397227,买盘,000158,2025-10-17 22:45:51
10:50:21,25.47,0.01,57,145143,买盘,000158,2025-10-17 22:45:51
10:50:24,25.48,0.01,174,443259,买盘,000158,2025-10-17 22:45:51
10:50:27,25.46,-0.02,77,196079,卖盘,000158,2025-10-17 22:45:51
10:50:30,25.46,0.0,43,109471,卖盘,000158,2025-10-17 22:45:51
10:50:33,25.46,0.0,82,208831,卖盘,000158,2025-10-17 22:45:51
10:50:36,25.47,0.01,69,175620,买盘,000158,2025-10-17 22:45:51
10:50:39,25.46,-0.01,26,66204,卖盘,000158,2025-10-17 22:45:51
10:50:42,25.46,0.0,130,331110,卖盘,000158,2025-10-17 22:45:51
10:50:45,25.46,0.0,36,91623,买盘,000158,2025-10-17 22:45:51
10:50:48,25.46,0.0,105,267228,买盘,000158,2025-10-17 22:45:51
10:50:51,25.46,0.0,45,114591,卖盘,000158,2025-10-17 22:45:51
10:50:54,25.46,0.0,59,150221,卖盘,000158,2025-10-17 22:45:51
10:50:57,25.46,0.0,69,175804,卖盘,000158,2025-10-17 22:45:51
10:51:00,25.46,0.0,27,68737,买盘,000158,2025-10-17 22:45:51
10:51:03,25.46,0.0,43,109476,买盘,000158,2025-10-17 22:45:51
10:51:06,25.46,0.0,87,221374,买盘,000158,2025-10-17 22:45:51
10:51:09,25.46,0.0,35,89101,卖盘,000158,2025-10-17 22:45:51
