时间,成交价,价格变动,成交量,成交额,买卖盘性质,股票代码,采集时间
09:25:00,7.13,0.29,117509,83784067,买盘,000572,2025-10-17 22:56:41
09:30:00,7.18,0.05,33681,24186532,买盘,000572,2025-10-17 22:56:41
09:30:03,7.25,0.07,52678,38049512,买盘,000572,2025-10-17 22:56:41
09:30:06,7.34,0.09,14154,10334125,买盘,000572,2025-10-17 22:56:41
09:30:09,7.34,0.0,9382,6899180,买盘,000572,2025-10-17 22:56:41
09:30:12,7.39,0.05,14822,10908168,买盘,000572,2025-10-17 22:56:41
09:30:15,7.39,0.0,24617,18179776,买盘,000572,2025-10-17 22:56:41
09:30:18,7.39,0.0,20646,15216889,买盘,000572,2025-10-17 22:56:41
09:30:21,7.36,-0.03,25122,18555656,卖盘,000572,2025-10-17 22:56:41
09:30:24,7.3,-0.06,15387,11283478,卖盘,000572,2025-10-17 22:56:41
09:30:27,7.24,-0.06,15945,11609825,卖盘,000572,2025-10-17 22:56:41
09:30:30,7.29,0.05,18364,13370619,买盘,000572,2025-10-17 22:56:41
09:30:33,7.31,0.02,23364,17112293,买盘,000572,2025-10-17 22:56:41
09:30:36,7.38,0.07,18072,13273520,买盘,000572,2025-10-17 22:56:41
09:30:39,7.44,0.06,20050,14831721,买盘,000572,2025-10-17 22:56:41
09:30:42,7.44,0.0,5445,4046379,买盘,000572,2025-10-17 22:56:41
09:30:45,7.42,-0.02,17274,12812471,卖盘,000572,2025-10-17 22:56:41
09:30:48,7.42,0.0,15268,11309772,买盘,000572,2025-10-17 22:56:41
09:30:51,7.39,-0.03,17632,13019744,中性盘,000572,2025-10-17 22:56:41
09:30:54,7.38,-0.01,11645,8556880,买盘,000572,2025-10-17 22:56:41
09:30:57,7.35,-0.03,9000,6612529,中性盘,000572,2025-10-17 22:56:41
09:31:00,7.38,0.03,9050,6659492,买盘,000572,2025-10-17 22:56:41
09:31:03,7.34,-0.04,14262,10488611,卖盘,000572,2025-10-17 22:56:41
09:31:06,7.35,0.01,7213,5308015,买盘,000572,2025-10-17 22:56:41
09:31:09,7.37,0.02,9579,7054661,买盘,000572,2025-10-17 22:56:41
09:31:12,7.39,0.02,9142,6737831,买盘,000572,2025-10-17 22:56:41
09:31:15,7.45,0.06,11835,8779483,买盘,000572,2025-10-17 22:56:41
09:31:18,7.45,0.0,5340,3977914,买盘,000572,2025-10-17 22:56:41
09:31:21,7.47,0.02,12885,9628419,买盘,000572,2025-10-17 22:56:41
09:31:24,7.48,0.01,7509,5629019,中性盘,000572,2025-10-17 22:56:41
09:31:27,7.53,0.05,2504,1885851,买盘,000572,2025-10-17 22:56:41
09:31:30,7.58,0.05,7176,5403529,买盘,000572,2025-10-17 22:56:41
09:31:33,7.54,-0.04,9930,7494720,中性盘,000572,2025-10-17 22:56:41
09:31:36,7.55,0.01,24723,18781173,买盘,000572,2025-10-17 22:56:41
09:31:39,7.59,0.04,8424,6357134,买盘,000572,2025-10-17 22:56:41
09:31:42,7.65,0.06,6270,4756111,买盘,000572,2025-10-17 22:56:41
09:31:45,7.63,-0.02,7137,5441937,中性盘,000572,2025-10-17 22:56:41
09:31:48,7.6,-0.03,21903,16724664,卖盘,000572,2025-10-17 22:56:41
09:31:51,7.62,0.02,21763,16506054,买盘,000572,2025-10-17 22:56:41
09:31:54,7.65,0.03,10721,8175267,买盘,000572,2025-10-17 22:56:41
09:31:57,7.65,0.0,4560,3486192,买盘,000572,2025-10-17 22:56:41
09:32:00,7.66,0.01,16804,12888100,中性盘,000572,2025-10-17 22:56:41
09:32:03,7.68,0.02,4513,3471644,卖盘,000572,2025-10-17 22:56:41
09:32:06,7.7,0.02,5977,4590555,买盘,000572,2025-10-17 22:56:41
09:32:09,7.68,-0.02,6084,4657335,卖盘,000572,2025-10-17 22:56:41
09:32:12,7.64,-0.04,9643,7392595,卖盘,000572,2025-10-17 22:56:41
09:32:15,7.66,0.02,18706,14350205,买盘,000572,2025-10-17 22:56:41
09:32:18,7.67,0.01,5594,4283972,中性盘,000572,2025-10-17 22:56:41
09:32:21,7.67,0.0,6879,5279953,卖盘,000572,2025-10-17 22:56:41
09:32:24,7.67,0.0,7160,5498409,卖盘,000572,2025-10-17 22:56:41
09:32:27,7.66,-0.01,4028,3088501,卖盘,000572,2025-10-17 22:56:41
09:32:30,7.62,-0.04,7120,5452770,卖盘,000572,2025-10-17 22:56:41
09:32:33,7.62,0.0,20524,15616429,卖盘,000572,2025-10-17 22:56:41
09:32:36,7.6,-0.02,3241,2460613,卖盘,000572,2025-10-17 22:56:41
09:32:39,7.62,0.02,11954,9099710,买盘,000572,2025-10-17 22:56:41
09:32:42,7.67,0.05,17453,13322158,买盘,000572,2025-10-17 22:56:41
09:32:45,7.68,0.01,6494,4972102,买盘,000572,2025-10-17 22:56:41
09:32:48,7.68,0.0,7372,5676357,买盘,000572,2025-10-17 22:56:41
09:32:51,7.72,0.04,5268,4058654,买盘,000572,2025-10-17 22:56:41
09:32:54,7.7,-0.02,7424,5715627,卖盘,000572,2025-10-17 22:56:41
09:32:57,7.74,0.04,4135,3188542,买盘,000572,2025-10-17 22:56:41
09:33:00,7.74,0.0,5373,4145771,买盘,000572,2025-10-17 22:56:41
09:33:03,7.73,-0.01,7185,5547889,中性盘,000572,2025-10-17 22:56:41
09:33:06,7.71,-0.02,3968,3061176,卖盘,000572,2025-10-17 22:56:41
09:33:09,7.7,-0.01,3868,2976202,卖盘,000572,2025-10-17 22:56:41
09:33:12,7.67,-0.03,6236,4779228,卖盘,000572,2025-10-17 22:56:41
09:33:15,7.63,-0.04,4167,3181874,卖盘,000572,2025-10-17 22:56:41
09:33:18,7.62,-0.01,4049,3084512,卖盘,000572,2025-10-17 22:56:41
09:33:21,7.56,-0.06,6941,5253516,卖盘,000572,2025-10-17 22:56:41
09:33:24,7.53,-0.03,5182,3910767,卖盘,000572,2025-10-17 22:56:41
09:33:27,7.51,-0.02,10670,8047839,卖盘,000572,2025-10-17 22:56:41
09:33:30,7.51,0.0,6615,4973994,卖盘,000572,2025-10-17 22:56:41
09:33:33,7.52,0.01,6412,4820705,买盘,000572,2025-10-17 22:56:41
09:33:36,7.56,0.04,3615,2726151,买盘,000572,2025-10-17 22:56:41
09:33:39,7.63,0.07,9903,7520428,买盘,000572,2025-10-17 22:56:41
09:33:42,7.64,0.01,4426,3382833,买盘,000572,2025-10-17 22:56:41
09:33:45,7.7,0.06,5073,3886930,买盘,000572,2025-10-17 22:56:41
09:33:48,7.69,-0.01,9143,6990183,卖盘,000572,2025-10-17 22:56:41
09:33:51,7.64,-0.05,3341,2562114,中性盘,000572,2025-10-17 22:56:41
09:33:54,7.63,-0.01,2358,1806793,卖盘,000572,2025-10-17 22:56:41
09:33:57,7.63,0.0,3479,2657686,卖盘,000572,2025-10-17 22:56:41
09:34:00,7.62,-0.01,3056,2328506,中性盘,000572,2025-10-17 22:56:41
09:34:03,7.61,-0.01,2231,1699821,买盘,000572,2025-10-17 22:56:41
09:34:06,7.6,-0.01,3667,2787588,中性盘,000572,2025-10-17 22:56:41
09:34:09,7.59,-0.01,4360,3305718,中性盘,000572,2025-10-17 22:56:41
09:34:12,7.57,-0.02,1492,1130542,卖盘,000572,2025-10-17 22:56:41
09:34:15,7.56,-0.01,1776,1344719,卖盘,000572,2025-10-17 22:56:41
09:34:18,7.57,0.01,3036,2297165,买盘,000572,2025-10-17 22:56:41
09:34:21,7.57,0.0,7937,6008273,买盘,000572,2025-10-17 22:56:41
09:34:24,7.6,0.03,6266,4754604,买盘,000572,2025-10-17 22:56:41
09:34:27,7.58,-0.02,4254,3228509,卖盘,000572,2025-10-17 22:56:41
09:34:30,7.61,0.03,3182,2419652,买盘,000572,2025-10-17 22:56:41
09:34:33,7.59,-0.02,3818,2903659,卖盘,000572,2025-10-17 22:56:41
09:34:36,7.59,0.0,1803,1370081,卖盘,000572,2025-10-17 22:56:41
09:34:39,7.6,0.01,3482,2644708,卖盘,000572,2025-10-17 22:56:41
09:34:42,7.6,0.0,4560,3462367,买盘,000572,2025-10-17 22:56:41
09:34:45,7.6,0.0,2333,1771351,买盘,000572,2025-10-17 22:56:41
09:34:48,7.59,-0.01,955,724950,买盘,000572,2025-10-17 22:56:41
09:34:51,7.59,0.0,1706,1294164,买盘,000572,2025-10-17 22:56:41
09:34:54,7.59,0.0,1639,1243063,买盘,000572,2025-10-17 22:56:41
09:34:57,7.58,-0.01,1457,1104448,卖盘,000572,2025-10-17 22:56:41
09:35:00,7.57,-0.01,1573,1191959,卖盘,000572,2025-10-17 22:56:41
09:35:03,7.58,0.01,3338,2529756,买盘,000572,2025-10-17 22:56:41
09:35:06,7.54,-0.04,6519,4925853,卖盘,000572,2025-10-17 22:56:41
09:35:09,7.53,-0.01,5085,3845824,卖盘,000572,2025-10-17 22:56:41
09:35:12,7.52,-0.01,1694,1276502,卖盘,000572,2025-10-17 22:56:41
09:35:15,7.52,0.0,1633,1228406,卖盘,000572,2025-10-17 22:56:41
09:35:18,7.52,0.0,2605,1957913,卖盘,000572,2025-10-17 22:56:41
09:35:21,7.51,-0.01,3249,2439298,卖盘,000572,2025-10-17 22:56:41
09:35:24,7.5,-0.01,4689,3520216,卖盘,000572,2025-10-17 22:56:41
09:35:27,7.49,-0.01,3466,2599586,卖盘,000572,2025-10-17 22:56:41
09:35:30,7.48,-0.01,2580,1932801,卖盘,000572,2025-10-17 22:56:41
09:35:33,7.48,0.0,2343,1752530,卖盘,000572,2025-10-17 22:56:41
09:35:36,7.47,-0.01,1238,924792,卖盘,000572,2025-10-17 22:56:41
09:35:39,7.47,0.0,2429,1813756,买盘,000572,2025-10-17 22:56:41
09:35:42,7.47,0.0,3773,2816556,买盘,000572,2025-10-17 22:56:41
09:35:45,7.46,-0.01,4367,3260923,卖盘,000572,2025-10-17 22:56:41
09:35:48,7.49,0.03,7500,5610686,买盘,000572,2025-10-17 22:56:41
09:35:51,7.5,0.01,3811,2853201,买盘,000572,2025-10-17 22:56:41
09:35:54,7.5,0.0,3066,2298069,买盘,000572,2025-10-17 22:56:41
09:35:57,7.5,0.0,3619,2711861,买盘,000572,2025-10-17 22:56:41
09:36:00,7.5,0.0,3115,2333720,卖盘,000572,2025-10-17 22:56:41
09:36:03,7.5,0.0,3110,2333682,买盘,000572,2025-10-17 22:56:41
09:36:06,7.5,0.0,3683,2760910,买盘,000572,2025-10-17 22:56:41
09:36:09,7.5,0.0,8198,6154653,买盘,000572,2025-10-17 22:56:41
09:36:12,7.49,-0.01,2814,2108551,卖盘,000572,2025-10-17 22:56:41
09:36:15,7.49,0.0,3037,2273516,买盘,000572,2025-10-17 22:56:41
09:36:18,7.48,-0.01,1318,986574,卖盘,000572,2025-10-17 22:56:41
09:36:21,7.48,0.0,2187,1636478,买盘,000572,2025-10-17 22:56:41
09:36:24,7.48,0.0,14010,10450848,卖盘,000572,2025-10-17 22:56:41
09:36:27,7.45,-0.03,1277,950666,中性盘,000572,2025-10-17 22:56:41
09:36:30,7.44,-0.01,3536,2626496,卖盘,000572,2025-10-17 22:56:41
09:36:33,7.43,-0.01,1590,1181087,卖盘,000572,2025-10-17 22:56:41
09:36:36,7.42,-0.01,2130,1580844,卖盘,000572,2025-10-17 22:56:41
09:36:39,7.41,-0.01,1736,1285854,卖盘,000572,2025-10-17 22:56:41
09:36:42,7.4,-0.01,3739,2766812,卖盘,000572,2025-10-17 22:56:41
09:36:45,7.39,-0.01,1601,1183205,卖盘,000572,2025-10-17 22:56:41
09:36:48,7.35,-0.04,4900,3610305,卖盘,000572,2025-10-17 22:56:41
09:36:51,7.35,0.0,3522,2589970,买盘,000572,2025-10-17 22:56:41
09:36:54,7.35,0.0,4404,3235616,卖盘,000572,2025-10-17 22:56:41
09:36:57,7.34,-0.01,4407,3236001,卖盘,000572,2025-10-17 22:56:41
09:37:00,7.34,0.0,11193,8178832,中性盘,000572,2025-10-17 22:56:41
09:37:03,7.32,-0.02,4043,2958321,卖盘,000572,2025-10-17 22:56:41
09:37:06,7.3,-0.02,15368,11237948,卖盘,000572,2025-10-17 22:56:41
09:37:09,7.32,0.02,7607,5595941,买盘,000572,2025-10-17 22:56:41
09:37:12,7.37,0.05,4591,3353513,买盘,000572,2025-10-17 22:56:41
09:37:15,7.4,0.03,1153,851000,买盘,000572,2025-10-17 22:56:41
09:37:18,7.39,-0.01,4377,3232692,卖盘,000572,2025-10-17 22:56:41
09:37:21,7.39,0.0,3904,2887052,买盘,000572,2025-10-17 22:56:41
09:37:24,7.39,0.0,4486,3311907,买盘,000572,2025-10-17 22:56:41
09:37:27,7.39,0.0,3290,2429358,卖盘,000572,2025-10-17 22:56:41
09:37:30,7.37,-0.02,3452,2540677,卖盘,000572,2025-10-17 22:56:41
09:37:33,7.32,-0.05,9208,6761022,卖盘,000572,2025-10-17 22:56:41
09:37:36,7.29,-0.03,8402,6141553,卖盘,000572,2025-10-17 22:56:41
09:37:39,7.3,0.01,1770,1297525,买盘,000572,2025-10-17 22:56:41
09:37:42,7.33,0.03,3667,2687932,中性盘,000572,2025-10-17 22:56:41
09:37:45,7.35,0.02,12423,8998871,中性盘,000572,2025-10-17 22:56:41
09:37:48,7.36,0.01,2817,2069512,买盘,000572,2025-10-17 22:56:41
09:37:51,7.33,-0.03,2444,1795422,卖盘,000572,2025-10-17 22:56:41
09:37:54,7.36,0.03,1853,1361996,买盘,000572,2025-10-17 22:56:41
09:37:57,7.37,0.01,1529,1125046,买盘,000572,2025-10-17 22:56:41
09:38:00,7.35,-0.02,2316,1702286,卖盘,000572,2025-10-17 22:56:41
09:38:03,7.34,-0.01,6415,4695202,卖盘,000572,2025-10-17 22:56:41
09:38:06,7.3,-0.04,1494,1095958,中性盘,000572,2025-10-17 22:56:41
09:38:09,7.3,0.0,1980,1448368,卖盘,000572,2025-10-17 22:56:41
09:38:12,7.3,0.0,2393,1749091,卖盘,000572,2025-10-17 22:56:41
09:38:15,7.3,0.0,2729,1993369,卖盘,000572,2025-10-17 22:56:41
09:38:18,7.33,0.03,2179,1593028,买盘,000572,2025-10-17 22:56:41
09:38:21,7.32,-0.01,1071,782778,卖盘,000572,2025-10-17 22:56:41
09:38:24,7.31,-0.01,699,511553,卖盘,000572,2025-10-17 22:56:41
09:38:27,7.31,0.0,1846,1350483,卖盘,000572,2025-10-17 22:56:41
09:38:30,7.29,-0.02,7524,5490183,卖盘,000572,2025-10-17 22:56:41
09:38:33,7.28,-0.01,3579,2602777,卖盘,000572,2025-10-17 22:56:41
09:38:36,7.21,-0.07,1990,1442019,卖盘,000572,2025-10-17 22:56:41
09:38:39,7.2,-0.01,2056,1484562,卖盘,000572,2025-10-17 22:56:41
09:38:42,7.2,0.0,7831,5636903,卖盘,000572,2025-10-17 22:56:41
09:38:45,7.2,0.0,4613,3318428,买盘,000572,2025-10-17 22:56:41
09:38:48,7.17,-0.03,5100,3667306,卖盘,000572,2025-10-17 22:56:41
09:38:51,7.17,0.0,7632,5490790,卖盘,000572,2025-10-17 22:56:41
09:38:54,7.16,-0.01,3370,2417382,卖盘,000572,2025-10-17 22:56:41
09:38:57,7.17,0.01,2977,2133428,买盘,000572,2025-10-17 22:56:41
09:39:00,7.17,0.0,5074,3639041,买盘,000572,2025-10-17 22:56:41
09:39:03,7.17,0.0,3015,2166449,卖盘,000572,2025-10-17 22:56:41
09:39:06,7.2,0.03,5146,3717473,卖盘,000572,2025-10-17 22:56:41
09:39:09,7.23,0.03,2070,1504370,中性盘,000572,2025-10-17 22:56:41
09:39:12,7.28,0.05,2905,2109755,卖盘,000572,2025-10-17 22:56:41
09:39:15,7.29,0.01,2472,1802319,买盘,000572,2025-10-17 22:56:41
09:39:18,7.26,-0.03,5628,4093004,卖盘,000572,2025-10-17 22:56:41
09:39:21,7.28,0.02,2360,1716005,买盘,000572,2025-10-17 22:56:41
09:39:24,7.29,0.01,1104,804233,买盘,000572,2025-10-17 22:56:41
09:39:27,7.29,0.0,2004,1459728,买盘,000572,2025-10-17 22:56:41
09:39:30,7.29,0.0,2935,2136385,买盘,000572,2025-10-17 22:56:41
09:39:33,7.29,0.0,1344,980469,卖盘,000572,2025-10-17 22:56:41
09:39:36,7.29,0.0,2682,1956897,卖盘,000572,2025-10-17 22:56:41
09:39:39,7.29,0.0,5965,4349037,卖盘,000572,2025-10-17 22:56:41
09:39:42,7.28,-0.01,1558,1133747,中性盘,000572,2025-10-17 22:56:41
09:39:45,7.27,-0.01,4764,3464747,中性盘,000572,2025-10-17 22:56:41
09:39:48,7.25,-0.02,1380,1002512,卖盘,000572,2025-10-17 22:56:41
09:39:51,7.23,-0.02,1360,985102,卖盘,000572,2025-10-17 22:56:41
09:39:54,7.23,0.0,1135,819778,买盘,000572,2025-10-17 22:56:41
09:39:57,7.23,0.0,4826,3478840,买盘,000572,2025-10-17 22:56:41
09:40:00,7.2,-0.03,1644,1184056,卖盘,000572,2025-10-17 22:56:41
09:40:03,7.21,0.01,1510,1087619,买盘,000572,2025-10-17 22:56:41
09:40:06,7.23,0.02,2144,1545912,买盘,000572,2025-10-17 22:56:41
09:40:09,7.23,0.0,704,508410,买盘,000572,2025-10-17 22:56:41
09:40:12,7.24,0.01,4132,2987218,买盘,000572,2025-10-17 22:56:41
09:40:15,7.24,0.0,3176,2295099,买盘,000572,2025-10-17 22:56:41
09:40:18,7.23,-0.01,8330,6012704,卖盘,000572,2025-10-17 22:56:41
09:40:21,7.23,0.0,3205,2316713,买盘,000572,2025-10-17 22:56:41
09:40:24,7.23,0.0,2084,1504599,中性盘,000572,2025-10-17 22:56:41
09:40:27,7.22,-0.01,1728,1247605,卖盘,000572,2025-10-17 22:56:41
09:40:30,7.22,0.0,3062,2208412,买盘,000572,2025-10-17 22:56:41
09:40:33,7.22,0.0,1360,980655,买盘,000572,2025-10-17 22:56:41
09:40:36,7.2,-0.02,3499,2521285,卖盘,000572,2025-10-17 22:56:41
09:40:39,7.2,0.0,1474,1062107,买盘,000572,2025-10-17 22:56:41
09:40:42,7.21,0.01,870,626520,买盘,000572,2025-10-17 22:56:41
09:40:45,7.2,-0.01,1046,754064,卖盘,000572,2025-10-17 22:56:41
09:40:48,7.22,0.02,1849,1332369,买盘,000572,2025-10-17 22:56:41
09:40:51,7.21,-0.01,896,645701,中性盘,000572,2025-10-17 22:56:41
09:40:54,7.2,-0.01,1746,1256705,卖盘,000572,2025-10-17 22:56:41
09:40:57,7.2,0.0,4297,3087622,买盘,000572,2025-10-17 22:56:41
09:41:00,7.19,-0.01,1450,1043331,中性盘,000572,2025-10-17 22:56:41
09:41:03,7.17,-0.02,687,493448,卖盘,000572,2025-10-17 22:56:41
09:41:06,7.17,0.0,5024,3603297,卖盘,000572,2025-10-17 22:56:41
09:41:09,7.15,-0.02,2724,1949656,卖盘,000572,2025-10-17 22:56:41
09:41:12,7.15,0.0,2875,2057636,卖盘,000572,2025-10-17 22:56:41
09:41:15,7.15,0.0,4267,3052395,卖盘,000572,2025-10-17 22:56:41
09:41:18,7.15,0.0,2866,2048865,买盘,000572,2025-10-17 22:56:41
09:41:21,7.14,-0.01,7392,5277746,卖盘,000572,2025-10-17 22:56:41
09:41:24,7.14,0.0,1118,798006,买盘,000572,2025-10-17 22:56:41
09:41:27,7.13,-0.01,5351,3812500,卖盘,000572,2025-10-17 22:56:41
09:41:30,7.12,-0.01,1351,960622,卖盘,000572,2025-10-17 22:56:41
09:41:33,7.11,-0.01,836,594421,卖盘,000572,2025-10-17 22:56:41
09:41:36,7.09,-0.02,6302,4474219,卖盘,000572,2025-10-17 22:56:41
09:41:39,7.09,0.0,7950,5628187,买盘,000572,2025-10-17 22:56:41
09:41:42,7.08,-0.01,4998,3538360,卖盘,000572,2025-10-17 22:56:41
09:41:45,7.08,0.0,3034,2148068,买盘,000572,2025-10-17 22:56:41
09:41:48,7.07,-0.01,3786,2675897,卖盘,000572,2025-10-17 22:56:41
09:41:51,7.07,0.0,2339,1652729,买盘,000572,2025-10-17 22:56:41
09:41:54,7.06,-0.01,2324,1640126,卖盘,000572,2025-10-17 22:56:41
09:41:57,7.05,-0.01,3637,2567195,卖盘,000572,2025-10-17 22:56:41
09:42:00,7.05,0.0,9572,6771763,卖盘,000572,2025-10-17 22:56:41
09:42:03,7.1,0.05,3604,2558550,中性盘,000572,2025-10-17 22:56:41
09:42:06,7.14,0.04,8683,6194569,买盘,000572,2025-10-17 22:56:41
09:42:09,7.18,0.04,6856,4897494,买盘,000572,2025-10-17 22:56:41
09:42:12,7.18,0.0,2158,1545238,买盘,000572,2025-10-17 22:56:41
09:42:15,7.18,0.0,2792,2004111,卖盘,000572,2025-10-17 22:56:41
09:42:18,7.18,0.0,2599,1860579,卖盘,000572,2025-10-17 22:56:41
09:42:21,7.15,-0.03,1589,1139658,中性盘,000572,2025-10-17 22:56:41
09:42:24,7.14,-0.01,1159,829697,中性盘,000572,2025-10-17 22:56:41
09:42:27,7.13,-0.01,2258,1615933,卖盘,000572,2025-10-17 22:56:41
09:42:30,7.14,0.01,1031,736105,买盘,000572,2025-10-17 22:56:41
09:42:33,7.14,0.0,1921,1371709,卖盘,000572,2025-10-17 22:56:41
09:42:36,7.14,0.0,2388,1705084,卖盘,000572,2025-10-17 22:56:41
09:42:39,7.14,0.0,3444,2460976,买盘,000572,2025-10-17 22:56:41
09:42:42,7.14,0.0,1456,1040278,卖盘,000572,2025-10-17 22:56:41
09:42:45,7.13,-0.01,2533,1807487,卖盘,000572,2025-10-17 22:56:41
09:42:48,7.15,0.02,538,384202,买盘,000572,2025-10-17 22:56:41
09:42:51,7.15,0.0,433,309386,买盘,000572,2025-10-17 22:56:41
09:42:54,7.15,0.0,857,612495,买盘,000572,2025-10-17 22:56:41
09:42:57,7.15,0.0,1685,1204053,买盘,000572,2025-10-17 22:56:41
09:43:00,7.13,-0.02,3993,2849194,卖盘,000572,2025-10-17 22:56:41
09:43:03,7.14,0.01,1663,1186316,买盘,000572,2025-10-17 22:56:41
09:43:06,7.14,0.0,1833,1308367,买盘,000572,2025-10-17 22:56:41
09:43:09,7.14,0.0,1509,1077233,买盘,000572,2025-10-17 22:56:41
09:43:12,7.14,0.0,1835,1309853,买盘,000572,2025-10-17 22:56:41
09:43:15,7.15,0.01,1706,1217575,买盘,000572,2025-10-17 22:56:41
09:43:18,7.15,0.0,1485,1060224,买盘,000572,2025-10-17 22:56:41
09:43:21,7.16,0.01,1122,802203,买盘,000572,2025-10-17 22:56:41
09:43:24,7.16,0.0,3033,2169323,买盘,000572,2025-10-17 22:56:41
09:43:27,7.15,-0.01,1420,1016579,卖盘,000572,2025-10-17 22:56:41
09:43:30,7.16,0.01,824,589717,买盘,000572,2025-10-17 22:56:41
09:43:33,7.16,0.0,350,250554,买盘,000572,2025-10-17 22:56:41
09:43:36,7.16,0.0,1502,1074625,买盘,000572,2025-10-17 22:56:41
09:43:39,7.16,0.0,1059,758006,买盘,000572,2025-10-17 22:56:41
09:43:42,7.16,0.0,1992,1425044,买盘,000572,2025-10-17 22:56:41
09:43:45,7.16,0.0,1036,741750,买盘,000572,2025-10-17 22:56:41
09:43:48,7.16,0.0,1723,1232558,卖盘,000572,2025-10-17 22:56:41
09:43:51,7.16,0.0,798,571519,卖盘,000572,2025-10-17 22:56:41
09:43:54,7.16,0.0,921,659508,卖盘,000572,2025-10-17 22:56:41
09:43:57,7.16,0.0,2597,1856176,买盘,000572,2025-10-17 22:56:41
09:44:00,7.15,-0.01,1067,763647,中性盘,000572,2025-10-17 22:56:41
09:44:03,7.14,-0.01,1077,770135,中性盘,000572,2025-10-17 22:56:41
09:44:06,7.16,0.02,563,401972,买盘,000572,2025-10-17 22:56:41
09:44:09,7.15,-0.01,1676,1193337,中性盘,000572,2025-10-17 22:56:41
09:44:12,7.11,-0.04,908,647347,卖盘,000572,2025-10-17 22:56:41
09:44:15,7.14,0.03,1609,1145618,中性盘,000572,2025-10-17 22:56:41
09:44:18,7.14,0.0,1069,760718,买盘,000572,2025-10-17 22:56:41
09:44:21,7.15,0.01,360,256739,买盘,000572,2025-10-17 22:56:41
09:44:24,7.12,-0.03,675,481896,卖盘,000572,2025-10-17 22:56:41
09:44:27,7.11,-0.01,760,541833,卖盘,000572,2025-10-17 22:56:41
09:44:30,7.11,0.0,6256,4445847,卖盘,000572,2025-10-17 22:56:41
09:44:33,7.12,0.01,723,514063,买盘,000572,2025-10-17 22:56:41
09:44:36,7.12,0.0,1074,763729,卖盘,000572,2025-10-17 22:56:41
09:44:39,7.1,-0.02,2609,1854699,卖盘,000572,2025-10-17 22:56:41
09:44:42,7.1,0.0,381,270966,卖盘,000572,2025-10-17 22:56:41
09:44:45,7.1,0.0,2033,1442295,卖盘,000572,2025-10-17 22:56:41
09:44:48,7.1,0.0,661,469204,买盘,000572,2025-10-17 22:56:41
09:44:51,7.08,-0.02,1885,1336134,卖盘,000572,2025-10-17 22:56:41
09:44:54,7.09,0.01,597,423075,买盘,000572,2025-10-17 22:56:41
09:44:57,7.1,0.01,2069,1465553,买盘,000572,2025-10-17 22:56:41
09:45:00,7.09,-0.01,674,477793,卖盘,000572,2025-10-17 22:56:41
09:45:03,7.1,0.01,2264,1603943,买盘,000572,2025-10-17 22:56:41
09:45:06,7.09,-0.01,715,507030,中性盘,000572,2025-10-17 22:56:41
09:45:09,7.1,0.01,1271,900615,买盘,000572,2025-10-17 22:56:41
09:45:12,7.1,0.0,1335,945406,买盘,000572,2025-10-17 22:56:41
09:45:15,7.1,0.0,1723,1221392,买盘,000572,2025-10-17 22:56:41
09:45:18,7.08,-0.02,1190,844588,卖盘,000572,2025-10-17 22:56:41
09:45:21,7.08,0.0,1342,951373,卖盘,000572,2025-10-17 22:56:41
09:45:24,7.08,0.0,845,598522,卖盘,000572,2025-10-17 22:56:41
09:45:27,7.07,-0.01,395,279613,卖盘,000572,2025-10-17 22:56:41
09:45:30,7.08,0.01,2407,1703502,买盘,000572,2025-10-17 22:56:41
09:45:33,7.08,0.0,688,486784,中性盘,000572,2025-10-17 22:56:41
09:45:36,7.09,0.01,1584,1122146,买盘,000572,2025-10-17 22:56:41
09:45:39,7.08,-0.01,1217,861831,卖盘,000572,2025-10-17 22:56:41
09:45:42,7.08,0.0,775,548708,卖盘,000572,2025-10-17 22:56:41
09:45:45,7.09,0.01,712,504396,买盘,000572,2025-10-17 22:56:41
09:45:48,7.08,-0.01,690,488753,卖盘,000572,2025-10-17 22:56:41
09:45:51,7.08,0.0,1427,1010266,卖盘,000572,2025-10-17 22:56:41
09:45:54,7.08,0.0,689,487739,买盘,000572,2025-10-17 22:56:41
09:45:57,7.08,0.0,1414,1001001,买盘,000572,2025-10-17 22:56:41
09:46:00,7.08,0.0,814,576215,买盘,000572,2025-10-17 22:56:41
09:46:03,7.08,0.0,596,421991,卖盘,000572,2025-10-17 22:56:41
09:46:06,7.08,0.0,562,397795,卖盘,000572,2025-10-17 22:56:41
09:46:09,7.09,0.01,522,369798,买盘,000572,2025-10-17 22:56:41
09:46:12,7.08,-0.01,972,688288,卖盘,000572,2025-10-17 22:56:41
09:46:15,7.08,0.0,2100,1485136,中性盘,000572,2025-10-17 22:56:41
09:46:18,7.07,-0.01,1087,768840,中性盘,000572,2025-10-17 22:56:41
09:46:21,7.06,-0.01,1871,1321512,卖盘,000572,2025-10-17 22:56:41
09:46:24,7.08,0.02,7195,5075894,买盘,000572,2025-10-17 22:56:41
09:46:27,7.05,-0.03,713,502953,卖盘,000572,2025-10-17 22:56:41
09:46:30,7.06,0.01,1743,1229189,买盘,000572,2025-10-17 22:56:41
09:46:33,7.05,-0.01,1245,878135,卖盘,000572,2025-10-17 22:56:41
09:46:36,7.06,0.01,831,586137,买盘,000572,2025-10-17 22:56:41
09:46:39,7.05,-0.01,3138,2212955,卖盘,000572,2025-10-17 22:56:41
09:46:42,7.03,-0.02,1015,714824,卖盘,000572,2025-10-17 22:56:41
09:46:45,7.03,0.0,1447,1018403,卖盘,000572,2025-10-17 22:56:41
09:46:48,7.02,-0.01,1843,1293378,卖盘,000572,2025-10-17 22:56:41
09:46:51,7.0,-0.02,3661,2564288,卖盘,000572,2025-10-17 22:56:41
09:46:54,6.99,-0.01,4034,2823212,卖盘,000572,2025-10-17 22:56:41
09:46:57,6.97,-0.02,2181,1522492,卖盘,000572,2025-10-17 22:56:41
09:47:00,6.96,-0.01,476,331465,卖盘,000572,2025-10-17 22:56:41
09:47:03,6.93,-0.03,2808,1949134,卖盘,000572,2025-10-17 22:56:41
09:47:06,6.95,0.02,7527,5217011,买盘,000572,2025-10-17 22:56:41
09:47:09,6.95,0.0,11522,7954616,买盘,000572,2025-10-17 22:56:41
09:47:12,6.92,-0.03,2846,1970898,卖盘,000572,2025-10-17 22:56:41
09:47:15,6.94,0.02,4347,3008164,买盘,000572,2025-10-17 22:56:41
09:47:18,6.95,0.01,3188,2206335,买盘,000572,2025-10-17 22:56:41
09:47:21,6.96,0.01,2885,2002426,买盘,000572,2025-10-17 22:56:41
09:47:24,6.95,-0.01,2090,1454506,卖盘,000572,2025-10-17 22:56:41
09:47:27,6.95,0.0,1293,900595,卖盘,000572,2025-10-17 22:56:41
09:47:30,6.99,0.04,2587,1802684,买盘,000572,2025-10-17 22:56:41
09:47:33,6.99,0.0,2005,1399132,买盘,000572,2025-10-17 22:56:41
09:47:36,6.99,0.0,1211,846375,卖盘,000572,2025-10-17 22:56:41
09:47:39,6.99,0.0,1421,993001,卖盘,000572,2025-10-17 22:56:41
09:47:42,7.0,0.01,1245,871004,买盘,000572,2025-10-17 22:56:41
09:47:45,7.01,0.01,669,468573,买盘,000572,2025-10-17 22:56:41
09:47:48,7.01,0.0,1650,1157629,卖盘,000572,2025-10-17 22:56:41
09:47:51,7.03,0.02,1092,766615,买盘,000572,2025-10-17 22:56:41
09:47:54,7.03,0.0,1097,771300,买盘,000572,2025-10-17 22:56:41
09:47:57,7.03,0.0,957,672745,买盘,000572,2025-10-17 22:56:41
09:48:00,7.03,0.0,1883,1323001,中性盘,000572,2025-10-17 22:56:41
09:48:03,7.02,-0.01,1569,1100573,卖盘,000572,2025-10-17 22:56:41
09:48:06,7.01,-0.01,766,537140,卖盘,000572,2025-10-17 22:56:41
09:48:09,7.0,-0.01,1727,1208410,卖盘,000572,2025-10-17 22:56:41
09:48:12,6.97,-0.03,1290,899201,卖盘,000572,2025-10-17 22:56:41
09:48:15,6.96,-0.01,517,359926,卖盘,000572,2025-10-17 22:56:41
09:48:18,6.95,-0.01,305,212044,卖盘,000572,2025-10-17 22:56:41
09:48:21,6.95,0.0,994,690775,卖盘,000572,2025-10-17 22:56:41
09:48:24,6.95,0.0,579,402131,买盘,000572,2025-10-17 22:56:41
09:48:27,6.94,-0.01,649,450262,卖盘,000572,2025-10-17 22:56:41
09:48:30,6.94,0.0,847,587436,买盘,000572,2025-10-17 22:56:41
09:48:33,6.92,-0.02,1010,700159,卖盘,000572,2025-10-17 22:56:41
09:48:36,6.91,-0.01,1054,729169,卖盘,000572,2025-10-17 22:56:41
09:48:39,6.91,0.0,1768,1221552,卖盘,000572,2025-10-17 22:56:41
09:48:42,6.9,-0.01,2797,1931456,卖盘,000572,2025-10-17 22:56:41
09:48:45,6.9,0.0,1788,1233475,卖盘,000572,2025-10-17 22:56:41
09:48:48,6.89,-0.01,1253,863603,卖盘,000572,2025-10-17 22:56:41
09:48:51,6.89,0.0,5849,4018005,买盘,000572,2025-10-17 22:56:41
09:48:54,6.88,-0.01,2089,1435353,买盘,000572,2025-10-17 22:56:41
09:48:57,6.87,-0.01,2508,1722219,卖盘,000572,2025-10-17 22:56:41
09:49:00,6.87,0.0,1629,1119063,卖盘,000572,2025-10-17 22:56:41
09:49:03,6.87,0.0,2843,1953754,买盘,000572,2025-10-17 22:56:41
09:49:06,6.85,-0.02,12812,8825091,卖盘,000572,2025-10-17 22:56:41
09:49:09,6.88,0.03,3885,2679544,中性盘,000572,2025-10-17 22:56:41
09:49:12,6.9,0.02,3924,2702207,中性盘,000572,2025-10-17 22:56:41
09:49:15,6.89,-0.01,1241,858239,卖盘,000572,2025-10-17 22:56:41
09:49:18,6.92,0.03,617,426696,买盘,000572,2025-10-17 22:56:41
09:49:21,6.95,0.03,753,522550,买盘,000572,2025-10-17 22:56:41
09:49:24,6.93,-0.02,1671,1157953,中性盘,000572,2025-10-17 22:56:41
09:49:27,6.96,0.03,780,542069,买盘,000572,2025-10-17 22:56:41
09:49:30,6.98,0.02,777,541091,买盘,000572,2025-10-17 22:56:41
09:49:33,6.96,-0.02,1110,773118,卖盘,000572,2025-10-17 22:56:41
09:49:36,6.93,-0.03,1782,1238616,卖盘,000572,2025-10-17 22:56:41
09:49:39,6.94,0.01,771,536343,卖盘,000572,2025-10-17 22:56:41
09:49:42,6.94,0.0,1783,1238961,买盘,000572,2025-10-17 22:56:41
09:49:45,6.94,0.0,683,473979,卖盘,000572,2025-10-17 22:56:41
09:49:48,6.93,-0.01,1248,865226,卖盘,000572,2025-10-17 22:56:41
09:49:51,6.93,0.0,1709,1184683,买盘,000572,2025-10-17 22:56:41
09:49:54,6.93,0.0,726,503421,买盘,000572,2025-10-17 22:56:41
09:49:57,6.93,0.0,698,483054,卖盘,000572,2025-10-17 22:56:41
09:50:00,6.93,0.0,565,391473,买盘,000572,2025-10-17 22:56:41
09:50:03,6.94,0.01,1118,774611,买盘,000572,2025-10-17 22:56:41
09:50:06,6.94,0.0,364,251944,买盘,000572,2025-10-17 22:56:41
09:50:09,6.94,0.0,709,491950,买盘,000572,2025-10-17 22:56:41
09:50:12,6.94,0.0,953,661562,买盘,000572,2025-10-17 22:56:41
09:50:15,6.94,0.0,1393,966640,卖盘,000572,2025-10-17 22:56:41
09:50:18,6.94,0.0,996,691666,卖盘,000572,2025-10-17 22:56:41
09:50:21,6.95,0.01,1058,734218,买盘,000572,2025-10-17 22:56:41
09:50:24,6.93,-0.02,1675,1162273,卖盘,000572,2025-10-17 22:56:41
09:50:27,6.93,0.0,694,481483,卖盘,000572,2025-10-17 22:56:41
09:50:30,6.94,0.01,229,158903,买盘,000572,2025-10-17 22:56:41
09:50:33,6.93,-0.01,1148,796007,卖盘,000572,2025-10-17 22:56:41
09:50:36,6.94,0.01,625,433500,买盘,000572,2025-10-17 22:56:41
09:50:39,6.93,-0.01,688,477095,卖盘,000572,2025-10-17 22:56:41
09:50:42,6.94,0.01,377,261593,买盘,000572,2025-10-17 22:56:41
09:50:45,6.93,-0.01,281,194884,卖盘,000572,2025-10-17 22:56:41
09:50:48,6.93,0.0,556,385389,卖盘,000572,2025-10-17 22:56:41
09:50:51,6.93,0.0,414,286983,卖盘,000572,2025-10-17 22:56:41
09:50:54,6.93,0.0,331,229524,中性盘,000572,2025-10-17 22:56:41
09:50:57,6.93,0.0,658,456381,卖盘,000572,2025-10-17 22:56:41
09:51:00,6.94,0.01,208,144305,买盘,000572,2025-10-17 22:56:41
09:51:03,6.94,0.0,1146,795096,卖盘,000572,2025-10-17 22:56:41
09:51:06,6.94,0.0,180,124974,卖盘,000572,2025-10-17 22:56:41
09:51:09,6.94,0.0,280,194290,买盘,000572,2025-10-17 22:56:41
09:51:12,6.95,0.01,627,435022,买盘,000572,2025-10-17 22:56:41
09:51:15,6.94,-0.01,368,255830,卖盘,000572,2025-10-17 22:56:41
09:51:18,6.94,0.0,568,394269,卖盘,000572,2025-10-17 22:56:41
09:51:21,6.93,-0.01,453,314282,卖盘,000572,2025-10-17 22:56:41
09:51:24,6.92,-0.01,767,531757,卖盘,000572,2025-10-17 22:56:41
09:51:27,6.94,0.02,218,151299,买盘,000572,2025-10-17 22:56:41
09:51:30,6.94,0.0,220,152632,卖盘,000572,2025-10-17 22:56:41
09:51:33,6.93,-0.01,513,355545,卖盘,000572,2025-10-17 22:56:41
09:51:36,6.93,0.0,235,162853,买盘,000572,2025-10-17 22:56:41
09:51:39,6.93,0.0,283,196183,买盘,000572,2025-10-17 22:56:41
09:51:42,6.93,0.0,202,140058,卖盘,000572,2025-10-17 22:56:41
09:51:45,6.94,0.01,697,483593,买盘,000572,2025-10-17 22:56:41
09:51:48,6.94,0.0,267,185358,买盘,000572,2025-10-17 22:56:41
09:51:51,6.94,0.0,682,473828,卖盘,000572,2025-10-17 22:56:41
09:51:54,6.95,0.01,1070,743096,买盘,000572,2025-10-17 22:56:41
09:51:57,6.96,0.01,609,423221,买盘,000572,2025-10-17 22:56:41
09:52:00,6.95,-0.01,258,179378,卖盘,000572,2025-10-17 22:56:41
09:52:03,6.96,0.01,388,269810,买盘,000572,2025-10-17 22:56:41
09:52:06,6.97,0.01,232,161539,买盘,000572,2025-10-17 22:56:41
09:52:09,6.97,0.0,797,555211,买盘,000572,2025-10-17 22:56:41
09:52:12,6.97,0.0,701,488319,买盘,000572,2025-10-17 22:56:41
09:52:15,6.98,0.01,1744,1215734,买盘,000572,2025-10-17 22:56:41
09:52:18,6.98,0.0,192,134005,买盘,000572,2025-10-17 22:56:41
09:52:21,6.99,0.01,1303,909640,买盘,000572,2025-10-17 22:56:41
09:52:24,6.99,0.0,579,404608,买盘,000572,2025-10-17 22:56:41
09:52:27,6.99,0.0,1575,1100713,买盘,000572,2025-10-17 22:56:41
09:52:30,6.98,-0.01,3733,2611743,卖盘,000572,2025-10-17 22:56:41
09:52:33,7.0,0.02,875,612905,买盘,000572,2025-10-17 22:56:41
09:52:36,7.0,0.0,653,457449,卖盘,000572,2025-10-17 22:56:41
09:52:39,7.01,0.01,323,226680,买盘,000572,2025-10-17 22:56:41
09:52:42,7.01,0.0,660,462727,卖盘,000572,2025-10-17 22:56:41
09:52:45,7.0,-0.01,2760,1939905,卖盘,000572,2025-10-17 22:56:41
09:52:48,7.01,0.01,362,253760,卖盘,000572,2025-10-17 22:56:41
09:52:51,7.01,0.0,1102,772373,买盘,000572,2025-10-17 22:56:41
09:52:54,7.01,0.0,1225,858622,买盘,000572,2025-10-17 22:56:41
09:52:57,7.01,0.0,4659,3262449,买盘,000572,2025-10-17 22:56:41
09:53:00,7.0,-0.01,1289,902775,卖盘,000572,2025-10-17 22:56:41
09:53:03,7.01,0.01,727,509452,买盘,000572,2025-10-17 22:56:41
09:53:06,7.01,0.0,162,113528,买盘,000572,2025-10-17 22:56:41
09:53:09,7.0,-0.01,2501,1752576,卖盘,000572,2025-10-17 22:56:41
09:53:12,7.01,0.01,1290,903741,中性盘,000572,2025-10-17 22:56:41
09:53:15,7.02,0.01,1387,972536,买盘,000572,2025-10-17 22:56:41
09:53:18,7.03,0.01,780,547628,买盘,000572,2025-10-17 22:56:41
09:53:21,7.02,-0.01,2809,1970406,卖盘,000572,2025-10-17 22:56:41
09:53:24,7.02,0.0,538,377623,买盘,000572,2025-10-17 22:56:41
09:53:27,7.01,-0.01,792,555090,中性盘,000572,2025-10-17 22:56:41
09:53:30,7.0,-0.01,2211,1546983,卖盘,000572,2025-10-17 22:56:41
09:53:33,7.0,0.0,1547,1082172,买盘,000572,2025-10-17 22:56:41
09:53:36,7.0,0.0,560,391806,买盘,000572,2025-10-17 22:56:41
09:53:39,6.98,-0.02,194,135675,卖盘,000572,2025-10-17 22:56:41
09:53:42,6.98,0.0,195,136293,卖盘,000572,2025-10-17 22:56:41
09:53:45,6.98,0.0,310,216416,卖盘,000572,2025-10-17 22:56:41
09:53:48,6.98,0.0,582,406380,卖盘,000572,2025-10-17 22:56:41
09:53:51,6.99,0.01,452,315645,买盘,000572,2025-10-17 22:56:41
09:53:54,6.98,-0.01,832,580685,卖盘,000572,2025-10-17 22:56:41
09:53:57,6.98,0.0,290,202417,买盘,000572,2025-10-17 22:56:41
09:54:00,6.97,-0.01,779,542902,卖盘,000572,2025-10-17 22:56:41
09:54:03,6.96,-0.01,480,334796,卖盘,000572,2025-10-17 22:56:41
09:54:06,6.96,0.0,112,77917,买盘,000572,2025-10-17 22:56:41
09:54:09,6.95,-0.01,188,130780,卖盘,000572,2025-10-17 22:56:41
09:54:12,6.95,0.0,444,308611,卖盘,000572,2025-10-17 22:56:41
09:54:15,6.94,-0.01,248,172316,卖盘,000572,2025-10-17 22:56:41
09:54:18,6.94,0.0,498,346009,卖盘,000572,2025-10-17 22:56:41
09:54:21,6.95,0.01,114,79241,卖盘,000572,2025-10-17 22:56:41
09:54:24,6.95,0.0,240,166841,卖盘,000572,2025-10-17 22:56:41
09:54:27,6.95,0.0,804,559129,卖盘,000572,2025-10-17 22:56:41
09:54:30,6.95,0.0,410,285181,卖盘,000572,2025-10-17 22:56:41
09:54:33,6.95,0.0,75,52137,卖盘,000572,2025-10-17 22:56:41
09:54:36,6.96,0.01,118,82029,买盘,000572,2025-10-17 22:56:41
09:54:39,6.96,0.0,269,187065,买盘,000572,2025-10-17 22:56:41
09:54:42,6.97,0.01,43,29940,买盘,000572,2025-10-17 22:56:41
09:54:45,6.97,0.0,163,113545,买盘,000572,2025-10-17 22:56:41
09:54:48,6.97,0.0,139,96824,卖盘,000572,2025-10-17 22:56:41
09:54:51,6.97,0.0,916,638947,买盘,000572,2025-10-17 22:56:41
09:54:54,6.98,0.01,62,43243,买盘,000572,2025-10-17 22:56:41
09:54:57,6.97,-0.01,577,402269,卖盘,000572,2025-10-17 22:56:41
09:55:00,6.97,0.0,585,407821,卖盘,000572,2025-10-17 22:56:41
09:55:03,6.97,0.0,143,99678,买盘,000572,2025-10-17 22:56:41
09:55:06,6.97,0.0,398,277488,买盘,000572,2025-10-17 22:56:41
09:55:09,6.97,0.0,84,58572,卖盘,000572,2025-10-17 22:56:41
09:55:12,6.98,0.01,735,513018,买盘,000572,2025-10-17 22:56:41
09:55:15,6.99,0.01,455,317565,买盘,000572,2025-10-17 22:56:41
09:55:18,6.98,-0.01,206,143862,卖盘,000572,2025-10-17 22:56:41
09:55:21,6.98,0.0,625,436584,卖盘,000572,2025-10-17 22:56:41
09:55:24,6.99,0.01,256,178851,买盘,000572,2025-10-17 22:56:41
09:55:27,7.0,0.01,665,464549,买盘,000572,2025-10-17 22:56:41
09:55:30,6.99,-0.01,108,75582,卖盘,000572,2025-10-17 22:56:41
09:55:33,7.0,0.01,127,88900,买盘,000572,2025-10-17 22:56:41
09:55:36,6.99,-0.01,656,459176,卖盘,000572,2025-10-17 22:56:41
09:55:39,6.99,0.0,1092,764359,卖盘,000572,2025-10-17 22:56:41
09:55:42,7.0,0.01,1506,1054175,买盘,000572,2025-10-17 22:56:41
09:55:45,7.0,0.0,4716,3296401,买盘,000572,2025-10-17 22:56:41
09:55:48,7.0,0.0,833,583106,卖盘,000572,2025-10-17 22:56:41
09:55:51,7.01,0.01,241,168891,买盘,000572,2025-10-17 22:56:41
09:55:54,7.02,0.01,321,225039,买盘,000572,2025-10-17 22:56:41
09:55:57,7.03,0.01,84,58917,买盘,000572,2025-10-17 22:56:41
09:56:00,7.03,0.0,2652,1858528,买盘,000572,2025-10-17 22:56:41
09:56:03,7.02,-0.01,2785,1948757,中性盘,000572,2025-10-17 22:56:41
09:56:06,6.99,-0.03,2075,1448345,卖盘,000572,2025-10-17 22:56:41
09:56:09,6.97,-0.02,412,287534,卖盘,000572,2025-10-17 22:56:41
09:56:12,6.98,0.01,987,688011,买盘,000572,2025-10-17 22:56:41
09:56:15,6.99,0.01,541,377831,买盘,000572,2025-10-17 22:56:41
09:56:18,6.98,-0.01,284,198312,卖盘,000572,2025-10-17 22:56:41
09:56:21,6.99,0.01,436,304444,买盘,000572,2025-10-17 22:56:41
09:56:24,6.99,0.0,662,463005,买盘,000572,2025-10-17 22:56:41
09:56:27,6.99,0.0,308,215312,卖盘,000572,2025-10-17 22:56:41
09:56:30,7.0,0.01,174,121717,买盘,000572,2025-10-17 22:56:41
09:56:33,7.0,0.0,1245,870716,买盘,000572,2025-10-17 22:56:41
09:56:36,7.01,0.01,408,285296,买盘,000572,2025-10-17 22:56:41
09:56:39,6.99,-0.02,134,93741,卖盘,000572,2025-10-17 22:56:41
09:56:42,7.0,0.01,106,74227,买盘,000572,2025-10-17 22:56:41
09:56:45,6.99,-0.01,90,62994,卖盘,000572,2025-10-17 22:56:41
09:56:48,7.0,0.01,239,167277,买盘,000572,2025-10-17 22:56:41
09:56:51,7.0,0.0,740,518191,买盘,000572,2025-10-17 22:56:41
09:56:54,7.0,0.0,149,104334,卖盘,000572,2025-10-17 22:56:41
09:56:57,7.0,0.0,120,84037,卖盘,000572,2025-10-17 22:56:41
09:57:00,7.0,0.0,711,497826,卖盘,000572,2025-10-17 22:56:41
09:57:03,7.0,0.0,401,280685,买盘,000572,2025-10-17 22:56:41
09:57:06,7.0,0.0,670,468684,买盘,000572,2025-10-17 22:56:41
09:57:09,7.0,0.0,2156,1507963,买盘,000572,2025-10-17 22:56:41
09:57:12,7.0,0.0,83,58090,买盘,000572,2025-10-17 22:56:41
09:57:15,7.0,0.0,284,198820,买盘,000572,2025-10-17 22:56:41
09:57:18,7.0,0.0,310,217002,卖盘,000572,2025-10-17 22:56:41
09:57:21,7.0,0.0,116,81224,卖盘,000572,2025-10-17 22:56:41
09:57:24,7.0,0.0,1071,749806,卖盘,000572,2025-10-17 22:56:41
09:57:27,7.0,0.0,643,450079,买盘,000572,2025-10-17 22:56:41
09:57:30,7.0,0.0,717,501851,卖盘,000572,2025-10-17 22:56:41
09:57:33,7.0,0.0,80,56015,买盘,000572,2025-10-17 22:56:41
09:57:36,7.01,0.01,490,343330,买盘,000572,2025-10-17 22:56:41
09:57:39,7.01,0.0,236,165353,买盘,000572,2025-10-17 22:56:41
09:57:42,7.0,-0.01,509,356502,卖盘,000572,2025-10-17 22:56:41
09:57:45,7.0,0.0,176,123364,卖盘,000572,2025-10-17 22:56:41
09:57:48,7.0,0.0,2137,1496032,卖盘,000572,2025-10-17 22:56:41
09:57:51,6.98,-0.02,2491,1740077,卖盘,000572,2025-10-17 22:56:41
09:57:54,6.99,0.01,603,421396,买盘,000572,2025-10-17 22:56:41
09:57:57,6.98,-0.01,115,80403,卖盘,000572,2025-10-17 22:56:41
09:58:00,6.98,0.0,392,273985,卖盘,000572,2025-10-17 22:56:41
09:58:03,6.98,0.0,379,264820,卖盘,000572,2025-10-17 22:56:41
09:58:06,6.99,0.01,2153,1504655,买盘,000572,2025-10-17 22:56:41
09:58:09,6.99,0.0,696,486512,卖盘,000572,2025-10-17 22:56:41
09:58:12,7.0,0.01,20,13995,买盘,000572,2025-10-17 22:56:41
09:58:15,7.0,0.0,261,182657,买盘,000572,2025-10-17 22:56:41
09:58:18,7.01,0.01,24,16804,买盘,000572,2025-10-17 22:56:41
09:58:21,7.01,0.0,276,193298,买盘,000572,2025-10-17 22:56:41
09:58:24,7.01,0.0,1033,723825,买盘,000572,2025-10-17 22:56:41
09:58:27,7.01,0.0,54,37854,卖盘,000572,2025-10-17 22:56:41
09:58:30,7.02,0.01,186,130572,买盘,000572,2025-10-17 22:56:41
09:58:33,7.02,0.0,118,82833,买盘,000572,2025-10-17 22:56:41
09:58:36,7.02,0.0,358,251024,买盘,000572,2025-10-17 22:56:41
09:58:39,7.02,0.0,452,317215,买盘,000572,2025-10-17 22:56:41
09:58:42,7.02,0.0,76,53340,买盘,000572,2025-10-17 22:56:41
09:58:45,7.02,0.0,556,390295,买盘,000572,2025-10-17 22:56:41
09:58:48,7.02,0.0,121,84942,买盘,000572,2025-10-17 22:56:41
09:58:51,7.03,0.01,114,80039,买盘,000572,2025-10-17 22:56:41
09:58:54,7.03,0.0,127,89196,买盘,000572,2025-10-17 22:56:41
09:58:57,7.03,0.0,712,500323,买盘,000572,2025-10-17 22:56:41
09:59:00,7.04,0.01,2987,2106744,买盘,000572,2025-10-17 22:56:41
09:59:03,7.05,0.01,193,135940,中性盘,000572,2025-10-17 22:56:41
09:59:06,7.02,-0.03,1616,1135842,卖盘,000572,2025-10-17 22:56:41
09:59:09,7.03,0.01,640,449666,买盘,000572,2025-10-17 22:56:41
09:59:12,7.02,-0.01,574,403298,卖盘,000572,2025-10-17 22:56:41
09:59:15,7.02,0.0,452,317418,买盘,000572,2025-10-17 22:56:41
09:59:18,7.03,0.01,159,111691,买盘,000572,2025-10-17 22:56:41
09:59:21,7.02,-0.01,433,304164,卖盘,000572,2025-10-17 22:56:41
09:59:24,7.03,0.01,1502,1054232,买盘,000572,2025-10-17 22:56:41
09:59:27,7.02,-0.01,212,148861,卖盘,000572,2025-10-17 22:56:41
09:59:30,7.03,0.01,239,167997,买盘,000572,2025-10-17 22:56:41
09:59:33,7.03,0.0,321,225598,买盘,000572,2025-10-17 22:56:41
09:59:36,7.04,0.01,121,85071,买盘,000572,2025-10-17 22:56:41
09:59:39,7.04,0.0,425,299157,买盘,000572,2025-10-17 22:56:41
09:59:42,7.03,-0.01,1209,850232,卖盘,000572,2025-10-17 22:56:41
09:59:45,7.04,0.01,401,282249,买盘,000572,2025-10-17 22:56:41
09:59:48,7.04,0.0,510,358943,买盘,000572,2025-10-17 22:56:41
09:59:51,7.04,0.0,196,137937,买盘,000572,2025-10-17 22:56:41
09:59:54,7.04,0.0,361,254140,买盘,000572,2025-10-17 22:56:41
09:59:57,7.03,-0.01,2599,1827083,卖盘,000572,2025-10-17 22:56:41
10:00:00,7.03,0.0,901,632226,买盘,000572,2025-10-17 22:56:41
10:00:03,7.01,-0.02,2836,1994732,中性盘,000572,2025-10-17 22:56:41
10:00:06,7.03,0.02,304,213522,买盘,000572,2025-10-17 22:56:41
10:00:09,7.03,0.0,172,120576,买盘,000572,2025-10-17 22:56:41
10:00:12,7.01,-0.02,297,208377,卖盘,000572,2025-10-17 22:56:41
10:00:15,7.01,0.0,1202,842634,卖盘,000572,2025-10-17 22:56:41
10:00:18,7.0,-0.01,260,182036,卖盘,000572,2025-10-17 22:56:41
10:00:21,7.0,0.0,281,196866,卖盘,000572,2025-10-17 22:56:41
10:00:24,7.0,0.0,360,252099,卖盘,000572,2025-10-17 22:56:41
10:00:27,7.0,0.0,549,384383,卖盘,000572,2025-10-17 22:56:41
10:00:30,7.0,0.0,674,472172,卖盘,000572,2025-10-17 22:56:41
10:00:33,7.01,0.01,170,119147,买盘,000572,2025-10-17 22:56:41
10:00:36,7.02,0.01,199,139501,买盘,000572,2025-10-17 22:56:41
10:00:39,7.01,-0.01,172,120572,卖盘,000572,2025-10-17 22:56:41
10:00:42,7.01,0.0,177,124077,买盘,000572,2025-10-17 22:56:41
10:00:45,7.0,-0.01,174,121854,卖盘,000572,2025-10-17 22:56:41
10:00:48,7.0,0.0,503,352545,卖盘,000572,2025-10-17 22:56:41
10:00:51,7.0,0.0,1504,1052865,卖盘,000572,2025-10-17 22:56:41
10:00:54,7.01,0.01,166,116288,买盘,000572,2025-10-17 22:56:41
10:00:57,7.0,-0.01,291,203701,卖盘,000572,2025-10-17 22:56:41
10:01:00,7.01,0.01,361,252816,买盘,000572,2025-10-17 22:56:41
10:01:03,7.01,0.0,488,341662,买盘,000572,2025-10-17 22:56:41
10:01:06,7.01,0.0,1014,710353,买盘,000572,2025-10-17 22:56:41
10:01:09,7.01,0.0,886,620511,买盘,000572,2025-10-17 22:56:41
10:01:12,7.0,-0.01,204,142862,卖盘,000572,2025-10-17 22:56:41
10:01:15,7.0,0.0,209,146468,卖盘,000572,2025-10-17 22:56:41
10:01:18,7.0,0.0,247,172900,卖盘,000572,2025-10-17 22:56:41
10:01:21,7.0,0.0,890,622695,卖盘,000572,2025-10-17 22:56:41
10:01:24,7.0,0.0,242,169445,卖盘,000572,2025-10-17 22:56:41
10:01:27,7.0,0.0,319,223558,卖盘,000572,2025-10-17 22:56:41
10:01:30,7.0,0.0,469,328322,卖盘,000572,2025-10-17 22:56:41
10:01:33,7.0,0.0,132,92400,买盘,000572,2025-10-17 22:56:41
10:01:36,7.0,0.0,38,26591,买盘,000572,2025-10-17 22:56:41
10:01:39,7.0,0.0,237,165876,买盘,000572,2025-10-17 22:56:41
10:01:42,7.0,0.0,549,384295,买盘,000572,2025-10-17 22:56:41
10:01:45,6.99,-0.01,185,129461,卖盘,000572,2025-10-17 22:56:41
10:01:48,7.0,0.01,1447,1013528,买盘,000572,2025-10-17 22:56:41
10:01:51,7.0,0.0,77,53900,卖盘,000572,2025-10-17 22:56:41
10:01:54,7.01,0.01,231,161912,买盘,000572,2025-10-17 22:56:41
10:01:57,7.02,0.01,137,96094,买盘,000572,2025-10-17 22:56:41
10:02:00,7.01,-0.01,570,399487,卖盘,000572,2025-10-17 22:56:41
10:02:03,7.01,0.0,277,194142,卖盘,000572,2025-10-17 22:56:41
10:02:06,7.02,0.01,310,217430,买盘,000572,2025-10-17 22:56:41
10:02:09,7.01,-0.01,385,269646,卖盘,000572,2025-10-17 22:56:41
10:02:12,7.02,0.01,124,87037,买盘,000572,2025-10-17 22:56:41
10:02:15,7.02,0.0,118,82774,买盘,000572,2025-10-17 22:56:41
10:02:18,7.02,0.0,91,63882,买盘,000572,2025-10-17 22:56:41
10:02:21,7.02,0.0,89,62478,卖盘,000572,2025-10-17 22:56:41
10:02:24,7.03,0.01,204,143402,买盘,000572,2025-10-17 22:56:41
10:02:27,7.07,0.04,1740,1227258,买盘,000572,2025-10-17 22:56:41
10:02:30,7.04,-0.03,86,60751,卖盘,000572,2025-10-17 22:56:41
10:02:33,7.07,0.03,126,88991,买盘,000572,2025-10-17 22:56:41
10:02:36,7.07,0.0,331,234017,买盘,000572,2025-10-17 22:56:41
10:02:39,7.07,0.0,385,272222,卖盘,000572,2025-10-17 22:56:41
10:02:42,7.08,0.01,957,677265,买盘,000572,2025-10-17 22:56:41
10:02:45,7.07,-0.01,432,305836,卖盘,000572,2025-10-17 22:56:41
10:02:48,7.07,0.0,1771,1253020,卖盘,000572,2025-10-17 22:56:41
10:02:51,7.06,-0.01,1173,828874,卖盘,000572,2025-10-17 22:56:41
10:02:54,7.07,0.01,750,529747,买盘,000572,2025-10-17 22:56:41
10:02:57,7.08,0.01,407,287785,买盘,000572,2025-10-17 22:56:41
10:03:00,7.08,0.0,168,118876,买盘,000572,2025-10-17 22:56:41
10:03:03,7.09,0.01,161,114116,买盘,000572,2025-10-17 22:56:41
10:03:06,7.07,-0.02,2463,1742240,卖盘,000572,2025-10-17 22:56:41
10:03:09,7.06,-0.01,775,547564,卖盘,000572,2025-10-17 22:56:41
10:03:12,7.06,0.0,573,404352,买盘,000572,2025-10-17 22:56:41
10:03:15,7.07,0.01,2210,1563925,买盘,000572,2025-10-17 22:56:41
10:03:18,7.06,-0.01,183,129201,买盘,000572,2025-10-17 22:56:41
10:03:21,7.07,0.01,257,181474,买盘,000572,2025-10-17 22:56:41
10:03:24,7.07,0.0,1264,892811,买盘,000572,2025-10-17 22:56:41
10:03:27,7.06,-0.01,663,468609,卖盘,000572,2025-10-17 22:56:41
10:03:30,7.06,0.0,2921,2060179,卖盘,000572,2025-10-17 22:56:41
10:03:33,7.06,0.0,531,374481,买盘,000572,2025-10-17 22:56:41
10:03:36,7.06,0.0,150,105924,卖盘,000572,2025-10-17 22:56:41
10:03:39,7.07,0.01,773,546505,买盘,000572,2025-10-17 22:56:41
10:03:42,7.07,0.0,719,508333,卖盘,000572,2025-10-17 22:56:41
10:03:45,7.07,0.0,255,180449,卖盘,000572,2025-10-17 22:56:41
10:03:48,7.08,0.01,385,272369,买盘,000572,2025-10-17 22:56:41
10:03:51,7.07,-0.01,217,153484,卖盘,000572,2025-10-17 22:56:41
10:03:54,7.07,0.0,2098,1483280,卖盘,000572,2025-10-17 22:56:41
10:03:57,7.07,0.0,431,304717,买盘,000572,2025-10-17 22:56:41
10:04:00,7.07,0.0,440,311279,买盘,000572,2025-10-17 22:56:41
10:04:03,7.08,0.01,279,197314,买盘,000572,2025-10-17 22:56:41
10:04:06,7.07,-0.01,306,216320,卖盘,000572,2025-10-17 22:56:41
10:04:09,7.07,0.0,372,262993,买盘,000572,2025-10-17 22:56:41
10:04:12,7.07,0.0,309,218463,买盘,000572,2025-10-17 22:56:41
10:04:15,7.08,0.01,428,302614,买盘,000572,2025-10-17 22:56:41
10:04:18,7.08,0.0,71,50201,买盘,000572,2025-10-17 22:56:41
10:04:21,7.08,0.0,120,84928,买盘,000572,2025-10-17 22:56:41
10:04:24,7.09,0.01,2952,2091377,买盘,000572,2025-10-17 22:56:41
10:04:27,7.08,-0.01,464,328943,卖盘,000572,2025-10-17 22:56:41
10:04:30,7.1,0.02,294,208383,买盘,000572,2025-10-17 22:56:41
10:04:33,7.1,0.0,53,37602,买盘,000572,2025-10-17 22:56:41
10:04:36,7.1,0.0,275,195248,买盘,000572,2025-10-17 22:56:41
10:04:39,7.07,-0.03,4708,3336105,卖盘,000572,2025-10-17 22:56:41
10:04:42,7.09,0.02,739,523915,买盘,000572,2025-10-17 22:56:41
10:04:45,7.08,-0.01,2181,1546177,中性盘,000572,2025-10-17 22:56:41
10:04:48,7.08,0.0,621,439554,买盘,000572,2025-10-17 22:56:41
10:04:51,7.08,0.0,715,506245,卖盘,000572,2025-10-17 22:56:41
10:04:54,7.08,0.0,1454,1029396,卖盘,000572,2025-10-17 22:56:41
10:04:57,7.09,0.01,496,351302,买盘,000572,2025-10-17 22:56:41
10:05:00,7.09,0.0,306,216786,买盘,000572,2025-10-17 22:56:41
10:05:03,7.09,0.0,991,702376,买盘,000572,2025-10-17 22:56:41
10:05:06,7.09,0.0,1121,793964,买盘,000572,2025-10-17 22:56:41
10:05:09,7.09,0.0,701,497003,买盘,000572,2025-10-17 22:56:41
10:05:12,7.09,0.0,635,450194,买盘,000572,2025-10-17 22:56:41
10:05:15,7.09,0.0,854,605810,买盘,000572,2025-10-17 22:56:41
10:05:18,7.1,0.01,124,87943,买盘,000572,2025-10-17 22:56:41
10:05:21,7.1,0.0,70,49678,买盘,000572,2025-10-17 22:56:41
10:05:24,7.1,0.0,341,242005,买盘,000572,2025-10-17 22:56:41
10:05:27,7.1,0.0,566,401636,买盘,000572,2025-10-17 22:56:41
10:05:30,7.09,-0.01,1119,793825,卖盘,000572,2025-10-17 22:56:41
10:05:33,7.1,0.01,230,163292,买盘,000572,2025-10-17 22:56:41
10:05:36,7.08,-0.02,2830,2003518,卖盘,000572,2025-10-17 22:56:41
10:05:39,7.07,-0.01,174,123289,中性盘,000572,2025-10-17 22:56:41
10:05:42,7.09,0.02,436,308322,买盘,000572,2025-10-17 22:56:41
10:05:45,7.06,-0.03,617,435880,卖盘,000572,2025-10-17 22:56:41
10:05:48,7.08,0.02,46,32568,买盘,000572,2025-10-17 22:56:41
10:05:51,7.06,-0.02,318,224988,卖盘,000572,2025-10-17 22:56:41
10:05:54,7.07,0.01,151,106640,卖盘,000572,2025-10-17 22:56:41
10:05:57,7.08,0.01,485,343002,买盘,000572,2025-10-17 22:56:41
10:06:00,7.07,-0.01,137,96910,卖盘,000572,2025-10-17 22:56:41
10:06:03,7.06,-0.01,557,393874,卖盘,000572,2025-10-17 22:56:41
10:06:06,7.08,0.02,591,418323,买盘,000572,2025-10-17 22:56:41
10:06:09,7.09,0.01,195,138100,买盘,000572,2025-10-17 22:56:41
10:06:12,7.09,0.0,360,255035,买盘,000572,2025-10-17 22:56:41
10:06:15,7.08,-0.01,254,180004,卖盘,000572,2025-10-17 22:56:41
10:06:18,7.08,0.0,491,347626,卖盘,000572,2025-10-17 22:56:41
10:06:21,7.08,0.0,208,147356,卖盘,000572,2025-10-17 22:56:41
10:06:24,7.08,0.0,135,95595,卖盘,000572,2025-10-17 22:56:41
10:06:27,7.09,0.01,51,36139,买盘,000572,2025-10-17 22:56:41
10:06:30,7.08,-0.01,109,77175,卖盘,000572,2025-10-17 22:56:41
10:06:33,7.08,0.0,460,325676,卖盘,000572,2025-10-17 22:56:41
10:06:36,7.08,0.0,109,77172,买盘,000572,2025-10-17 22:56:41
10:06:39,7.08,0.0,260,184055,买盘,000572,2025-10-17 22:56:41
10:06:42,7.08,0.0,2072,1467062,买盘,000572,2025-10-17 22:56:41
10:06:45,7.08,0.0,54,38245,卖盘,000572,2025-10-17 22:56:41
10:06:48,7.09,0.01,32,22662,买盘,000572,2025-10-17 22:56:41
10:06:51,7.08,-0.01,110,77959,卖盘,000572,2025-10-17 22:56:41
10:06:54,7.08,0.0,34,24105,卖盘,000572,2025-10-17 22:56:41
10:06:57,7.09,0.01,270,191355,买盘,000572,2025-10-17 22:56:41
10:07:00,7.09,0.0,60,42490,买盘,000572,2025-10-17 22:56:41
10:07:03,7.09,0.0,410,290615,买盘,000572,2025-10-17 22:56:41
10:07:06,7.09,0.0,826,584917,买盘,000572,2025-10-17 22:56:41
10:07:09,7.09,0.0,1223,867052,买盘,000572,2025-10-17 22:56:41
10:07:12,7.08,-0.01,347,245926,卖盘,000572,2025-10-17 22:56:41
10:07:15,7.09,0.01,169,119779,买盘,000572,2025-10-17 22:56:41
10:07:18,7.09,0.0,409,289593,买盘,000572,2025-10-17 22:56:41
10:07:21,7.09,0.0,751,532450,买盘,000572,2025-10-17 22:56:41
10:07:24,7.09,0.0,383,271514,买盘,000572,2025-10-17 22:56:41
10:07:27,7.09,0.0,4025,2856478,买盘,000572,2025-10-17 22:56:41
10:07:30,7.09,0.0,153,108477,买盘,000572,2025-10-17 22:56:41
10:07:33,7.09,0.0,3534,2508973,买盘,000572,2025-10-17 22:56:41
10:07:36,7.1,0.01,45,31940,买盘,000572,2025-10-17 22:56:41
10:07:39,7.1,0.0,571,405028,买盘,000572,2025-10-17 22:56:41
10:07:42,7.1,0.0,325,230574,买盘,000572,2025-10-17 22:56:41
10:07:45,7.11,0.01,221,156924,买盘,000572,2025-10-17 22:56:41
10:07:48,7.11,0.0,600,426595,买盘,000572,2025-10-17 22:56:41
10:07:51,7.12,0.01,265,188620,买盘,000572,2025-10-17 22:56:41
10:07:54,7.12,0.0,499,355297,买盘,000572,2025-10-17 22:56:41
10:07:57,7.13,0.01,521,371354,买盘,000572,2025-10-17 22:56:41
10:08:00,7.14,0.01,439,313011,买盘,000572,2025-10-17 22:56:41
10:08:03,7.14,0.0,609,434730,买盘,000572,2025-10-17 22:56:41
10:08:06,7.13,-0.01,4602,3281062,卖盘,000572,2025-10-17 22:56:41
10:08:09,7.1,-0.03,1373,976214,卖盘,000572,2025-10-17 22:56:41
10:08:12,7.1,0.0,982,697942,买盘,000572,2025-10-17 22:56:41
10:08:15,7.1,0.0,952,675699,买盘,000572,2025-10-17 22:56:41
10:08:18,7.1,0.0,738,523947,买盘,000572,2025-10-17 22:56:41
10:08:21,7.09,-0.01,1622,1150506,卖盘,000572,2025-10-17 22:56:41
10:08:24,7.1,0.01,211,149721,买盘,000572,2025-10-17 22:56:41
10:08:27,7.08,-0.02,824,583952,卖盘,000572,2025-10-17 22:56:41
10:08:30,7.09,0.01,423,299857,买盘,000572,2025-10-17 22:56:41
10:08:33,7.09,0.0,159,112655,买盘,000572,2025-10-17 22:56:41
10:08:36,7.09,0.0,263,186408,买盘,000572,2025-10-17 22:56:41
10:08:39,7.09,0.0,90,63815,卖盘,000572,2025-10-17 22:56:41
10:08:42,7.1,0.01,43,30496,买盘,000572,2025-10-17 22:56:41
10:08:45,7.1,0.0,70,49649,买盘,000572,2025-10-17 22:56:41
10:08:48,7.1,0.0,382,271200,买盘,000572,2025-10-17 22:56:41
10:08:51,7.11,0.01,97,68960,买盘,000572,2025-10-17 22:56:41
10:08:54,7.11,0.0,68,48321,买盘,000572,2025-10-17 22:56:41
10:08:57,7.11,0.0,220,156369,买盘,000572,2025-10-17 22:56:41
10:09:00,7.1,-0.01,525,373021,卖盘,000572,2025-10-17 22:56:41
10:09:03,7.11,0.01,307,218260,买盘,000572,2025-10-17 22:56:41
10:09:06,7.1,-0.01,1560,1108244,卖盘,000572,2025-10-17 22:56:41
10:09:09,7.1,0.0,915,649973,买盘,000572,2025-10-17 22:56:41
10:09:12,7.11,0.01,299,212068,买盘,000572,2025-10-17 22:56:41
10:09:15,7.1,-0.01,255,180926,卖盘,000572,2025-10-17 22:56:41
10:09:18,7.1,0.0,415,294603,买盘,000572,2025-10-17 22:56:41
10:09:21,7.09,-0.01,293,208015,卖盘,000572,2025-10-17 22:56:41
10:09:24,7.1,0.01,479,340281,买盘,000572,2025-10-17 22:56:41
10:09:27,7.1,0.0,33,23430,卖盘,000572,2025-10-17 22:56:41
10:09:30,7.11,0.01,227,161286,买盘,000572,2025-10-17 22:56:41
10:09:33,7.11,0.0,98,69609,买盘,000572,2025-10-17 22:56:41
10:09:36,7.09,-0.02,205,145536,卖盘,000572,2025-10-17 22:56:41
10:09:39,7.1,0.01,777,551070,买盘,000572,2025-10-17 22:56:41
10:09:42,7.09,-0.01,1127,798910,卖盘,000572,2025-10-17 22:56:41
10:09:45,7.09,0.0,251,177841,买盘,000572,2025-10-17 22:56:41
10:09:48,7.09,0.0,420,297721,买盘,000572,2025-10-17 22:56:41
10:09:51,7.08,-0.01,338,239472,卖盘,000572,2025-10-17 22:56:41
10:09:54,7.09,0.01,98,69467,买盘,000572,2025-10-17 22:56:41
10:09:57,7.09,0.0,231,163774,中性盘,000572,2025-10-17 22:56:41
10:10:00,7.08,-0.01,33,23378,卖盘,000572,2025-10-17 22:56:41
10:10:03,7.07,-0.01,3211,2272208,卖盘,000572,2025-10-17 22:56:41
10:10:06,7.06,-0.01,148,104524,卖盘,000572,2025-10-17 22:56:41
10:10:09,7.06,0.0,221,156048,卖盘,000572,2025-10-17 22:56:41
10:10:12,7.06,0.0,455,321542,卖盘,000572,2025-10-17 22:56:41
10:10:15,7.07,0.01,429,303078,买盘,000572,2025-10-17 22:56:41
10:10:18,7.07,0.0,273,193008,买盘,000572,2025-10-17 22:56:41
10:10:21,7.06,-0.01,136,96149,卖盘,000572,2025-10-17 22:56:41
10:10:24,7.06,0.0,85,60018,卖盘,000572,2025-10-17 22:56:41
10:10:27,7.06,0.0,399,281723,卖盘,000572,2025-10-17 22:56:41
10:10:30,7.05,-0.01,438,309260,卖盘,000572,2025-10-17 22:56:41
10:10:33,7.05,0.0,594,418841,卖盘,000572,2025-10-17 22:56:41
10:10:36,7.05,0.0,187,131841,卖盘,000572,2025-10-17 22:56:41
10:10:39,7.04,-0.01,225,158479,卖盘,000572,2025-10-17 22:56:41
10:10:42,7.04,0.0,286,201490,卖盘,000572,2025-10-17 22:56:41
10:10:45,7.04,0.0,39,27456,买盘,000572,2025-10-17 22:56:41
10:10:48,7.04,0.0,197,138547,买盘,000572,2025-10-17 22:56:41
10:10:51,7.04,0.0,163,114723,买盘,000572,2025-10-17 22:56:41
10:10:54,7.02,-0.02,886,622638,卖盘,000572,2025-10-17 22:56:41
10:10:57,7.02,0.0,215,151223,卖盘,000572,2025-10-17 22:56:41
10:11:00,7.04,0.02,34,23889,买盘,000572,2025-10-17 22:56:41
10:11:03,7.01,-0.03,452,317141,卖盘,000572,2025-10-17 22:56:41
10:11:06,7.02,0.01,100,70192,买盘,000572,2025-10-17 22:56:41
10:11:09,7.04,0.02,878,617478,买盘,000572,2025-10-17 22:56:41
10:11:12,7.04,0.0,203,142912,卖盘,000572,2025-10-17 22:56:41
10:11:15,7.04,0.0,664,467848,卖盘,000572,2025-10-17 22:56:41
10:11:18,7.05,0.01,189,133207,买盘,000572,2025-10-17 22:56:41
10:11:21,7.05,0.0,147,103523,买盘,000572,2025-10-17 22:56:41
10:11:24,7.05,0.0,299,210742,买盘,000572,2025-10-17 22:56:41
10:11:27,7.05,0.0,246,173449,卖盘,000572,2025-10-17 22:56:41
10:11:30,7.04,-0.01,284,200029,卖盘,000572,2025-10-17 22:56:41
10:11:33,7.05,0.01,127,89489,买盘,000572,2025-10-17 22:56:41
10:11:36,7.04,-0.01,181,127572,卖盘,000572,2025-10-17 22:56:41
10:11:39,7.05,0.01,100,70496,卖盘,000572,2025-10-17 22:56:41
10:11:42,7.05,0.0,19,13383,买盘,000572,2025-10-17 22:56:41
10:11:45,7.05,0.0,467,329228,买盘,000572,2025-10-17 22:56:41
10:11:48,7.04,-0.01,202,142334,卖盘,000572,2025-10-17 22:56:41
10:11:51,7.05,0.01,49,34545,买盘,000572,2025-10-17 22:56:41
10:11:54,7.05,0.0,184,129606,买盘,000572,2025-10-17 22:56:41
10:11:57,7.05,0.0,34,23964,买盘,000572,2025-10-17 22:56:41
10:12:00,7.05,0.0,171,120510,买盘,000572,2025-10-17 22:56:41
10:12:03,7.03,-0.02,1911,1345249,卖盘,000572,2025-10-17 22:56:41
10:12:06,7.03,0.0,125,87946,买盘,000572,2025-10-17 22:56:41
10:12:09,7.04,0.01,1181,829606,买盘,000572,2025-10-17 22:56:41
10:12:12,7.02,-0.02,85,59641,卖盘,000572,2025-10-17 22:56:41
10:12:15,7.04,0.02,221,155109,买盘,000572,2025-10-17 22:56:41
10:12:18,7.01,-0.03,150,105268,卖盘,000572,2025-10-17 22:56:41
10:12:21,7.01,0.0,116,81376,卖盘,000572,2025-10-17 22:56:41
10:12:24,7.02,0.01,87,61094,中性盘,000572,2025-10-17 22:56:41
10:12:27,7.02,0.0,109,76545,卖盘,000572,2025-10-17 22:56:41
10:12:30,7.03,0.01,65,45685,买盘,000572,2025-10-17 22:56:41
10:12:33,7.03,0.0,48,33698,买盘,000572,2025-10-17 22:56:41
10:12:36,7.03,0.0,60,42128,买盘,000572,2025-10-17 22:56:41
10:12:39,7.03,0.0,141,99098,买盘,000572,2025-10-17 22:56:41
10:12:42,7.02,-0.01,428,300507,卖盘,000572,2025-10-17 22:56:41
10:12:45,7.01,-0.01,756,530337,卖盘,000572,2025-10-17 22:56:41
10:12:48,7.02,0.01,46,32279,买盘,000572,2025-10-17 22:56:41
10:12:51,7.02,0.0,178,124852,买盘,000572,2025-10-17 22:56:41
10:12:54,7.02,0.0,158,110862,买盘,000572,2025-10-17 22:56:41
10:12:57,7.01,-0.01,127,89068,卖盘,000572,2025-10-17 22:56:41
10:13:00,7.01,0.0,236,165530,卖盘,000572,2025-10-17 22:56:41
10:13:03,7.01,0.0,729,510830,卖盘,000572,2025-10-17 22:56:41
10:13:06,7.01,0.0,199,139685,买盘,000572,2025-10-17 22:56:41
10:13:09,7.0,-0.01,335,234854,卖盘,000572,2025-10-17 22:56:41
10:13:12,7.02,0.02,56,39235,买盘,000572,2025-10-17 22:56:41
10:13:15,7.02,0.0,132,92584,买盘,000572,2025-10-17 22:56:41
10:13:18,7.02,0.0,97,68085,买盘,000572,2025-10-17 22:56:41
10:13:21,7.0,-0.02,182,127578,卖盘,000572,2025-10-17 22:56:41
10:13:24,7.01,0.01,54,37852,买盘,000572,2025-10-17 22:56:41
10:13:27,7.01,0.0,599,419331,买盘,000572,2025-10-17 22:56:41
10:13:30,7.01,0.0,58,40639,买盘,000572,2025-10-17 22:56:41
10:13:33,7.0,-0.01,369,258340,卖盘,000572,2025-10-17 22:56:41
10:13:36,7.0,0.0,454,318154,卖盘,000572,2025-10-17 22:56:41
10:13:39,7.0,0.0,626,438273,卖盘,000572,2025-10-17 22:56:41
10:13:42,7.01,0.01,143,100148,买盘,000572,2025-10-17 22:56:41
10:13:45,7.0,-0.01,124,86833,卖盘,000572,2025-10-17 22:56:41
10:13:48,7.0,0.0,226,158231,卖盘,000572,2025-10-17 22:56:41
10:13:51,7.0,0.0,221,154791,卖盘,000572,2025-10-17 22:56:41
10:13:54,7.0,0.0,239,167310,卖盘,000572,2025-10-17 22:56:41
10:13:57,7.01,0.01,213,149141,买盘,000572,2025-10-17 22:56:41
10:14:00,7.01,0.0,661,463346,买盘,000572,2025-10-17 22:56:41
10:14:03,7.0,-0.01,5484,3839816,卖盘,000572,2025-10-17 22:56:41
10:14:06,6.99,-0.01,600,420004,卖盘,000572,2025-10-17 22:56:41
10:14:09,6.98,-0.01,780,545191,卖盘,000572,2025-10-17 22:56:41
10:14:12,6.99,0.01,457,319406,买盘,000572,2025-10-17 22:56:41
10:14:15,6.98,-0.01,84,58637,卖盘,000572,2025-10-17 22:56:41
10:14:18,6.98,0.0,206,143927,卖盘,000572,2025-10-17 22:56:41
10:14:21,6.99,0.01,210,146679,买盘,000572,2025-10-17 22:56:41
10:14:24,6.99,0.0,157,109746,卖盘,000572,2025-10-17 22:56:41
10:14:27,6.98,-0.01,1096,764987,卖盘,000572,2025-10-17 22:56:41
10:14:30,6.99,0.01,94,65867,买盘,000572,2025-10-17 22:56:41
10:14:33,6.98,-0.01,291,203134,卖盘,000572,2025-10-17 22:56:41
10:14:36,6.98,0.0,117,81656,卖盘,000572,2025-10-17 22:56:41
10:14:39,6.97,-0.01,165,115105,卖盘,000572,2025-10-17 22:56:41
10:14:42,6.97,0.0,962,670482,卖盘,000572,2025-10-17 22:56:41
10:14:45,6.96,-0.01,975,679039,卖盘,000572,2025-10-17 22:56:41
10:14:48,6.97,0.01,103,71751,中性盘,000572,2025-10-17 22:56:41
10:14:51,6.96,-0.01,491,341771,卖盘,000572,2025-10-17 22:56:41
10:14:54,6.95,-0.01,234,162713,卖盘,000572,2025-10-17 22:56:41
10:14:57,6.95,0.0,660,458707,卖盘,000572,2025-10-17 22:56:41
10:15:00,6.95,0.0,244,169693,卖盘,000572,2025-10-17 22:56:41
10:15:03,6.94,-0.01,1851,1286347,卖盘,000572,2025-10-17 22:56:41
10:15:06,6.95,0.01,609,422987,买盘,000572,2025-10-17 22:56:41
10:15:09,6.94,-0.01,790,548260,中性盘,000572,2025-10-17 22:56:41
10:15:12,6.93,-0.01,207,143589,卖盘,000572,2025-10-17 22:56:41
10:15:15,6.95,0.02,1203,836053,买盘,000572,2025-10-17 22:56:41
10:15:18,6.95,0.0,329,228655,卖盘,000572,2025-10-17 22:56:41
10:15:21,6.96,0.01,256,177943,买盘,000572,2025-10-17 22:56:41
10:15:24,6.96,0.0,212,147417,买盘,000572,2025-10-17 22:56:41
10:15:27,6.95,-0.01,865,600907,卖盘,000572,2025-10-17 22:56:41
10:15:30,6.95,0.0,221,153595,买盘,000572,2025-10-17 22:56:41
10:15:33,6.96,0.01,115,79955,买盘,000572,2025-10-17 22:56:41
10:15:36,6.96,0.0,314,218302,买盘,000572,2025-10-17 22:56:41
10:15:39,6.95,-0.01,386,268581,卖盘,000572,2025-10-17 22:56:41
10:15:42,6.97,0.02,325,226118,买盘,000572,2025-10-17 22:56:41
10:15:45,6.97,0.0,52,36204,买盘,000572,2025-10-17 22:56:41
10:15:48,6.97,0.0,679,472685,买盘,000572,2025-10-17 22:56:41
10:15:51,6.96,-0.01,113,78630,卖盘,000572,2025-10-17 22:56:41
10:15:54,6.96,0.0,121,84177,买盘,000572,2025-10-17 22:56:41
10:15:57,6.97,0.01,265,184444,买盘,000572,2025-10-17 22:56:41
10:16:00,6.96,-0.01,59,41064,卖盘,000572,2025-10-17 22:56:41
10:16:03,6.97,0.01,490,341131,买盘,000572,2025-10-17 22:56:41
10:16:06,6.96,-0.01,117,81483,卖盘,000572,2025-10-17 22:56:41
10:16:09,6.97,0.01,119,82900,买盘,000572,2025-10-17 22:56:41
10:16:12,6.96,-0.01,180,125362,卖盘,000572,2025-10-17 22:56:41
10:16:15,6.98,0.02,168,117219,买盘,000572,2025-10-17 22:56:41
10:16:18,6.97,-0.01,115,80207,卖盘,000572,2025-10-17 22:56:41
10:16:21,6.98,0.01,348,242900,中性盘,000572,2025-10-17 22:56:41
10:16:24,6.97,-0.01,154,107467,卖盘,000572,2025-10-17 22:56:41
10:16:27,6.98,0.01,465,324387,买盘,000572,2025-10-17 22:56:41
10:16:30,6.98,0.0,183,127624,买盘,000572,2025-10-17 22:56:41
10:16:33,6.98,0.0,873,609306,买盘,000572,2025-10-17 22:56:41
10:16:36,6.99,0.01,5,3493,买盘,000572,2025-10-17 22:56:41
10:16:39,6.99,0.0,247,172536,买盘,000572,2025-10-17 22:56:41
10:16:42,6.99,0.0,436,304773,买盘,000572,2025-10-17 22:56:41
10:16:45,7.02,0.03,800,560462,买盘,000572,2025-10-17 22:56:41
10:16:48,7.0,-0.02,58,40606,中性盘,000572,2025-10-17 22:56:41
10:16:51,7.02,0.02,326,228754,买盘,000572,2025-10-17 22:56:41
10:16:54,7.02,0.0,334,234452,卖盘,000572,2025-10-17 22:56:41
10:16:57,7.02,0.0,342,240268,买盘,000572,2025-10-17 22:56:41
10:17:00,7.01,-0.01,162,113623,卖盘,000572,2025-10-17 22:56:41
10:17:03,7.01,0.0,737,516047,卖盘,000572,2025-10-17 22:56:41
10:17:06,7.01,0.0,378,265204,买盘,000572,2025-10-17 22:56:41
10:17:09,7.01,0.0,120,84045,卖盘,000572,2025-10-17 22:56:41
10:17:12,7.02,0.01,205,143834,买盘,000572,2025-10-17 22:56:41
10:17:15,7.03,0.01,165,115853,买盘,000572,2025-10-17 22:56:41
10:17:18,7.02,-0.01,150,105327,卖盘,000572,2025-10-17 22:56:41
10:17:21,7.03,0.01,82,57585,买盘,000572,2025-10-17 22:56:41
10:17:24,7.03,0.0,27,18976,买盘,000572,2025-10-17 22:56:41
10:17:27,7.03,0.0,23,16159,买盘,000572,2025-10-17 22:56:41
10:17:30,7.03,0.0,387,271854,买盘,000572,2025-10-17 22:56:41
10:17:33,7.03,0.0,366,257295,买盘,000572,2025-10-17 22:56:41
10:17:36,7.04,0.01,111,78122,买盘,000572,2025-10-17 22:56:41
10:17:39,7.04,0.0,40,28133,买盘,000572,2025-10-17 22:56:41
10:17:42,7.04,0.0,247,173777,买盘,000572,2025-10-17 22:56:41
10:17:45,7.04,0.0,301,211905,买盘,000572,2025-10-17 22:56:41
10:17:48,7.04,0.0,35,24672,卖盘,000572,2025-10-17 22:56:41
10:17:51,7.05,0.01,148,104236,买盘,000572,2025-10-17 22:56:41
10:17:54,7.05,0.0,349,245841,买盘,000572,2025-10-17 22:56:41
10:17:57,7.05,0.0,133,93743,买盘,000572,2025-10-17 22:56:41
10:18:00,7.04,-0.01,163,114889,卖盘,000572,2025-10-17 22:56:41
10:18:03,7.05,0.01,1041,733140,买盘,000572,2025-10-17 22:56:41
10:18:06,7.04,-0.01,452,318016,卖盘,000572,2025-10-17 22:56:41
10:18:09,7.03,-0.01,619,435174,卖盘,000572,2025-10-17 22:56:41
10:18:12,7.02,-0.01,1180,829588,卖盘,000572,2025-10-17 22:56:41
10:18:15,7.01,-0.01,32,22434,卖盘,000572,2025-10-17 22:56:41
10:18:18,7.01,0.0,207,145104,卖盘,000572,2025-10-17 22:56:41
10:18:21,7.01,0.0,6,4204,买盘,000572,2025-10-17 22:56:41
10:18:24,7.01,0.0,87,60944,买盘,000572,2025-10-17 22:56:41
10:18:27,7.01,0.0,47,32917,买盘,000572,2025-10-17 22:56:41
10:18:30,7.0,-0.01,390,273029,卖盘,000572,2025-10-17 22:56:41
10:18:33,7.0,0.0,313,219123,卖盘,000572,2025-10-17 22:56:41
10:18:36,7.0,0.0,236,165200,卖盘,000572,2025-10-17 22:56:41
10:18:39,7.0,0.0,21,14689,买盘,000572,2025-10-17 22:56:41
10:18:42,6.99,-0.01,25,17495,卖盘,000572,2025-10-17 22:56:41
10:18:45,6.99,0.0,81,56642,卖盘,000572,2025-10-17 22:56:41
10:18:48,7.0,0.01,675,472096,买盘,000572,2025-10-17 22:56:41
10:18:51,7.01,0.01,50,35004,买盘,000572,2025-10-17 22:56:41
10:18:54,6.99,-0.02,136,95199,卖盘,000572,2025-10-17 22:56:41
10:18:57,7.0,0.01,5,3500,买盘,000572,2025-10-17 22:56:41
10:19:00,7.0,0.0,91,63663,买盘,000572,2025-10-17 22:56:41
10:19:03,6.99,-0.01,739,516278,卖盘,000572,2025-10-17 22:56:41
10:19:06,6.99,0.0,102,71298,买盘,000572,2025-10-17 22:56:41
10:19:09,6.99,0.0,265,185070,买盘,000572,2025-10-17 22:56:41
10:19:12,6.99,0.0,15,10496,卖盘,000572,2025-10-17 22:56:41
10:19:15,6.99,0.0,179,125125,卖盘,000572,2025-10-17 22:56:41
10:19:18,6.99,0.0,29,20294,卖盘,000572,2025-10-17 22:56:41
10:19:21,7.0,0.01,92,64323,买盘,000572,2025-10-17 22:56:41
10:19:24,7.0,0.0,40,27987,买盘,000572,2025-10-17 22:56:41
10:19:27,7.0,0.0,26,18190,买盘,000572,2025-10-17 22:56:41
10:19:30,7.0,0.0,77,53900,买盘,000572,2025-10-17 22:56:41
10:19:33,7.0,0.0,35,24480,买盘,000572,2025-10-17 22:56:41
10:19:36,6.99,-0.01,239,167148,卖盘,000572,2025-10-17 22:56:41
10:19:39,6.99,0.0,56,39157,卖盘,000572,2025-10-17 22:56:41
10:19:42,7.0,0.01,29,20281,买盘,000572,2025-10-17 22:56:41
10:19:45,7.0,0.0,115,80470,买盘,000572,2025-10-17 22:56:41
10:19:48,7.0,0.0,1,700,买盘,000572,2025-10-17 22:56:41
10:19:51,7.0,0.0,15,10492,买盘,000572,2025-10-17 22:56:41
10:19:54,6.99,-0.01,72,50331,卖盘,000572,2025-10-17 22:56:41
10:19:57,6.99,0.0,215,150309,卖盘,000572,2025-10-17 22:56:41
10:20:00,7.0,0.01,85,59425,买盘,000572,2025-10-17 22:56:41
10:20:03,6.99,-0.01,134,93667,卖盘,000572,2025-10-17 22:56:41
10:20:06,7.0,0.01,105,73457,买盘,000572,2025-10-17 22:56:41
10:20:09,7.0,0.0,255,178247,买盘,000572,2025-10-17 22:56:41
10:20:12,7.0,0.0,38,26575,买盘,000572,2025-10-17 22:56:41
10:20:15,6.99,-0.01,52,36378,卖盘,000572,2025-10-17 22:56:41
10:20:18,7.0,0.01,36,25194,买盘,000572,2025-10-17 22:56:41
10:20:21,6.99,-0.01,102,71334,卖盘,000572,2025-10-17 22:56:41
10:20:24,7.0,0.01,645,450870,买盘,000572,2025-10-17 22:56:41
10:20:27,6.99,-0.01,241,168315,卖盘,000572,2025-10-17 22:56:41
10:20:30,6.99,0.0,274,191564,卖盘,000572,2025-10-17 22:56:41
10:20:33,6.99,0.0,396,276535,买盘,000572,2025-10-17 22:56:41
10:20:36,6.99,0.0,84,58716,买盘,000572,2025-10-17 22:56:41
10:20:39,6.99,0.0,116,81050,买盘,000572,2025-10-17 22:56:41
10:20:42,6.99,0.0,32,22368,卖盘,000572,2025-10-17 22:56:41
10:20:45,6.98,-0.01,142,99244,卖盘,000572,2025-10-17 22:56:41
10:20:48,6.99,0.01,13,9097,中性盘,000572,2025-10-17 22:56:41
10:20:51,6.98,-0.01,56,39162,卖盘,000572,2025-10-17 22:56:41
10:20:54,6.98,0.0,52,36322,卖盘,000572,2025-10-17 22:56:41
10:20:57,7.0,0.02,2357,1649556,买盘,000572,2025-10-17 22:56:41
10:21:00,7.0,0.0,245,171292,买盘,000572,2025-10-17 22:56:41
10:21:03,6.99,-0.01,779,544141,买盘,000572,2025-10-17 22:56:41
10:21:06,7.0,0.01,9,6298,买盘,000572,2025-10-17 22:56:41
10:21:09,6.99,-0.01,6,4194,卖盘,000572,2025-10-17 22:56:41
10:21:12,7.0,0.01,143,100009,买盘,000572,2025-10-17 22:56:41
10:21:15,6.99,-0.01,159,111146,卖盘,000572,2025-10-17 22:56:41
10:21:18,7.0,0.01,8,5600,买盘,000572,2025-10-17 22:56:41
10:21:21,7.0,0.0,90,62988,买盘,000572,2025-10-17 22:56:41
10:21:24,6.99,-0.01,77,53892,卖盘,000572,2025-10-17 22:56:41
10:21:27,6.99,0.0,23,16080,卖盘,000572,2025-10-17 22:56:41
10:21:30,7.0,0.01,68,47599,买盘,000572,2025-10-17 22:56:41
10:21:33,6.99,-0.01,260,181740,卖盘,000572,2025-10-17 22:56:41
10:21:36,7.0,0.01,111,77605,买盘,000572,2025-10-17 22:56:41
10:21:39,6.99,-0.01,76,53140,卖盘,000572,2025-10-17 22:56:41
10:21:42,7.0,0.01,285,199386,买盘,000572,2025-10-17 22:56:41
10:21:45,7.0,0.0,44,30800,买盘,000572,2025-10-17 22:56:41
10:21:48,7.0,0.0,174,121788,买盘,000572,2025-10-17 22:56:41
10:21:51,6.99,-0.01,1326,927795,卖盘,000572,2025-10-17 22:56:41
10:21:54,7.0,0.01,54,37759,买盘,000572,2025-10-17 22:56:41
10:21:57,6.99,-0.01,242,169396,卖盘,000572,2025-10-17 22:56:41
10:22:00,7.0,0.01,36,25200,买盘,000572,2025-10-17 22:56:41
10:22:03,6.99,-0.01,692,484156,卖盘,000572,2025-10-17 22:56:41
10:22:06,6.99,0.0,275,192226,卖盘,000572,2025-10-17 22:56:41
10:22:09,6.99,0.0,15,10485,卖盘,000572,2025-10-17 22:56:41
10:22:12,6.99,0.0,18,12582,卖盘,000572,2025-10-17 22:56:41
10:22:15,7.0,0.01,373,260777,买盘,000572,2025-10-17 22:56:41
10:22:18,7.0,0.0,177,123828,买盘,000572,2025-10-17 22:56:41
10:22:21,7.0,0.0,403,281700,买盘,000572,2025-10-17 22:56:41
10:22:24,7.0,0.0,93,65020,买盘,000572,2025-10-17 22:56:41
10:22:27,6.99,-0.01,373,260740,卖盘,000572,2025-10-17 22:56:41
10:22:30,7.0,0.01,20,14000,买盘,000572,2025-10-17 22:56:41
10:22:33,7.0,0.0,16,11189,买盘,000572,2025-10-17 22:56:41
10:22:36,7.0,0.0,1154,807768,买盘,000572,2025-10-17 22:56:41
10:22:39,7.0,0.0,22,15397,买盘,000572,2025-10-17 22:56:41
10:22:42,7.0,0.0,44,30796,买盘,000572,2025-10-17 22:56:41
10:22:45,7.0,0.0,138,96590,买盘,000572,2025-10-17 22:56:41
10:22:48,6.99,-0.01,67,46845,卖盘,000572,2025-10-17 22:56:41
10:22:51,6.99,0.0,111,77660,卖盘,000572,2025-10-17 22:56:41
10:22:54,7.0,0.01,71,49700,买盘,000572,2025-10-17 22:56:41
10:22:57,7.0,0.0,42,29381,买盘,000572,2025-10-17 22:56:41
10:23:00,7.0,0.0,137,95894,买盘,000572,2025-10-17 22:56:41
10:23:03,7.0,0.0,2540,1775500,买盘,000572,2025-10-17 22:56:41
10:23:06,6.99,-0.01,360,251568,卖盘,000572,2025-10-17 22:56:41
10:23:09,6.99,0.0,125,87361,买盘,000572,2025-10-17 22:56:41
10:23:12,6.99,0.0,413,288653,买盘,000572,2025-10-17 22:56:41
10:23:15,6.99,0.0,353,246906,买盘,000572,2025-10-17 22:56:41
10:23:18,6.99,0.0,30,20980,买盘,000572,2025-10-17 22:56:41
10:23:21,6.99,0.0,89,62228,卖盘,000572,2025-10-17 22:56:41
10:23:24,7.0,0.01,35,24470,买盘,000572,2025-10-17 22:56:41
10:23:27,7.0,0.0,48,33560,买盘,000572,2025-10-17 22:56:41
10:23:30,6.99,-0.01,386,269822,卖盘,000572,2025-10-17 22:56:41
10:23:33,6.99,0.0,36,25154,买盘,000572,2025-10-17 22:56:41
10:23:36,6.99,0.0,13,9088,卖盘,000572,2025-10-17 22:56:41
10:23:39,6.99,0.0,186,130014,卖盘,000572,2025-10-17 22:56:41
10:23:42,7.0,0.01,67,46884,买盘,000572,2025-10-17 22:56:41
10:23:45,6.99,-0.01,15,10486,卖盘,000572,2025-10-17 22:56:41
10:23:48,7.0,0.01,5,3500,买盘,000572,2025-10-17 22:56:41
10:23:51,7.0,0.0,7,4899,买盘,000572,2025-10-17 22:56:41
10:23:54,6.99,-0.01,91,63639,卖盘,000572,2025-10-17 22:56:41
10:23:57,7.0,0.01,18,12589,买盘,000572,2025-10-17 22:56:41
10:24:00,6.99,-0.01,7,4899,卖盘,000572,2025-10-17 22:56:41
10:24:03,6.99,0.0,388,271212,卖盘,000572,2025-10-17 22:56:41
10:24:06,7.0,0.01,141,98595,买盘,000572,2025-10-17 22:56:41
10:24:09,6.99,-0.01,21,14684,卖盘,000572,2025-10-17 22:56:41
10:24:12,6.99,0.0,55,38447,卖盘,000572,2025-10-17 22:56:41
10:24:15,6.98,-0.01,474,331299,卖盘,000572,2025-10-17 22:56:41
10:24:18,6.97,-0.01,2986,2083563,卖盘,000572,2025-10-17 22:56:41
10:24:21,6.97,0.0,139,96805,买盘,000572,2025-10-17 22:56:41
10:24:24,6.96,-0.01,122,84939,卖盘,000572,2025-10-17 22:56:41
10:24:27,6.96,0.0,851,592412,卖盘,000572,2025-10-17 22:56:41
10:24:30,6.97,0.01,196,136607,买盘,000572,2025-10-17 22:56:41
10:24:33,6.96,-0.01,886,615935,卖盘,000572,2025-10-17 22:56:41
10:24:36,6.97,0.01,339,236015,买盘,000572,2025-10-17 22:56:41
10:24:39,6.96,-0.01,326,226631,卖盘,000572,2025-10-17 22:56:41
10:24:42,6.97,0.01,426,296846,买盘,000572,2025-10-17 22:56:41
10:24:45,6.97,0.0,86,59942,卖盘,000572,2025-10-17 22:56:41
10:24:48,6.97,0.0,185,128945,卖盘,000572,2025-10-17 22:56:41
10:24:51,6.96,-0.01,32,22293,卖盘,000572,2025-10-17 22:56:41
10:24:54,6.97,0.01,136,94661,买盘,000572,2025-10-17 22:56:41
10:24:57,6.95,-0.02,208,144721,卖盘,000572,2025-10-17 22:56:41
10:25:00,6.95,0.0,293,204180,卖盘,000572,2025-10-17 22:56:41
10:25:03,6.96,0.01,1019,708428,中性盘,000572,2025-10-17 22:56:41
10:25:06,6.96,0.0,15,10429,买盘,000572,2025-10-17 22:56:41
10:25:09,6.95,-0.01,235,163328,卖盘,000572,2025-10-17 22:56:41
10:25:12,6.95,0.0,35,24325,买盘,000572,2025-10-17 22:56:41
10:25:15,6.95,0.0,143,99375,卖盘,000572,2025-10-17 22:56:41
10:25:18,6.95,0.0,213,148039,买盘,000572,2025-10-17 22:56:41
10:25:21,6.95,0.0,277,192552,买盘,000572,2025-10-17 22:56:41
10:25:24,6.95,0.0,140,97300,卖盘,000572,2025-10-17 22:56:41
10:25:27,6.95,0.0,182,126528,卖盘,000572,2025-10-17 22:56:41
10:25:30,6.95,0.0,124,86108,买盘,000572,2025-10-17 22:56:41
10:25:33,6.94,-0.01,500,347225,卖盘,000572,2025-10-17 22:56:41
10:25:36,6.95,0.01,337,234025,买盘,000572,2025-10-17 22:56:41
10:25:39,6.94,-0.01,446,309622,卖盘,000572,2025-10-17 22:56:41
10:25:42,6.95,0.01,301,208922,买盘,000572,2025-10-17 22:56:41
10:25:45,6.94,-0.01,68,47189,卖盘,000572,2025-10-17 22:56:41
10:25:48,6.94,0.0,84,58330,卖盘,000572,2025-10-17 22:56:41
10:25:51,6.95,0.01,11,7642,买盘,000572,2025-10-17 22:56:41
10:25:54,6.94,-0.01,96,66670,卖盘,000572,2025-10-17 22:56:41
10:25:57,6.95,0.01,54,37522,卖盘,000572,2025-10-17 22:56:41
10:26:00,6.94,-0.01,77,53515,卖盘,000572,2025-10-17 22:56:41
10:26:03,6.94,0.0,151,104917,卖盘,000572,2025-10-17 22:56:41
10:26:06,6.96,0.02,474,329800,买盘,000572,2025-10-17 22:56:41
10:26:09,6.96,0.0,104,72355,卖盘,000572,2025-10-17 22:56:41
10:26:12,6.98,0.02,137,95682,买盘,000572,2025-10-17 22:56:41
10:26:15,6.98,0.0,160,111680,卖盘,000572,2025-10-17 22:56:41
10:26:18,6.98,0.0,147,102735,卖盘,000572,2025-10-17 22:56:41
10:26:21,6.98,0.0,148,103145,卖盘,000572,2025-10-17 22:56:41
10:26:24,6.97,-0.01,249,173765,卖盘,000572,2025-10-17 22:56:41
10:26:27,6.98,0.01,155,108102,买盘,000572,2025-10-17 22:56:41
10:26:30,6.99,0.01,214,149408,买盘,000572,2025-10-17 22:56:41
10:26:33,6.98,-0.01,69,48124,卖盘,000572,2025-10-17 22:56:41
10:26:36,6.98,0.0,113,78929,买盘,000572,2025-10-17 22:56:41
10:26:39,6.98,0.0,68,47464,卖盘,000572,2025-10-17 22:56:41
10:26:42,6.98,0.0,72,50256,买盘,000572,2025-10-17 22:56:41
10:26:45,6.99,0.01,23,16070,买盘,000572,2025-10-17 22:56:41
10:26:48,6.99,0.0,11,7687,买盘,000572,2025-10-17 22:56:41
10:26:51,6.98,-0.01,18,12567,卖盘,000572,2025-10-17 22:56:41
10:26:54,6.99,0.01,121,84608,买盘,000572,2025-10-17 22:56:41
10:26:57,6.99,0.0,283,197817,卖盘,000572,2025-10-17 22:56:41
10:27:00,6.98,-0.01,256,178878,卖盘,000572,2025-10-17 22:56:41
10:27:03,6.98,0.0,312,217652,卖盘,000572,2025-10-17 22:56:41
10:27:06,6.98,0.0,102,71180,买盘,000572,2025-10-17 22:56:41
10:27:09,6.97,-0.01,161,112224,卖盘,000572,2025-10-17 22:56:41
10:27:12,6.97,0.0,43,29993,卖盘,000572,2025-10-17 22:56:41
10:27:15,6.97,0.0,91,63582,卖盘,000572,2025-10-17 22:56:41
10:27:18,6.98,0.01,40,27920,买盘,000572,2025-10-17 22:56:41
10:27:21,6.98,0.0,123,85854,卖盘,000572,2025-10-17 22:56:41
10:27:24,6.98,0.0,217,151637,卖盘,000572,2025-10-17 22:56:41
10:27:27,6.98,0.0,1,698,卖盘,000572,2025-10-17 22:56:41
10:27:30,6.98,0.0,41,28652,卖盘,000572,2025-10-17 22:56:41
10:27:33,6.99,0.01,835,584265,买盘,000572,2025-10-17 22:56:41
10:27:36,7.0,0.01,12,8395,买盘,000572,2025-10-17 22:56:41
10:27:39,7.0,0.0,25,17477,买盘,000572,2025-10-17 22:56:41
10:27:42,6.99,-0.01,900,629970,卖盘,000572,2025-10-17 22:56:41
10:27:45,7.0,0.01,280,195820,买盘,000572,2025-10-17 22:56:41
10:27:48,7.0,0.0,121,84699,买盘,000572,2025-10-17 22:56:41
10:27:51,7.0,0.0,123,86100,买盘,000572,2025-10-17 22:56:41
10:27:54,7.0,0.0,114,79800,买盘,000572,2025-10-17 22:56:41
10:27:57,7.0,0.0,1539,1077227,买盘,000572,2025-10-17 22:56:41
10:28:00,7.01,0.01,276,193272,买盘,000572,2025-10-17 22:56:41
10:28:03,7.0,-0.01,564,394807,卖盘,000572,2025-10-17 22:56:41
10:28:06,7.01,0.01,34,23834,买盘,000572,2025-10-17 22:56:41
10:28:09,7.01,0.0,328,229932,买盘,000572,2025-10-17 22:56:41
10:28:12,7.02,0.01,42,29469,买盘,000572,2025-10-17 22:56:41
10:28:15,7.02,0.0,119,83422,买盘,000572,2025-10-17 22:56:41
10:28:18,7.01,-0.01,138,96772,卖盘,000572,2025-10-17 22:56:41
10:28:21,7.01,0.0,92,64492,买盘,000572,2025-10-17 22:56:41
10:28:24,7.0,-0.01,75,52539,卖盘,000572,2025-10-17 22:56:41
10:28:27,7.0,0.0,238,166660,卖盘,000572,2025-10-17 22:56:41
10:28:30,7.01,0.01,52,36452,买盘,000572,2025-10-17 22:56:41
10:28:33,7.0,-0.01,60,42051,卖盘,000572,2025-10-17 22:56:41
10:28:36,7.01,0.01,194,135985,买盘,000572,2025-10-17 22:56:41
10:28:39,7.0,-0.01,42,29406,卖盘,000572,2025-10-17 22:56:41
10:28:42,7.01,0.01,74,51866,买盘,000572,2025-10-17 22:56:41
10:28:45,7.0,-0.01,210,147072,卖盘,000572,2025-10-17 22:56:41
10:28:48,7.01,0.01,155,108605,买盘,000572,2025-10-17 22:56:41
10:28:51,7.01,0.0,76,53240,买盘,000572,2025-10-17 22:56:41
10:28:54,7.0,-0.01,162,113468,卖盘,000572,2025-10-17 22:56:41
10:28:57,7.01,0.01,489,342457,买盘,000572,2025-10-17 22:56:41
10:29:00,7.0,-0.01,1089,762303,卖盘,000572,2025-10-17 22:56:41
10:29:03,6.98,-0.02,454,317341,卖盘,000572,2025-10-17 22:56:41
10:29:06,6.99,0.01,67,46825,买盘,000572,2025-10-17 22:56:41
10:29:09,6.97,-0.02,686,478451,卖盘,000572,2025-10-17 22:56:41
10:29:12,6.97,0.0,5,3481,买盘,000572,2025-10-17 22:56:41
10:29:15,6.97,0.0,180,125460,买盘,000572,2025-10-17 22:56:41
10:29:18,6.97,0.0,61,42480,买盘,000572,2025-10-17 22:56:41
10:29:21,6.96,-0.01,156,108681,卖盘,000572,2025-10-17 22:56:41
10:29:24,6.97,0.01,343,239141,买盘,000572,2025-10-17 22:56:41
10:29:27,6.98,0.01,2,1396,买盘,000572,2025-10-17 22:56:41
10:29:30,6.96,-0.02,191,133038,卖盘,000572,2025-10-17 22:56:41
10:29:33,6.97,0.01,88,61336,卖盘,000572,2025-10-17 22:56:41
10:29:36,6.96,-0.01,91,63426,卖盘,000572,2025-10-17 22:56:41
10:29:39,6.97,0.01,102,71051,买盘,000572,2025-10-17 22:56:41
10:29:42,6.97,0.0,485,337979,买盘,000572,2025-10-17 22:56:41
10:29:45,6.97,0.0,35,24400,卖盘,000572,2025-10-17 22:56:41
10:29:48,6.97,0.0,67,46699,卖盘,000572,2025-10-17 22:56:41
10:29:51,6.97,0.0,814,567359,卖盘,000572,2025-10-17 22:56:41
10:29:54,6.97,0.0,179,124763,卖盘,000572,2025-10-17 22:56:41
10:29:57,6.97,0.0,77,53685,卖盘,000572,2025-10-17 22:56:41
10:30:00,6.97,0.0,182,126944,卖盘,000572,2025-10-17 22:56:41
10:30:03,6.96,-0.01,489,340371,卖盘,000572,2025-10-17 22:56:41
10:30:06,6.97,0.01,155,108023,买盘,000572,2025-10-17 22:56:41
10:30:09,6.98,0.01,76,53047,买盘,000572,2025-10-17 22:56:41
10:30:12,6.97,-0.01,133,92726,卖盘,000572,2025-10-17 22:56:41
10:30:15,6.97,0.0,170,118482,卖盘,000572,2025-10-17 22:56:41
10:30:18,6.97,0.0,81,56457,买盘,000572,2025-10-17 22:56:41
10:30:21,6.97,0.0,107,74584,买盘,000572,2025-10-17 22:56:41
10:30:24,6.97,0.0,89,62096,卖盘,000572,2025-10-17 22:56:41
10:30:27,6.98,0.01,404,281976,买盘,000572,2025-10-17 22:56:41
10:30:30,6.97,-0.01,64,44611,卖盘,000572,2025-10-17 22:56:41
10:30:33,6.98,0.01,218,152164,买盘,000572,2025-10-17 22:56:41
10:30:36,6.97,-0.01,48,33467,卖盘,000572,2025-10-17 22:56:41
10:30:39,6.97,0.0,105,73193,卖盘,000572,2025-10-17 22:56:41
10:30:42,6.97,0.0,7,4879,卖盘,000572,2025-10-17 22:56:41
10:30:45,6.98,0.01,13,9069,买盘,000572,2025-10-17 22:56:41
10:30:48,6.97,-0.01,20,13940,卖盘,000572,2025-10-17 22:56:41
10:30:51,6.98,0.01,47,32806,买盘,000572,2025-10-17 22:56:41
10:30:54,6.98,0.0,430,300140,买盘,000572,2025-10-17 22:56:41
10:30:57,6.98,0.0,227,158446,卖盘,000572,2025-10-17 22:56:41
10:31:00,6.98,0.0,939,655421,卖盘,000572,2025-10-17 22:56:41
10:31:03,6.97,-0.01,516,359801,卖盘,000572,2025-10-17 22:56:41
10:31:06,6.98,0.01,339,236382,买盘,000572,2025-10-17 22:56:41
10:31:09,6.97,-0.01,340,237023,卖盘,000572,2025-10-17 22:56:41
10:31:12,6.97,0.0,72,50136,买盘,000572,2025-10-17 22:56:41
10:31:15,6.97,0.0,172,119884,买盘,000572,2025-10-17 22:56:41
10:31:18,6.97,0.0,107,74568,买盘,000572,2025-10-17 22:56:41
10:31:21,6.97,0.0,1001,696769,买盘,000572,2025-10-17 22:56:41
10:31:24,6.96,-0.01,221,153962,卖盘,000572,2025-10-17 22:56:41
10:31:27,6.96,0.0,31,21593,卖盘,000572,2025-10-17 22:56:41
10:31:30,6.96,0.0,516,359156,卖盘,000572,2025-10-17 22:56:41
10:31:33,6.96,0.0,20,13930,卖盘,000572,2025-10-17 22:56:41
10:31:36,6.97,0.01,147,102341,买盘,000572,2025-10-17 22:56:41
10:31:39,6.96,-0.01,763,531066,卖盘,000572,2025-10-17 22:56:41
10:31:42,6.96,0.0,383,266322,买盘,000572,2025-10-17 22:56:41
10:31:45,6.94,-0.02,2162,1502509,卖盘,000572,2025-10-17 22:56:41
10:31:48,6.96,0.02,614,426171,买盘,000572,2025-10-17 22:56:41
10:31:51,6.94,-0.02,658,457233,卖盘,000572,2025-10-17 22:56:41
10:31:54,6.95,0.01,183,127014,买盘,000572,2025-10-17 22:56:41
10:31:57,6.95,0.0,69,47949,买盘,000572,2025-10-17 22:56:41
10:32:00,6.95,0.0,226,157112,卖盘,000572,2025-10-17 22:56:41
10:32:03,6.94,-0.01,985,683923,卖盘,000572,2025-10-17 22:56:41
10:32:06,6.95,0.01,183,127210,买盘,000572,2025-10-17 22:56:41
10:32:09,6.94,-0.01,622,432200,卖盘,000572,2025-10-17 22:56:41
10:32:12,6.95,0.01,185,128615,中性盘,000572,2025-10-17 22:56:41
10:32:15,6.95,0.0,799,554609,卖盘,000572,2025-10-17 22:56:41
10:32:18,6.96,0.01,155,107765,买盘,000572,2025-10-17 22:56:41
10:32:21,6.95,-0.01,311,216247,卖盘,000572,2025-10-17 22:56:41
10:32:24,6.95,0.0,145,100868,卖盘,000572,2025-10-17 22:56:41
10:32:27,6.96,0.01,204,141881,买盘,000572,2025-10-17 22:56:41
10:32:30,6.96,0.0,75,52198,卖盘,000572,2025-10-17 22:56:41
10:32:33,6.96,0.0,293,203661,买盘,000572,2025-10-17 22:56:41
10:32:36,6.95,-0.01,101,70232,卖盘,000572,2025-10-17 22:56:41
10:32:39,6.96,0.01,20,13920,卖盘,000572,2025-10-17 22:56:41
10:32:42,6.97,0.01,13,9056,买盘,000572,2025-10-17 22:56:41
10:32:45,6.97,0.0,35,24371,买盘,000572,2025-10-17 22:56:41
10:32:48,6.97,0.0,154,107292,买盘,000572,2025-10-17 22:56:41
10:32:51,6.96,-0.01,134,93327,卖盘,000572,2025-10-17 22:56:41
10:32:54,6.97,0.01,118,82222,买盘,000572,2025-10-17 22:56:41
10:32:57,6.96,-0.01,98,68231,卖盘,000572,2025-10-17 22:56:41
10:33:00,6.97,0.01,72,50076,买盘,000572,2025-10-17 22:56:41
10:33:03,6.96,-0.01,123,85584,卖盘,000572,2025-10-17 22:56:41
10:33:06,6.97,0.01,154,107257,买盘,000572,2025-10-17 22:56:41
10:33:09,6.97,0.0,115,80066,买盘,000572,2025-10-17 22:56:41
10:33:12,6.97,0.0,120,83571,买盘,000572,2025-10-17 22:56:41
10:33:15,6.97,0.0,41,28577,买盘,000572,2025-10-17 22:56:41
10:33:18,6.97,0.0,125,87061,买盘,000572,2025-10-17 22:56:41
10:33:21,6.97,0.0,182,126839,买盘,000572,2025-10-17 22:56:41
10:33:24,6.97,0.0,189,131628,买盘,000572,2025-10-17 22:56:41
10:33:27,6.97,0.0,55,38331,买盘,000572,2025-10-17 22:56:41
10:33:30,6.96,-0.01,43,29947,卖盘,000572,2025-10-17 22:56:41
10:33:33,6.96,0.0,320,222761,卖盘,000572,2025-10-17 22:56:41
10:33:36,6.97,0.01,33,23001,买盘,000572,2025-10-17 22:56:41
10:33:39,6.97,0.0,325,226314,买盘,000572,2025-10-17 22:56:41
10:33:42,6.97,0.0,79,55049,买盘,000572,2025-10-17 22:56:41
10:33:45,6.97,0.0,154,107240,买盘,000572,2025-10-17 22:56:41
10:33:48,6.97,0.0,59,41123,买盘,000572,2025-10-17 22:56:41
10:33:51,6.96,-0.01,235,163710,卖盘,000572,2025-10-17 22:56:41
10:33:54,6.97,0.01,348,242451,买盘,000572,2025-10-17 22:56:41
10:33:57,6.97,0.0,154,107205,中性盘,000572,2025-10-17 22:56:41
10:34:00,6.97,0.0,132,92002,卖盘,000572,2025-10-17 22:56:41
10:34:03,6.96,-0.01,868,604353,卖盘,000572,2025-10-17 22:56:41
10:34:06,6.94,-0.02,4112,2855546,卖盘,000572,2025-10-17 22:56:41
10:34:09,6.94,0.0,1327,919654,买盘,000572,2025-10-17 22:56:41
10:34:12,6.94,0.0,127,88098,买盘,000572,2025-10-17 22:56:41
10:34:15,6.93,-0.01,573,397183,卖盘,000572,2025-10-17 22:56:41
10:34:18,6.93,0.0,604,418582,卖盘,000572,2025-10-17 22:56:41
10:34:21,6.93,0.0,193,133749,卖盘,000572,2025-10-17 22:56:41
10:34:24,6.93,0.0,235,162673,买盘,000572,2025-10-17 22:56:41
10:34:27,6.93,0.0,203,140540,买盘,000572,2025-10-17 22:56:41
10:34:30,6.92,-0.01,398,275464,卖盘,000572,2025-10-17 22:56:41
10:34:33,6.93,0.01,847,586386,买盘,000572,2025-10-17 22:56:41
10:34:36,6.91,-0.02,1036,716556,卖盘,000572,2025-10-17 22:56:41
10:34:39,6.9,-0.01,8224,5676016,卖盘,000572,2025-10-17 22:56:41
10:34:42,6.9,0.0,645,443954,买盘,000572,2025-10-17 22:56:41
10:34:45,6.88,-0.02,5466,3757478,卖盘,000572,2025-10-17 22:56:41
10:34:48,6.86,-0.02,81,55589,卖盘,000572,2025-10-17 22:56:41
10:34:51,6.85,-0.01,8255,5655371,卖盘,000572,2025-10-17 22:56:41
10:34:54,6.83,-0.02,407,278195,卖盘,000572,2025-10-17 22:56:41
10:34:57,6.83,0.0,6991,4769948,卖盘,000572,2025-10-17 22:56:41
10:35:00,6.82,-0.01,4342,2962325,卖盘,000572,2025-10-17 22:56:41
10:35:03,6.81,-0.01,1290,882054,卖盘,000572,2025-10-17 22:56:41
10:35:06,6.87,0.06,1441,986115,买盘,000572,2025-10-17 22:56:41
10:35:09,6.83,-0.04,6680,4551203,中性盘,000572,2025-10-17 22:56:41
10:35:12,6.9,0.07,871,596628,买盘,000572,2025-10-17 22:56:41
10:35:15,6.87,-0.03,318,217908,卖盘,000572,2025-10-17 22:56:41
10:35:18,6.86,-0.01,242,166113,卖盘,000572,2025-10-17 22:56:41
10:35:21,6.86,0.0,1225,840093,买盘,000572,2025-10-17 22:56:41
10:35:24,6.86,0.0,1292,886201,买盘,000572,2025-10-17 22:56:41
10:35:27,6.86,0.0,1214,830914,买盘,000572,2025-10-17 22:56:41
10:35:30,6.85,-0.01,1366,936810,中性盘,000572,2025-10-17 22:56:41
10:35:33,6.85,0.0,295,202280,卖盘,000572,2025-10-17 22:56:41
10:35:36,6.85,0.0,522,357756,卖盘,000572,2025-10-17 22:56:41
10:35:39,6.85,0.0,247,169177,买盘,000572,2025-10-17 22:56:41
10:35:42,6.85,0.0,928,635450,买盘,000572,2025-10-17 22:56:41
10:35:45,6.86,0.01,1031,705667,买盘,000572,2025-10-17 22:56:41
10:35:48,6.86,0.0,1094,749875,买盘,000572,2025-10-17 22:56:41
10:35:51,6.85,-0.01,218,149431,卖盘,000572,2025-10-17 22:56:41
10:35:54,6.86,0.01,3021,2071933,买盘,000572,2025-10-17 22:56:41
10:35:57,6.85,-0.01,978,670051,卖盘,000572,2025-10-17 22:56:41
10:36:00,6.85,0.0,2073,1418967,买盘,000572,2025-10-17 22:56:41
10:36:03,6.84,-0.01,3342,2283579,卖盘,000572,2025-10-17 22:56:41
10:36:06,6.82,-0.02,1313,896287,卖盘,000572,2025-10-17 22:56:41
10:36:09,6.82,0.0,1090,744099,卖盘,000572,2025-10-17 22:56:41
10:36:12,6.82,0.0,1223,834918,卖盘,000572,2025-10-17 22:56:41
10:36:15,6.81,-0.01,483,329416,卖盘,000572,2025-10-17 22:56:41
10:36:18,6.82,0.01,1677,1142681,买盘,000572,2025-10-17 22:56:41
10:36:21,6.83,0.01,2473,1686905,买盘,000572,2025-10-17 22:56:41
10:36:24,6.83,0.0,1114,759986,卖盘,000572,2025-10-17 22:56:41
10:36:27,6.84,0.01,928,633576,买盘,000572,2025-10-17 22:56:41
10:36:30,6.84,0.0,752,513616,买盘,000572,2025-10-17 22:56:41
10:36:33,6.83,-0.01,1032,705090,卖盘,000572,2025-10-17 22:56:41
10:36:36,6.83,0.0,174,118904,卖盘,000572,2025-10-17 22:56:41
10:36:39,6.83,0.0,210,143530,卖盘,000572,2025-10-17 22:56:41
10:36:42,6.83,0.0,1457,995961,卖盘,000572,2025-10-17 22:56:41
10:36:45,6.83,0.0,1417,967882,卖盘,000572,2025-10-17 22:56:41
10:36:48,6.83,0.0,605,413194,买盘,000572,2025-10-17 22:56:41
10:36:51,6.83,0.0,186,126947,买盘,000572,2025-10-17 22:56:41
10:36:54,6.82,-0.01,654,446346,卖盘,000572,2025-10-17 22:56:41
10:36:57,6.82,0.0,664,453450,卖盘,000572,2025-10-17 22:56:41
10:37:00,6.84,0.02,987,674205,买盘,000572,2025-10-17 22:56:41
10:37:03,6.84,0.0,366,250056,卖盘,000572,2025-10-17 22:56:41
10:37:06,6.83,-0.01,634,433153,卖盘,000572,2025-10-17 22:56:41
10:37:09,6.84,0.01,324,221621,买盘,000572,2025-10-17 22:56:41
10:37:12,6.84,0.0,165,112863,卖盘,000572,2025-10-17 22:56:41
10:37:15,6.85,0.01,1238,847874,买盘,000572,2025-10-17 22:56:41
10:37:18,6.85,0.0,918,629371,卖盘,000572,2025-10-17 22:56:41
10:37:21,6.86,0.01,1665,1140641,买盘,000572,2025-10-17 22:56:41
10:37:24,6.86,0.0,94,64411,买盘,000572,2025-10-17 22:56:41
10:37:27,6.86,0.0,171,117304,买盘,000572,2025-10-17 22:56:41
10:37:30,6.86,0.0,559,383209,买盘,000572,2025-10-17 22:56:41
10:37:33,6.85,-0.01,720,493236,卖盘,000572,2025-10-17 22:56:41
10:37:36,6.85,0.0,165,113025,买盘,000572,2025-10-17 22:56:41
10:37:39,6.85,0.0,283,193855,买盘,000572,2025-10-17 22:56:41
10:37:42,6.85,0.0,186,127403,买盘,000572,2025-10-17 22:56:41
10:37:45,6.82,-0.03,6246,4267533,卖盘,000572,2025-10-17 22:56:41
10:37:48,6.82,0.0,363,247905,卖盘,000572,2025-10-17 22:56:41
10:37:51,6.83,0.01,94,64157,买盘,000572,2025-10-17 22:56:41
10:37:54,6.82,-0.01,909,620000,卖盘,000572,2025-10-17 22:56:41
10:37:57,6.82,0.0,474,323320,卖盘,000572,2025-10-17 22:56:41
10:38:00,6.83,0.01,598,407867,买盘,000572,2025-10-17 22:56:41
10:38:03,6.81,-0.02,1988,1354830,卖盘,000572,2025-10-17 22:56:41
10:38:06,6.82,0.01,363,247554,买盘,000572,2025-10-17 22:56:41
10:38:09,6.81,-0.01,489,333022,卖盘,000572,2025-10-17 22:56:41
10:38:12,6.81,0.0,2362,1607412,卖盘,000572,2025-10-17 22:56:41
10:38:15,6.81,0.0,998,679704,卖盘,000572,2025-10-17 22:56:41
10:38:18,6.81,0.0,346,235478,卖盘,000572,2025-10-17 22:56:41
10:38:21,6.81,0.0,1464,996984,买盘,000572,2025-10-17 22:56:41
10:38:24,6.81,0.0,1784,1214059,卖盘,000572,2025-10-17 22:56:41
10:38:27,6.81,0.0,3164,2152225,卖盘,000572,2025-10-17 22:56:41
10:38:30,6.8,-0.01,464,315845,卖盘,000572,2025-10-17 22:56:41
10:38:33,6.8,0.0,379,257768,卖盘,000572,2025-10-17 22:56:41
10:38:36,6.8,0.0,1363,927130,卖盘,000572,2025-10-17 22:56:41
10:38:39,6.8,0.0,129,87720,买盘,000572,2025-10-17 22:56:41
10:38:42,6.8,0.0,661,449370,买盘,000572,2025-10-17 22:56:41
10:38:45,6.8,0.0,713,484345,买盘,000572,2025-10-17 22:56:41
10:38:48,6.8,0.0,231,157019,买盘,000572,2025-10-17 22:56:41
10:38:51,6.8,0.0,392,266402,买盘,000572,2025-10-17 22:56:41
10:38:54,6.8,0.0,376,255434,买盘,000572,2025-10-17 22:56:41
10:38:57,6.8,0.0,1746,1186700,买盘,000572,2025-10-17 22:56:41
10:39:00,6.8,0.0,595,404539,买盘,000572,2025-10-17 22:56:41
10:39:03,6.8,0.0,497,338007,卖盘,000572,2025-10-17 22:56:41
10:39:06,6.8,0.0,1397,952235,卖盘,000572,2025-10-17 22:56:41
10:39:09,6.82,0.02,718,488844,买盘,000572,2025-10-17 22:56:41
10:39:12,6.81,-0.01,318,216749,中性盘,000572,2025-10-17 22:56:41
10:39:15,6.81,0.0,652,444572,卖盘,000572,2025-10-17 22:56:41
10:39:18,6.82,0.01,651,444408,中性盘,000572,2025-10-17 22:56:41
10:39:21,6.81,-0.01,411,280091,卖盘,000572,2025-10-17 22:56:41
10:39:24,6.81,0.0,1350,919703,卖盘,000572,2025-10-17 22:56:41
10:39:27,6.81,0.0,1587,1080332,买盘,000572,2025-10-17 22:56:41
10:39:30,6.81,0.0,1497,1018213,买盘,000572,2025-10-17 22:56:41
10:39:33,6.8,-0.01,766,521588,卖盘,000572,2025-10-17 22:56:41
10:39:36,6.8,0.0,1107,752776,卖盘,000572,2025-10-17 22:56:41
10:39:39,6.81,0.01,709,482816,买盘,000572,2025-10-17 22:56:41
10:39:42,6.81,0.0,1371,932908,卖盘,000572,2025-10-17 22:56:41
10:39:45,6.81,0.0,475,323566,卖盘,000572,2025-10-17 22:56:41
10:39:48,6.81,0.0,230,156638,卖盘,000572,2025-10-17 22:56:41
10:39:51,6.8,-0.01,685,466682,卖盘,000572,2025-10-17 22:56:41
10:39:54,6.8,0.0,189,128716,卖盘,000572,2025-10-17 22:56:41
10:39:57,6.8,0.0,368,250261,卖盘,000572,2025-10-17 22:56:41
10:40:00,6.81,0.01,431,293228,买盘,000572,2025-10-17 22:56:41
10:40:03,6.8,-0.01,1473,1003013,卖盘,000572,2025-10-17 22:56:41
10:40:06,6.81,0.01,286,194557,买盘,000572,2025-10-17 22:56:41
10:40:09,6.81,0.0,311,211681,买盘,000572,2025-10-17 22:56:41
10:40:12,6.82,0.01,708,481769,买盘,000572,2025-10-17 22:56:41
10:40:15,6.82,0.0,373,254324,买盘,000572,2025-10-17 22:56:41
10:40:18,6.82,0.0,306,208765,卖盘,000572,2025-10-17 22:56:41
10:40:21,6.83,0.01,142,96913,买盘,000572,2025-10-17 22:56:41
10:40:24,6.82,-0.01,106,72396,卖盘,000572,2025-10-17 22:56:41
10:40:27,6.82,0.0,160,109262,卖盘,000572,2025-10-17 22:56:41
10:40:30,6.83,0.01,539,367886,买盘,000572,2025-10-17 22:56:41
10:40:33,6.83,0.0,316,215815,买盘,000572,2025-10-17 22:56:41
10:40:36,6.83,0.0,748,510872,买盘,000572,2025-10-17 22:56:41
10:40:39,6.83,0.0,520,355125,买盘,000572,2025-10-17 22:56:41
10:40:42,6.83,0.0,3831,2616545,买盘,000572,2025-10-17 22:56:41
10:40:45,6.83,0.0,1767,1206861,买盘,000572,2025-10-17 22:56:41
10:40:48,6.83,0.0,574,392017,买盘,000572,2025-10-17 22:56:41
10:40:51,6.83,0.0,2218,1515077,买盘,000572,2025-10-17 22:56:41
10:40:54,6.84,0.01,76,51946,买盘,000572,2025-10-17 22:56:41
10:40:57,6.84,0.0,751,513676,买盘,000572,2025-10-17 22:56:41
10:41:00,6.84,0.0,2215,1515058,买盘,000572,2025-10-17 22:56:41
10:41:03,6.84,0.0,1181,808223,卖盘,000572,2025-10-17 22:56:41
10:41:06,6.85,0.01,183,125226,买盘,000572,2025-10-17 22:56:41
10:41:09,6.85,0.0,1104,756240,买盘,000572,2025-10-17 22:56:41
10:41:12,6.85,0.0,270,184950,买盘,000572,2025-10-17 22:56:41
10:41:15,6.85,0.0,254,173970,买盘,000572,2025-10-17 22:56:41
10:41:18,6.85,0.0,501,343170,买盘,000572,2025-10-17 22:56:41
10:41:21,6.85,0.0,943,645945,买盘,000572,2025-10-17 22:56:41
10:41:24,6.85,0.0,313,214346,买盘,000572,2025-10-17 22:56:41
10:41:27,6.85,0.0,165,113001,买盘,000572,2025-10-17 22:56:41
10:41:30,6.85,0.0,3076,2103439,买盘,000572,2025-10-17 22:56:41
10:41:33,6.84,-0.01,3086,2108472,卖盘,000572,2025-10-17 22:56:41
10:41:36,6.82,-0.02,2242,1529452,卖盘,000572,2025-10-17 22:56:41
10:41:39,6.81,-0.01,367,250243,卖盘,000572,2025-10-17 22:56:41
10:41:42,6.82,0.01,180,122750,买盘,000572,2025-10-17 22:56:41
10:41:45,6.82,0.0,104,70889,买盘,000572,2025-10-17 22:56:41
10:41:48,6.82,0.0,1306,890645,买盘,000572,2025-10-17 22:56:41
10:41:51,6.81,-0.01,1456,991553,卖盘,000572,2025-10-17 22:56:41
10:41:54,6.81,0.0,585,398385,买盘,000572,2025-10-17 22:56:41
10:41:57,6.81,0.0,414,281919,买盘,000572,2025-10-17 22:56:41
10:42:00,6.81,0.0,269,183094,买盘,000572,2025-10-17 22:56:41
10:42:03,6.81,0.0,1822,1239175,买盘,000572,2025-10-17 22:56:41
10:42:06,6.81,0.0,2167,1475677,买盘,000572,2025-10-17 22:56:41
10:42:09,6.81,0.0,577,392937,卖盘,000572,2025-10-17 22:56:41
10:42:12,6.81,0.0,270,183799,买盘,000572,2025-10-17 22:56:41
10:42:15,6.8,-0.01,219,149128,卖盘,000572,2025-10-17 22:56:41
10:42:18,6.81,0.01,194,131986,买盘,000572,2025-10-17 22:56:41
10:42:21,6.8,-0.01,157,106794,卖盘,000572,2025-10-17 22:56:41
10:42:24,6.81,0.01,229,155860,买盘,000572,2025-10-17 22:56:41
10:42:27,6.8,-0.01,587,399419,卖盘,000572,2025-10-17 22:56:41
10:42:30,6.8,0.0,3106,2114840,卖盘,000572,2025-10-17 22:56:41
10:42:33,6.8,0.0,155,105494,卖盘,000572,2025-10-17 22:56:41
10:42:36,6.8,0.0,99,67323,卖盘,000572,2025-10-17 22:56:41
10:42:39,6.8,0.0,337,229178,卖盘,000572,2025-10-17 22:56:41
10:42:42,6.8,0.0,182,123802,卖盘,000572,2025-10-17 22:56:41
10:42:45,6.81,0.01,365,248458,买盘,000572,2025-10-17 22:56:41
10:42:48,6.81,0.0,176,119763,买盘,000572,2025-10-17 22:56:41
10:42:51,6.81,0.0,337,229334,买盘,000572,2025-10-17 22:56:41
10:42:54,6.81,0.0,87,59213,买盘,000572,2025-10-17 22:56:41
10:42:57,6.81,0.0,778,529160,买盘,000572,2025-10-17 22:56:41
10:43:00,6.81,0.0,154,104837,买盘,000572,2025-10-17 22:56:41
10:43:03,6.81,0.0,359,244372,买盘,000572,2025-10-17 22:56:41
10:43:06,6.81,0.0,100,68051,买盘,000572,2025-10-17 22:56:41
10:43:09,6.81,0.0,199,135473,买盘,000572,2025-10-17 22:56:41
10:43:12,6.81,0.0,592,403070,买盘,000572,2025-10-17 22:56:41
10:43:15,6.81,0.0,761,518137,买盘,000572,2025-10-17 22:56:41
10:43:18,6.81,0.0,737,501886,买盘,000572,2025-10-17 22:56:41
10:43:21,6.81,0.0,157,106862,买盘,000572,2025-10-17 22:56:41
10:43:24,6.81,0.0,200,136195,买盘,000572,2025-10-17 22:56:41
10:43:27,6.8,-0.01,568,386639,卖盘,000572,2025-10-17 22:56:41
10:43:30,6.8,0.0,3472,2361311,卖盘,000572,2025-10-17 22:56:41
10:43:33,6.81,0.01,3220,2187927,买盘,000572,2025-10-17 22:56:41
10:43:36,6.81,0.0,2801,1900477,中性盘,000572,2025-10-17 22:56:41
10:43:39,6.8,-0.01,8198,5556143,卖盘,000572,2025-10-17 22:56:41
10:43:42,6.8,0.0,123,83544,买盘,000572,2025-10-17 22:56:41
10:43:45,6.78,-0.02,7857,5305907,中性盘,000572,2025-10-17 22:56:41
10:43:48,6.78,0.0,621,420167,买盘,000572,2025-10-17 22:56:41
10:43:51,6.75,-0.03,143,96489,中性盘,000572,2025-10-17 22:56:41
10:43:54,6.74,-0.01,8839,5937828,卖盘,000572,2025-10-17 22:56:41
10:43:57,6.72,-0.02,61,41056,卖盘,000572,2025-10-17 22:56:41
10:44:00,6.72,0.0,212,142618,卖盘,000572,2025-10-17 22:56:41
10:44:03,6.72,0.0,1431,963201,卖盘,000572,2025-10-17 22:56:41
10:44:06,6.73,0.01,1355,911328,卖盘,000572,2025-10-17 22:56:41
10:44:09,6.74,0.01,1038,699044,买盘,000572,2025-10-17 22:56:41
10:44:12,6.75,0.01,665,448202,买盘,000572,2025-10-17 22:56:41
10:44:15,6.78,0.03,685,462232,买盘,000572,2025-10-17 22:56:41
10:44:18,6.78,0.0,68,46041,买盘,000572,2025-10-17 22:56:41
10:44:21,6.79,0.01,158,107157,买盘,000572,2025-10-17 22:56:41
10:44:24,6.78,-0.01,358,242537,卖盘,000572,2025-10-17 22:56:41
10:44:27,6.78,0.0,519,351943,卖盘,000572,2025-10-17 22:56:41
10:44:30,6.79,0.01,585,397328,买盘,000572,2025-10-17 22:56:41
10:44:33,6.78,-0.01,1919,1302002,卖盘,000572,2025-10-17 22:56:41
10:44:36,6.8,0.02,196,133099,买盘,000572,2025-10-17 22:56:41
10:44:39,6.8,0.0,289,196100,买盘,000572,2025-10-17 22:56:41
10:44:42,6.79,-0.01,144,97704,买盘,000572,2025-10-17 22:56:41
10:44:45,6.79,0.0,503,341405,买盘,000572,2025-10-17 22:56:41
10:44:48,6.78,-0.01,213,144477,卖盘,000572,2025-10-17 22:56:41
10:44:51,6.8,0.02,688,466902,买盘,000572,2025-10-17 22:56:41
10:44:54,6.78,-0.02,98,66444,中性盘,000572,2025-10-17 22:56:41
10:44:57,6.78,0.0,206,139652,买盘,000572,2025-10-17 22:56:41
10:45:00,6.77,-0.01,255,172783,卖盘,000572,2025-10-17 22:56:41
10:45:03,6.77,0.0,1315,889911,卖盘,000572,2025-10-17 22:56:41
10:45:06,6.78,0.01,118,79904,买盘,000572,2025-10-17 22:56:41
10:45:09,6.77,-0.01,123,83285,卖盘,000572,2025-10-17 22:56:41
10:45:12,6.77,0.0,402,272122,买盘,000572,2025-10-17 22:56:41
10:45:15,6.75,-0.02,2025,1367615,卖盘,000572,2025-10-17 22:56:41
10:45:18,6.76,0.01,2382,1607879,买盘,000572,2025-10-17 22:56:41
10:45:21,6.75,-0.01,531,358816,卖盘,000572,2025-10-17 22:56:41
10:45:24,6.75,0.0,381,257479,卖盘,000572,2025-10-17 22:56:41
10:45:27,6.76,0.01,577,389733,买盘,000572,2025-10-17 22:56:41
10:45:30,6.75,-0.01,192,129694,卖盘,000572,2025-10-17 22:56:41
10:45:33,6.76,0.01,998,674487,买盘,000572,2025-10-17 22:56:41
10:45:36,6.76,0.0,254,171739,卖盘,000572,2025-10-17 22:56:41
10:45:39,6.76,0.0,948,641048,买盘,000572,2025-10-17 22:56:41
10:45:42,6.76,0.0,394,266344,卖盘,000572,2025-10-17 22:56:41
10:45:45,6.76,0.0,546,369109,卖盘,000572,2025-10-17 22:56:41
10:45:48,6.77,0.01,145,98061,买盘,000572,2025-10-17 22:56:41
10:45:51,6.76,-0.01,152,102854,卖盘,000572,2025-10-17 22:56:41
10:45:54,6.77,0.01,170,115050,买盘,000572,2025-10-17 22:56:41
10:45:57,6.76,-0.01,157,106154,卖盘,000572,2025-10-17 22:56:41
10:46:00,6.77,0.01,1074,727329,买盘,000572,2025-10-17 22:56:41
10:46:03,6.76,-0.01,1307,884473,卖盘,000572,2025-10-17 22:56:41
10:46:06,6.77,0.01,191,129279,卖盘,000572,2025-10-17 22:56:41
10:46:09,6.77,0.0,431,291777,买盘,000572,2025-10-17 22:56:41
10:46:12,6.76,-0.01,144,97476,卖盘,000572,2025-10-17 22:56:41
10:46:15,6.77,0.01,254,171750,买盘,000572,2025-10-17 22:56:41
10:46:18,6.77,0.0,191,129202,买盘,000572,2025-10-17 22:56:41
10:46:21,6.77,0.0,575,389382,买盘,000572,2025-10-17 22:56:41
10:46:24,6.77,0.0,188,127168,卖盘,000572,2025-10-17 22:56:41
10:46:27,6.77,0.0,2581,1749586,卖盘,000572,2025-10-17 22:56:41
10:46:30,6.78,0.01,609,413042,买盘,000572,2025-10-17 22:56:41
10:46:33,6.78,0.0,192,130220,卖盘,000572,2025-10-17 22:56:41
10:46:36,6.8,0.02,394,267720,买盘,000572,2025-10-17 22:56:41
10:46:39,6.79,-0.01,255,173157,中性盘,000572,2025-10-17 22:56:41
10:46:42,6.8,0.01,202,137336,买盘,000572,2025-10-17 22:56:41
10:46:45,6.8,0.0,348,236267,买盘,000572,2025-10-17 22:56:41
10:46:48,6.8,0.0,183,124401,买盘,000572,2025-10-17 22:56:41
10:46:51,6.8,0.0,230,156382,买盘,000572,2025-10-17 22:56:41
10:46:54,6.8,0.0,123,83629,买盘,000572,2025-10-17 22:56:41
10:46:57,6.8,0.0,157,106755,买盘,000572,2025-10-17 22:56:41
10:47:00,6.8,0.0,88,59808,买盘,000572,2025-10-17 22:56:41
10:47:03,6.79,-0.01,602,409141,卖盘,000572,2025-10-17 22:56:41
10:47:06,6.8,0.01,1744,1185853,买盘,000572,2025-10-17 22:56:41
10:47:09,6.8,0.0,606,412030,买盘,000572,2025-10-17 22:56:41
10:47:12,6.8,0.0,507,344724,买盘,000572,2025-10-17 22:56:41
10:47:15,6.8,0.0,53,36041,卖盘,000572,2025-10-17 22:56:41
10:47:18,6.81,0.01,351,238817,买盘,000572,2025-10-17 22:56:41
10:47:21,6.81,0.0,243,165340,买盘,000572,2025-10-17 22:56:41
10:47:24,6.81,0.0,626,426304,买盘,000572,2025-10-17 22:56:41
10:47:27,6.81,0.0,530,360692,买盘,000572,2025-10-17 22:56:41
10:47:30,6.81,0.0,312,212472,买盘,000572,2025-10-17 22:56:41
10:47:33,6.82,0.01,21,14319,买盘,000572,2025-10-17 22:56:41
10:47:36,6.82,0.0,122,83170,买盘,000572,2025-10-17 22:56:41
10:47:39,6.82,0.0,416,283660,买盘,000572,2025-10-17 22:56:41
10:47:42,6.83,0.01,115,78434,买盘,000572,2025-10-17 22:56:41
10:47:45,6.82,-0.01,188,128216,卖盘,000572,2025-10-17 22:56:41
10:47:48,6.81,-0.01,174,118620,卖盘,000572,2025-10-17 22:56:41
10:47:51,6.81,0.0,444,302649,卖盘,000572,2025-10-17 22:56:41
10:47:54,6.82,0.01,81,55212,买盘,000572,2025-10-17 22:56:41
10:47:57,6.82,0.0,166,113153,买盘,000572,2025-10-17 22:56:41
10:48:00,6.82,0.0,36,24568,卖盘,000572,2025-10-17 22:56:41
10:48:03,6.82,0.0,882,601011,卖盘,000572,2025-10-17 22:56:41
10:48:06,6.82,0.0,379,258649,卖盘,000572,2025-10-17 22:56:41
10:48:09,6.81,-0.01,140,95343,卖盘,000572,2025-10-17 22:56:41
10:48:12,6.81,0.0,103,70108,买盘,000572,2025-10-17 22:56:41
10:48:15,6.8,-0.01,1914,1302869,卖盘,000572,2025-10-17 22:56:41
10:48:18,6.8,0.0,44,29920,买盘,000572,2025-10-17 22:56:41
10:48:21,6.79,-0.01,472,320544,卖盘,000572,2025-10-17 22:56:41
10:48:24,6.79,0.0,506,344006,卖盘,000572,2025-10-17 22:56:41
10:48:27,6.8,0.01,289,196425,买盘,000572,2025-10-17 22:56:41
10:48:30,6.79,-0.01,412,279849,卖盘,000572,2025-10-17 22:56:41
10:48:33,6.79,0.0,51,34629,买盘,000572,2025-10-17 22:56:41
10:48:36,6.79,0.0,44,29876,买盘,000572,2025-10-17 22:56:41
10:48:39,6.79,0.0,51,34598,买盘,000572,2025-10-17 22:56:41
10:48:42,6.79,0.0,130,88270,卖盘,000572,2025-10-17 22:56:41
10:48:45,6.8,0.01,11,7477,买盘,000572,2025-10-17 22:56:41
10:48:48,6.78,-0.02,178,120847,卖盘,000572,2025-10-17 22:56:41
10:48:51,6.79,0.01,13,8827,买盘,000572,2025-10-17 22:56:41
10:48:54,6.78,-0.01,9,6108,卖盘,000572,2025-10-17 22:56:41
10:48:57,6.79,0.01,81,54975,买盘,000572,2025-10-17 22:56:41
10:49:00,6.79,0.0,50,33950,卖盘,000572,2025-10-17 22:56:41
10:49:03,6.8,0.01,377,255848,买盘,000572,2025-10-17 22:56:41
10:49:06,6.79,-0.01,61,41419,卖盘,000572,2025-10-17 22:56:41
10:49:09,6.78,-0.01,59,40053,卖盘,000572,2025-10-17 22:56:41
10:49:12,6.78,0.0,2213,1499265,卖盘,000572,2025-10-17 22:56:41
10:49:15,6.8,0.02,2099,1427007,买盘,000572,2025-10-17 22:56:41
10:49:18,6.8,0.0,365,248200,买盘,000572,2025-10-17 22:56:41
10:49:21,6.8,0.0,10,6797,买盘,000572,2025-10-17 22:56:41
10:49:24,6.8,0.0,45,30599,买盘,000572,2025-10-17 22:56:41
10:49:27,6.8,0.0,1160,788797,买盘,000572,2025-10-17 22:56:41
10:49:30,6.8,0.0,93,63240,买盘,000572,2025-10-17 22:56:41
10:49:33,6.8,0.0,81,55057,买盘,000572,2025-10-17 22:56:41
10:49:36,6.8,0.0,105,71391,买盘,000572,2025-10-17 22:56:41
10:49:39,6.8,0.0,110,74800,买盘,000572,2025-10-17 22:56:41
10:49:42,6.8,0.0,123,83580,买盘,000572,2025-10-17 22:56:41
10:49:45,6.8,0.0,171,116280,买盘,000572,2025-10-17 22:56:41
10:49:48,6.8,0.0,227,154261,买盘,000572,2025-10-17 22:56:41
10:49:51,6.79,-0.01,180,122345,卖盘,000572,2025-10-17 22:56:41
10:49:54,6.79,0.0,41,27851,卖盘,000572,2025-10-17 22:56:41
10:49:57,6.79,0.0,1123,762517,卖盘,000572,2025-10-17 22:56:41
10:50:00,6.79,0.0,135,91649,买盘,000572,2025-10-17 22:56:41
10:50:03,6.79,0.0,180,122126,买盘,000572,2025-10-17 22:56:41
10:50:06,6.79,0.0,107,72653,卖盘,000572,2025-10-17 22:56:41
10:50:09,6.8,0.01,140,95065,买盘,000572,2025-10-17 22:56:41
10:50:12,6.8,0.0,2752,1871291,买盘,000572,2025-10-17 22:56:41
10:50:15,6.8,0.0,793,539218,买盘,000572,2025-10-17 22:56:41
10:50:18,6.8,0.0,30,20389,买盘,000572,2025-10-17 22:56:41
10:50:21,6.8,0.0,241,163880,买盘,000572,2025-10-17 22:56:41
10:50:24,6.8,0.0,420,285582,买盘,000572,2025-10-17 22:56:41
10:50:27,6.8,0.0,804,546858,买盘,000572,2025-10-17 22:56:41
10:50:30,6.8,0.0,416,282880,卖盘,000572,2025-10-17 22:56:41
10:50:33,6.81,0.01,99,67419,买盘,000572,2025-10-17 22:56:41
10:50:36,6.82,0.01,65,44302,买盘,000572,2025-10-17 22:56:41
10:50:39,6.82,0.0,110,75004,买盘,000572,2025-10-17 22:56:41
10:50:42,6.82,0.0,569,388038,买盘,000572,2025-10-17 22:56:41
10:50:45,6.82,0.0,52,35464,买盘,000572,2025-10-17 22:56:41
10:50:48,6.82,0.0,23,15693,卖盘,000572,2025-10-17 22:56:41
10:50:51,6.83,0.01,359,245176,买盘,000572,2025-10-17 22:56:41
10:50:54,6.84,0.01,233,159188,买盘,000572,2025-10-17 22:56:41
10:50:57,6.84,0.0,180,123120,买盘,000572,2025-10-17 22:56:41
10:51:00,6.84,0.0,169,115592,买盘,000572,2025-10-17 22:56:41
10:51:03,6.84,0.0,151,103223,买盘,000572,2025-10-17 22:56:41
10:51:06,6.83,-0.01,66,45128,卖盘,000572,2025-10-17 22:56:41
10:51:09,6.83,0.0,225,153797,卖盘,000572,2025-10-17 22:56:41
10:51:12,6.84,0.01,809,552747,买盘,000572,2025-10-17 22:56:41
10:51:15,6.83,-0.01,233,159139,卖盘,000572,2025-10-17 22:56:41
10:51:18,6.83,0.0,967,659751,买盘,000572,2025-10-17 22:56:41
10:51:21,6.83,0.0,391,267162,买盘,000572,2025-10-17 22:56:41
10:51:24,6.83,0.0,286,195338,卖盘,000572,2025-10-17 22:56:41
10:51:27,6.83,0.0,432,295059,卖盘,000572,2025-10-17 22:56:41
10:51:30,6.82,-0.01,166,113377,卖盘,000572,2025-10-17 22:56:41
10:51:33,6.82,0.0,339,231290,卖盘,000572,2025-10-17 22:56:41
10:51:36,6.82,0.0,784,534689,卖盘,000572,2025-10-17 22:56:41
10:51:39,6.81,-0.01,13,8859,卖盘,000572,2025-10-17 22:56:41
10:51:42,6.83,0.02,435,296744,买盘,000572,2025-10-17 22:56:41
10:51:45,6.82,-0.01,72,49114,卖盘,000572,2025-10-17 22:56:41
10:51:48,6.81,-0.01,119,81067,卖盘,000572,2025-10-17 22:56:41
10:51:51,6.82,0.01,143,97512,买盘,000572,2025-10-17 22:56:41
10:51:54,6.82,0.0,392,267327,买盘,000572,2025-10-17 22:56:41
10:51:57,6.82,0.0,121,82475,买盘,000572,2025-10-17 22:56:41
10:52:00,6.81,-0.01,51,34761,卖盘,000572,2025-10-17 22:56:41
10:52:03,6.81,0.0,443,301825,卖盘,000572,2025-10-17 22:56:41
10:52:06,6.81,0.0,38,25904,卖盘,000572,2025-10-17 22:56:41
10:52:09,6.82,0.01,38,25891,买盘,000572,2025-10-17 22:56:41
10:52:12,6.82,0.0,23,15686,买盘,000572,2025-10-17 22:56:41
10:52:15,6.82,0.0,88,60010,买盘,000572,2025-10-17 22:56:41
10:52:18,6.82,0.0,92,62717,买盘,000572,2025-10-17 22:56:41
10:52:21,6.81,-0.01,272,185383,卖盘,000572,2025-10-17 22:56:41
10:52:24,6.82,0.01,402,274161,买盘,000572,2025-10-17 22:56:41
10:52:27,6.82,0.0,1,682,卖盘,000572,2025-10-17 22:56:41
10:52:30,6.82,0.0,112,76387,卖盘,000572,2025-10-17 22:56:41
10:52:33,6.83,0.01,27,18432,买盘,000572,2025-10-17 22:56:41
10:52:36,6.82,-0.01,38,25950,卖盘,000572,2025-10-17 22:56:41
10:52:39,6.84,0.02,2095,1431024,买盘,000572,2025-10-17 22:56:41
10:52:42,6.83,-0.01,40,27321,卖盘,000572,2025-10-17 22:56:41
10:52:45,6.84,0.01,84,57454,买盘,000572,2025-10-17 22:56:41
10:52:48,6.84,0.0,132,90239,买盘,000572,2025-10-17 22:56:41
10:52:51,6.83,-0.01,742,507121,卖盘,000572,2025-10-17 22:56:41
10:52:54,6.84,0.01,564,385775,买盘,000572,2025-10-17 22:56:41
10:52:57,6.84,0.0,262,179208,买盘,000572,2025-10-17 22:56:41
10:53:00,6.85,0.01,109,74580,买盘,000572,2025-10-17 22:56:41
10:53:03,6.84,-0.01,502,343437,卖盘,000572,2025-10-17 22:56:41
10:53:06,6.85,0.01,233,159441,买盘,000572,2025-10-17 22:56:41
10:53:09,6.85,0.0,48,32858,买盘,000572,2025-10-17 22:56:41
10:53:12,6.84,-0.01,285,195223,卖盘,000572,2025-10-17 22:56:41
10:53:15,6.84,0.0,190,130026,卖盘,000572,2025-10-17 22:56:41
10:53:18,6.84,0.0,134,91648,买盘,000572,2025-10-17 22:56:41
10:53:21,6.83,-0.01,51,34878,卖盘,000572,2025-10-17 22:56:41
10:53:24,6.84,0.01,741,506184,买盘,000572,2025-10-17 22:56:41
