时间,成交价,价格变动,成交量,成交额,买卖盘性质,股票代码,采集时间
09:25:00,9.34,0.0,71980,67229320,卖盘,000626,2025-10-17 22:51:19
09:30:00,9.55,0.21,6461,6112902,买盘,000626,2025-10-17 22:51:19
09:30:03,9.65,0.1,8312,7970664,买盘,000626,2025-10-17 22:51:19
09:30:06,9.73,0.08,6526,6329460,买盘,000626,2025-10-17 22:51:19
09:30:09,9.75,0.02,13528,13188498,买盘,000626,2025-10-17 22:51:19
09:30:12,9.76,0.01,19368,18900269,买盘,000626,2025-10-17 22:51:19
09:30:15,9.76,0.0,18001,17567090,买盘,000626,2025-10-17 22:51:19
09:30:18,9.76,0.0,24569,23970601,卖盘,000626,2025-10-17 22:51:19
09:30:21,9.76,0.0,16641,16239801,卖盘,000626,2025-10-17 22:51:19
09:30:24,9.58,-0.18,9903,9580663,卖盘,000626,2025-10-17 22:51:19
09:30:27,9.54,-0.04,3164,3027903,卖盘,000626,2025-10-17 22:51:19
09:30:30,9.56,0.02,4129,3938834,买盘,000626,2025-10-17 22:51:19
09:30:33,9.56,0.0,2183,2094293,买盘,000626,2025-10-17 22:51:19
09:30:36,9.7,0.14,1952,1887475,买盘,000626,2025-10-17 22:51:19
09:30:39,9.76,0.06,3951,3835929,买盘,000626,2025-10-17 22:51:19
09:30:42,9.76,0.0,9314,9078400,买盘,000626,2025-10-17 22:51:19
09:30:45,9.76,0.0,4774,4650326,买盘,000626,2025-10-17 22:51:19
09:30:48,9.76,0.0,2961,2889936,卖盘,000626,2025-10-17 22:51:19
09:30:51,9.76,0.0,4480,4372216,卖盘,000626,2025-10-17 22:51:19
09:30:54,9.76,0.0,1561,1523536,卖盘,000626,2025-10-17 22:51:19
09:30:57,9.76,0.0,8849,8636624,卖盘,000626,2025-10-17 22:51:19
09:31:00,9.76,0.0,1638,1598688,卖盘,000626,2025-10-17 22:51:19
09:31:03,9.76,0.0,830,810080,卖盘,000626,2025-10-17 22:51:19
09:31:06,9.76,0.0,5809,5669584,卖盘,000626,2025-10-17 22:51:19
09:31:09,9.76,0.0,868,847168,卖盘,000626,2025-10-17 22:51:19
09:31:12,9.76,0.0,522,509472,卖盘,000626,2025-10-17 22:51:19
09:31:15,9.76,0.0,799,779824,卖盘,000626,2025-10-17 22:51:19
09:31:18,9.76,0.0,1600,1561600,卖盘,000626,2025-10-17 22:51:19
09:31:21,9.6,-0.16,56393,55022949,卖盘,000626,2025-10-17 22:51:19
09:31:24,9.56,-0.04,2614,2511206,卖盘,000626,2025-10-17 22:51:19
09:31:27,9.54,-0.02,1569,1501087,卖盘,000626,2025-10-17 22:51:19
09:31:30,9.52,-0.02,2672,2545777,卖盘,000626,2025-10-17 22:51:19
09:31:33,9.54,0.02,1635,1558784,中性盘,000626,2025-10-17 22:51:19
09:31:36,9.6,0.06,2066,1970832,买盘,000626,2025-10-17 22:51:19
09:31:39,9.61,0.01,1415,1357760,买盘,000626,2025-10-17 22:51:19
09:31:42,9.67,0.06,1220,1176411,买盘,000626,2025-10-17 22:51:19
09:31:45,9.74,0.07,1917,1854603,买盘,000626,2025-10-17 22:51:19
09:31:48,9.76,0.02,2024,1969002,买盘,000626,2025-10-17 22:51:19
09:31:51,9.74,-0.02,3937,3840275,卖盘,000626,2025-10-17 22:51:19
09:31:54,9.74,0.0,3287,3202008,卖盘,000626,2025-10-17 22:51:19
09:31:57,9.67,-0.07,2793,2710134,卖盘,000626,2025-10-17 22:51:19
09:32:00,9.7,0.03,1552,1507008,中性盘,000626,2025-10-17 22:51:19
09:32:03,9.7,0.0,1426,1387839,卖盘,000626,2025-10-17 22:51:19
09:32:06,9.7,0.0,3137,3047722,卖盘,000626,2025-10-17 22:51:19
09:32:09,9.67,-0.03,5832,5648646,卖盘,000626,2025-10-17 22:51:19
09:32:12,9.6,-0.07,2823,2718678,卖盘,000626,2025-10-17 22:51:19
09:32:15,9.58,-0.02,6284,6040585,卖盘,000626,2025-10-17 22:51:19
09:32:18,9.53,-0.05,1943,1854475,卖盘,000626,2025-10-17 22:51:19
09:32:21,9.5,-0.03,1716,1632832,卖盘,000626,2025-10-17 22:51:19
09:32:24,9.45,-0.05,2159,2049872,卖盘,000626,2025-10-17 22:51:19
09:32:27,9.43,-0.02,1933,1828973,卖盘,000626,2025-10-17 22:51:19
09:32:30,9.41,-0.02,1397,1317398,卖盘,000626,2025-10-17 22:51:19
09:32:33,9.4,-0.01,2195,2068342,卖盘,000626,2025-10-17 22:51:19
09:32:36,9.42,0.02,2255,2121642,买盘,000626,2025-10-17 22:51:19
09:32:39,9.48,0.06,1944,1834940,买盘,000626,2025-10-17 22:51:19
09:32:42,9.49,0.01,2233,2115605,买盘,000626,2025-10-17 22:51:19
09:32:45,9.5,0.01,1727,1640190,买盘,000626,2025-10-17 22:51:19
09:32:48,9.52,0.02,914,870090,买盘,000626,2025-10-17 22:51:19
09:32:51,9.54,0.02,712,680065,买盘,000626,2025-10-17 22:51:19
09:32:54,9.61,0.07,540,518437,买盘,000626,2025-10-17 22:51:19
09:32:57,9.62,0.01,523,502767,买盘,000626,2025-10-17 22:51:19
09:33:00,9.69,0.07,1677,1613689,买盘,000626,2025-10-17 22:51:19
09:33:03,9.69,0.0,946,915855,买盘,000626,2025-10-17 22:51:19
09:33:06,9.7,0.01,2792,2707755,买盘,000626,2025-10-17 22:51:19
09:33:09,9.74,0.04,1552,1510187,买盘,000626,2025-10-17 22:51:19
09:33:12,9.74,0.0,1446,1408050,买盘,000626,2025-10-17 22:51:19
09:33:15,9.76,0.02,3252,3170455,买盘,000626,2025-10-17 22:51:19
09:33:18,9.76,0.0,12587,12284210,买盘,000626,2025-10-17 22:51:19
09:33:21,9.76,0.0,2082,2032032,卖盘,000626,2025-10-17 22:51:19
09:33:24,9.76,0.0,2095,2044720,卖盘,000626,2025-10-17 22:51:19
09:33:27,9.76,0.0,9972,9732672,卖盘,000626,2025-10-17 22:51:19
09:33:30,9.73,-0.03,7181,7002114,卖盘,000626,2025-10-17 22:51:19
09:33:33,9.72,-0.01,4388,4276250,卖盘,000626,2025-10-17 22:51:19
09:33:36,9.76,0.04,1404,1369365,买盘,000626,2025-10-17 22:51:19
09:33:39,9.73,-0.03,3050,2968996,卖盘,000626,2025-10-17 22:51:19
09:33:42,9.73,0.0,1354,1319099,买盘,000626,2025-10-17 22:51:19
09:33:45,9.75,0.02,1962,1913570,买盘,000626,2025-10-17 22:51:19
09:33:48,9.73,-0.02,931,907312,卖盘,000626,2025-10-17 22:51:19
09:33:51,9.76,0.03,2247,2192425,买盘,000626,2025-10-17 22:51:19
09:33:54,9.75,-0.01,1987,1936841,卖盘,000626,2025-10-17 22:51:19
09:33:57,9.75,0.0,1707,1664031,买盘,000626,2025-10-17 22:51:19
09:34:00,9.75,0.0,732,713491,买盘,000626,2025-10-17 22:51:19
09:34:03,9.75,0.0,1016,990678,买盘,000626,2025-10-17 22:51:19
09:34:06,9.76,0.01,9510,9279216,买盘,000626,2025-10-17 22:51:19
09:34:09,9.76,0.0,3291,3211557,买盘,000626,2025-10-17 22:51:19
09:34:12,9.76,0.0,765,746640,卖盘,000626,2025-10-17 22:51:19
09:34:15,9.76,0.0,372,363072,卖盘,000626,2025-10-17 22:51:19
09:34:18,9.76,0.0,988,964288,卖盘,000626,2025-10-17 22:51:19
09:34:21,9.76,0.0,331,323056,卖盘,000626,2025-10-17 22:51:19
09:34:24,9.76,0.0,669,652944,卖盘,000626,2025-10-17 22:51:19
09:34:27,9.76,0.0,340,331840,卖盘,000626,2025-10-17 22:51:19
09:34:30,9.76,0.0,529,516304,卖盘,000626,2025-10-17 22:51:19
09:34:33,9.76,0.0,916,894016,卖盘,000626,2025-10-17 22:51:19
09:34:36,9.76,0.0,245,239120,卖盘,000626,2025-10-17 22:51:19
09:34:39,9.76,0.0,10865,10604338,卖盘,000626,2025-10-17 22:51:19
09:34:42,9.76,0.0,11674,11393824,卖盘,000626,2025-10-17 22:51:19
09:34:45,9.76,0.0,4771,4656106,卖盘,000626,2025-10-17 22:51:19
09:34:48,9.76,0.0,2393,2335568,卖盘,000626,2025-10-17 22:51:19
09:34:51,9.76,0.0,2214,2160864,卖盘,000626,2025-10-17 22:51:19
09:34:54,9.76,0.0,974,950624,卖盘,000626,2025-10-17 22:51:19
09:34:57,9.76,0.0,2369,2312144,卖盘,000626,2025-10-17 22:51:19
09:35:00,9.75,-0.01,3266,3186377,卖盘,000626,2025-10-17 22:51:19
09:35:03,9.76,0.01,339,330511,买盘,000626,2025-10-17 22:51:19
09:35:06,9.76,0.0,794,774553,买盘,000626,2025-10-17 22:51:19
09:35:09,9.76,0.0,1891,1843137,买盘,000626,2025-10-17 22:51:19
09:35:12,9.76,0.0,980,956192,买盘,000626,2025-10-17 22:51:19
09:35:15,9.76,0.0,827,807152,卖盘,000626,2025-10-17 22:51:19
09:35:18,9.76,0.0,186,181536,卖盘,000626,2025-10-17 22:51:19
09:35:21,9.76,0.0,517,504592,卖盘,000626,2025-10-17 22:51:19
09:35:24,9.76,0.0,1440,1405440,卖盘,000626,2025-10-17 22:51:19
09:35:27,9.76,0.0,284,277184,卖盘,000626,2025-10-17 22:51:19
09:35:30,9.76,0.0,20,19520,卖盘,000626,2025-10-17 22:51:19
09:35:33,9.76,0.0,116,113216,卖盘,000626,2025-10-17 22:51:19
09:35:36,9.76,0.0,205,200080,卖盘,000626,2025-10-17 22:51:19
09:35:39,9.76,0.0,35,34160,卖盘,000626,2025-10-17 22:51:19
09:35:42,9.76,0.0,1546,1508896,卖盘,000626,2025-10-17 22:51:19
09:35:45,9.76,0.0,45,43920,卖盘,000626,2025-10-17 22:51:19
09:35:48,9.76,0.0,28,27328,卖盘,000626,2025-10-17 22:51:19
09:35:51,9.76,0.0,240,234240,卖盘,000626,2025-10-17 22:51:19
09:35:54,9.76,0.0,45,43920,卖盘,000626,2025-10-17 22:51:19
09:35:57,9.76,0.0,18,17568,卖盘,000626,2025-10-17 22:51:19
09:36:00,9.76,0.0,54,52704,卖盘,000626,2025-10-17 22:51:19
09:36:03,9.76,0.0,11,10736,卖盘,000626,2025-10-17 22:51:19
09:36:06,9.76,0.0,5,4880,卖盘,000626,2025-10-17 22:51:19
09:36:09,9.76,0.0,4,3904,卖盘,000626,2025-10-17 22:51:19
09:36:12,9.76,0.0,29,28304,卖盘,000626,2025-10-17 22:51:19
09:36:18,9.76,0.0,18,17568,卖盘,000626,2025-10-17 22:51:19
09:36:21,9.76,0.0,64,62464,卖盘,000626,2025-10-17 22:51:19
09:36:24,9.76,0.0,11,10736,卖盘,000626,2025-10-17 22:51:19
09:36:27,9.76,0.0,28,27328,卖盘,000626,2025-10-17 22:51:19
09:36:30,9.76,0.0,12,11712,卖盘,000626,2025-10-17 22:51:19
09:36:33,9.76,0.0,1,976,卖盘,000626,2025-10-17 22:51:19
09:36:36,9.76,0.0,296,288896,卖盘,000626,2025-10-17 22:51:19
09:36:42,9.76,0.0,5,4880,卖盘,000626,2025-10-17 22:51:19
09:36:45,9.76,0.0,133,129808,卖盘,000626,2025-10-17 22:51:19
09:36:48,9.76,0.0,66,64416,卖盘,000626,2025-10-17 22:51:19
09:36:51,9.76,0.0,28,27328,卖盘,000626,2025-10-17 22:51:19
09:36:57,9.76,0.0,5,4880,卖盘,000626,2025-10-17 22:51:19
09:37:00,9.76,0.0,14,13664,卖盘,000626,2025-10-17 22:51:19
09:37:03,9.76,0.0,15,14640,卖盘,000626,2025-10-17 22:51:19
09:37:09,9.76,0.0,1,976,卖盘,000626,2025-10-17 22:51:19
09:37:12,9.76,0.0,15,14640,卖盘,000626,2025-10-17 22:51:19
09:37:15,9.76,0.0,49,47824,卖盘,000626,2025-10-17 22:51:19
09:37:18,9.76,0.0,6,5856,卖盘,000626,2025-10-17 22:51:19
09:37:21,9.76,0.0,60,58560,卖盘,000626,2025-10-17 22:51:19
09:37:27,9.76,0.0,7,6832,卖盘,000626,2025-10-17 22:51:19
09:37:30,9.76,0.0,20,19520,卖盘,000626,2025-10-17 22:51:19
09:37:36,9.76,0.0,51,49776,卖盘,000626,2025-10-17 22:51:19
09:37:39,9.76,0.0,1,976,卖盘,000626,2025-10-17 22:51:19
09:37:42,9.76,0.0,5,4880,卖盘,000626,2025-10-17 22:51:19
09:37:45,9.76,0.0,76,74176,卖盘,000626,2025-10-17 22:51:19
09:37:48,9.76,0.0,118,115168,卖盘,000626,2025-10-17 22:51:19
09:37:51,9.76,0.0,38,37088,卖盘,000626,2025-10-17 22:51:19
09:37:54,9.76,0.0,5,4880,卖盘,000626,2025-10-17 22:51:19
09:37:57,9.76,0.0,16,15616,卖盘,000626,2025-10-17 22:51:19
09:38:00,9.76,0.0,3,2928,卖盘,000626,2025-10-17 22:51:19
09:38:03,9.76,0.0,143,139568,卖盘,000626,2025-10-17 22:51:19
09:38:06,9.76,0.0,5,4880,卖盘,000626,2025-10-17 22:51:19
09:38:12,9.76,0.0,16,15616,卖盘,000626,2025-10-17 22:51:19
09:38:15,9.76,0.0,10,9760,卖盘,000626,2025-10-17 22:51:19
09:38:18,9.76,0.0,28,27328,卖盘,000626,2025-10-17 22:51:19
09:38:21,9.76,0.0,22,21472,卖盘,000626,2025-10-17 22:51:19
09:38:24,9.76,0.0,34,33184,卖盘,000626,2025-10-17 22:51:19
09:38:27,9.76,0.0,52,50752,卖盘,000626,2025-10-17 22:51:19
09:38:30,9.76,0.0,12,11712,卖盘,000626,2025-10-17 22:51:19
09:38:33,9.76,0.0,6,5856,卖盘,000626,2025-10-17 22:51:19
09:38:36,9.76,0.0,500,488000,卖盘,000626,2025-10-17 22:51:19
09:38:42,9.76,0.0,1,976,卖盘,000626,2025-10-17 22:51:19
09:38:45,9.76,0.0,510,497760,卖盘,000626,2025-10-17 22:51:19
09:38:48,9.76,0.0,3,2928,卖盘,000626,2025-10-17 22:51:19
09:38:51,9.76,0.0,1,976,卖盘,000626,2025-10-17 22:51:19
09:38:54,9.76,0.0,3,2928,卖盘,000626,2025-10-17 22:51:19
09:39:00,9.76,0.0,39,38064,卖盘,000626,2025-10-17 22:51:19
09:39:03,9.76,0.0,5,4880,卖盘,000626,2025-10-17 22:51:19
09:39:15,9.76,0.0,79,77104,卖盘,000626,2025-10-17 22:51:19
09:39:18,9.76,0.0,6,5856,卖盘,000626,2025-10-17 22:51:19
09:39:24,9.76,0.0,44,42944,卖盘,000626,2025-10-17 22:51:19
09:39:27,9.76,0.0,1030,1005280,卖盘,000626,2025-10-17 22:51:19
09:39:30,9.76,0.0,3,2928,卖盘,000626,2025-10-17 22:51:19
09:39:33,9.76,0.0,104,101504,卖盘,000626,2025-10-17 22:51:19
09:39:36,9.76,0.0,67,65392,卖盘,000626,2025-10-17 22:51:19
09:39:39,9.76,0.0,71,69296,卖盘,000626,2025-10-17 22:51:19
09:39:42,9.76,0.0,59,57584,卖盘,000626,2025-10-17 22:51:19
09:39:48,9.76,0.0,3,2928,卖盘,000626,2025-10-17 22:51:19
09:39:51,9.76,0.0,19,18544,卖盘,000626,2025-10-17 22:51:19
09:39:54,9.76,0.0,39,38064,卖盘,000626,2025-10-17 22:51:19
09:39:57,9.76,0.0,19,18544,卖盘,000626,2025-10-17 22:51:19
09:40:03,9.76,0.0,2,1952,卖盘,000626,2025-10-17 22:51:19
09:40:06,9.76,0.0,18,17568,卖盘,000626,2025-10-17 22:51:19
09:40:09,9.76,0.0,6,5856,卖盘,000626,2025-10-17 22:51:19
09:40:12,9.76,0.0,7,6832,卖盘,000626,2025-10-17 22:51:19
09:40:15,9.76,0.0,15,14640,卖盘,000626,2025-10-17 22:51:19
09:40:18,9.76,0.0,20,19520,卖盘,000626,2025-10-17 22:51:19
09:40:21,9.76,0.0,1,976,卖盘,000626,2025-10-17 22:51:19
09:40:24,9.76,0.0,25,24400,卖盘,000626,2025-10-17 22:51:19
09:40:27,9.76,0.0,289,282064,卖盘,000626,2025-10-17 22:51:19
09:40:33,9.76,0.0,3,2928,卖盘,000626,2025-10-17 22:51:19
09:40:36,9.76,0.0,77,75152,卖盘,000626,2025-10-17 22:51:19
09:40:39,9.76,0.0,23,22448,卖盘,000626,2025-10-17 22:51:19
09:40:42,9.76,0.0,5,4880,卖盘,000626,2025-10-17 22:51:19
09:40:45,9.76,0.0,1,976,卖盘,000626,2025-10-17 22:51:19
09:40:51,9.76,0.0,45,43920,卖盘,000626,2025-10-17 22:51:19
09:40:54,9.76,0.0,1,976,卖盘,000626,2025-10-17 22:51:19
09:40:57,9.76,0.0,11,10736,卖盘,000626,2025-10-17 22:51:19
09:41:00,9.76,0.0,2,1952,卖盘,000626,2025-10-17 22:51:19
09:41:03,9.76,0.0,50,48800,卖盘,000626,2025-10-17 22:51:19
09:41:06,9.76,0.0,29,28304,卖盘,000626,2025-10-17 22:51:19
09:41:12,9.76,0.0,100,97600,卖盘,000626,2025-10-17 22:51:19
09:41:18,9.76,0.0,21,20496,卖盘,000626,2025-10-17 22:51:19
09:41:21,9.76,0.0,38,37088,卖盘,000626,2025-10-17 22:51:19
09:41:24,9.76,0.0,3,2928,卖盘,000626,2025-10-17 22:51:19
09:41:27,9.76,0.0,10,9760,卖盘,000626,2025-10-17 22:51:19
09:41:33,9.76,0.0,10,9760,卖盘,000626,2025-10-17 22:51:19
09:41:36,9.76,0.0,4,3904,卖盘,000626,2025-10-17 22:51:19
09:41:42,9.76,0.0,4,3904,卖盘,000626,2025-10-17 22:51:19
09:41:45,9.76,0.0,4,3904,卖盘,000626,2025-10-17 22:51:19
09:41:48,9.76,0.0,10,9760,卖盘,000626,2025-10-17 22:51:19
09:41:51,9.76,0.0,4,3904,卖盘,000626,2025-10-17 22:51:19
09:41:54,9.76,0.0,54,52704,卖盘,000626,2025-10-17 22:51:19
09:41:57,9.76,0.0,70,68320,卖盘,000626,2025-10-17 22:51:19
09:42:00,9.76,0.0,27,26352,卖盘,000626,2025-10-17 22:51:19
09:42:03,9.76,0.0,1,976,卖盘,000626,2025-10-17 22:51:19
09:42:09,9.76,0.0,4,3904,卖盘,000626,2025-10-17 22:51:19
09:42:12,9.76,0.0,1,976,卖盘,000626,2025-10-17 22:51:19
09:42:15,9.76,0.0,10,9760,卖盘,000626,2025-10-17 22:51:19
09:42:21,9.76,0.0,6,5856,卖盘,000626,2025-10-17 22:51:19
09:42:24,9.76,0.0,7,6832,卖盘,000626,2025-10-17 22:51:19
09:42:27,9.76,0.0,1305,1273680,卖盘,000626,2025-10-17 22:51:19
09:42:30,9.76,0.0,10,9760,卖盘,000626,2025-10-17 22:51:19
09:42:33,9.76,0.0,2,1952,卖盘,000626,2025-10-17 22:51:19
09:42:36,9.76,0.0,24,23424,卖盘,000626,2025-10-17 22:51:19
09:42:39,9.76,0.0,67,65392,卖盘,000626,2025-10-17 22:51:19
09:42:42,9.76,0.0,200,195200,卖盘,000626,2025-10-17 22:51:19
09:42:45,9.76,0.0,5,4880,卖盘,000626,2025-10-17 22:51:19
09:42:54,9.76,0.0,4,3904,卖盘,000626,2025-10-17 22:51:19
09:43:03,9.76,0.0,3,2928,卖盘,000626,2025-10-17 22:51:19
09:43:09,9.76,0.0,19,18544,卖盘,000626,2025-10-17 22:51:19
09:43:12,9.76,0.0,15,14640,卖盘,000626,2025-10-17 22:51:19
09:43:15,9.76,0.0,3,2928,卖盘,000626,2025-10-17 22:51:19
09:43:18,9.76,0.0,29,28304,卖盘,000626,2025-10-17 22:51:19
09:43:21,9.76,0.0,10,9760,卖盘,000626,2025-10-17 22:51:19
09:43:27,9.76,0.0,28,27328,卖盘,000626,2025-10-17 22:51:19
09:43:30,9.76,0.0,5,4880,卖盘,000626,2025-10-17 22:51:19
09:43:33,9.76,0.0,1,976,卖盘,000626,2025-10-17 22:51:19
09:43:36,9.76,0.0,26,25376,卖盘,000626,2025-10-17 22:51:19
09:43:42,9.76,0.0,40,39040,卖盘,000626,2025-10-17 22:51:19
09:43:48,9.76,0.0,7,6832,卖盘,000626,2025-10-17 22:51:19
09:43:51,9.76,0.0,7,6832,卖盘,000626,2025-10-17 22:51:19
09:43:57,9.76,0.0,20,19520,卖盘,000626,2025-10-17 22:51:19
09:44:00,9.76,0.0,11,10736,卖盘,000626,2025-10-17 22:51:19
09:44:09,9.76,0.0,54,52704,卖盘,000626,2025-10-17 22:51:19
09:44:12,9.76,0.0,9,8784,卖盘,000626,2025-10-17 22:51:19
09:44:15,9.76,0.0,1,976,卖盘,000626,2025-10-17 22:51:19
09:44:21,9.76,0.0,11,10736,卖盘,000626,2025-10-17 22:51:19
09:44:24,9.76,0.0,10,9760,卖盘,000626,2025-10-17 22:51:19
09:44:30,9.76,0.0,5,4880,卖盘,000626,2025-10-17 22:51:19
09:44:33,9.76,0.0,278,271328,卖盘,000626,2025-10-17 22:51:19
09:44:36,9.76,0.0,1,976,卖盘,000626,2025-10-17 22:51:19
09:44:39,9.76,0.0,9,8784,卖盘,000626,2025-10-17 22:51:19
09:44:42,9.76,0.0,4,3904,卖盘,000626,2025-10-17 22:51:19
09:44:45,9.76,0.0,118,115168,卖盘,000626,2025-10-17 22:51:19
09:44:48,9.76,0.0,5,4880,卖盘,000626,2025-10-17 22:51:19
09:44:51,9.76,0.0,12,11712,卖盘,000626,2025-10-17 22:51:19
09:44:54,9.76,0.0,1,976,卖盘,000626,2025-10-17 22:51:19
09:44:57,9.76,0.0,3,2928,卖盘,000626,2025-10-17 22:51:19
09:45:00,9.76,0.0,100,97600,卖盘,000626,2025-10-17 22:51:19
09:45:06,9.76,0.0,4,3904,卖盘,000626,2025-10-17 22:51:19
09:45:09,9.76,0.0,3,2928,卖盘,000626,2025-10-17 22:51:19
09:45:15,9.76,0.0,2,1952,卖盘,000626,2025-10-17 22:51:19
09:45:18,9.76,0.0,96,93696,卖盘,000626,2025-10-17 22:51:19
09:45:21,9.76,0.0,57,55632,卖盘,000626,2025-10-17 22:51:19
09:45:24,9.76,0.0,23,22448,卖盘,000626,2025-10-17 22:51:19
09:45:27,9.76,0.0,19,18544,卖盘,000626,2025-10-17 22:51:19
09:45:30,9.76,0.0,4,3904,卖盘,000626,2025-10-17 22:51:19
09:45:33,9.76,0.0,18,17568,卖盘,000626,2025-10-17 22:51:19
09:45:36,9.76,0.0,1,976,卖盘,000626,2025-10-17 22:51:19
09:45:39,9.76,0.0,5,4880,卖盘,000626,2025-10-17 22:51:19
09:45:42,9.76,0.0,4,3904,卖盘,000626,2025-10-17 22:51:19
09:45:45,9.76,0.0,5,4880,卖盘,000626,2025-10-17 22:51:19
09:45:57,9.76,0.0,2,1952,卖盘,000626,2025-10-17 22:51:19
09:46:00,9.76,0.0,7,6832,卖盘,000626,2025-10-17 22:51:19
09:46:06,9.76,0.0,2,1952,卖盘,000626,2025-10-17 22:51:19
09:46:21,9.76,0.0,10,9760,卖盘,000626,2025-10-17 22:51:19
09:46:24,9.76,0.0,8,7808,卖盘,000626,2025-10-17 22:51:19
09:46:27,9.76,0.0,4,3904,卖盘,000626,2025-10-17 22:51:19
09:46:30,9.76,0.0,13,12688,卖盘,000626,2025-10-17 22:51:19
09:46:36,9.76,0.0,7,6832,卖盘,000626,2025-10-17 22:51:19
09:46:39,9.76,0.0,125,122000,卖盘,000626,2025-10-17 22:51:19
09:46:45,9.76,0.0,12,11712,卖盘,000626,2025-10-17 22:51:19
09:46:51,9.76,0.0,1,976,卖盘,000626,2025-10-17 22:51:19
09:46:57,9.76,0.0,3,2928,卖盘,000626,2025-10-17 22:51:19
09:47:03,9.76,0.0,54,52704,卖盘,000626,2025-10-17 22:51:19
09:47:06,9.76,0.0,6,5856,卖盘,000626,2025-10-17 22:51:19
09:47:09,9.76,0.0,1,976,卖盘,000626,2025-10-17 22:51:19
09:47:12,9.76,0.0,1,976,卖盘,000626,2025-10-17 22:51:19
09:47:18,9.76,0.0,100,97600,卖盘,000626,2025-10-17 22:51:19
09:47:21,9.76,0.0,10,9760,卖盘,000626,2025-10-17 22:51:19
09:47:24,9.76,0.0,31,30256,卖盘,000626,2025-10-17 22:51:19
09:47:39,9.76,0.0,4,3904,卖盘,000626,2025-10-17 22:51:19
09:47:45,9.76,0.0,5,4880,卖盘,000626,2025-10-17 22:51:19
09:47:48,9.76,0.0,21,20496,卖盘,000626,2025-10-17 22:51:19
09:47:51,9.76,0.0,23,22448,卖盘,000626,2025-10-17 22:51:19
09:47:57,9.76,0.0,10,9760,卖盘,000626,2025-10-17 22:51:19
09:48:00,9.76,0.0,5,4880,卖盘,000626,2025-10-17 22:51:19
09:48:03,9.76,0.0,20,19520,卖盘,000626,2025-10-17 22:51:19
09:48:09,9.76,0.0,50,48800,卖盘,000626,2025-10-17 22:51:19
09:48:12,9.76,0.0,1,976,卖盘,000626,2025-10-17 22:51:19
09:48:21,9.76,0.0,132,128832,卖盘,000626,2025-10-17 22:51:19
09:48:24,9.76,0.0,100,97600,卖盘,000626,2025-10-17 22:51:19
09:48:27,9.76,0.0,61,59536,卖盘,000626,2025-10-17 22:51:19
09:48:30,9.76,0.0,5,4880,卖盘,000626,2025-10-17 22:51:19
09:48:36,9.76,0.0,955,932080,卖盘,000626,2025-10-17 22:51:19
09:48:42,9.76,0.0,125,122000,卖盘,000626,2025-10-17 22:51:19
09:48:45,9.76,0.0,14,13664,卖盘,000626,2025-10-17 22:51:19
09:48:51,9.76,0.0,1,976,卖盘,000626,2025-10-17 22:51:19
09:48:54,9.76,0.0,32,31232,卖盘,000626,2025-10-17 22:51:19
09:48:57,9.76,0.0,20,19520,卖盘,000626,2025-10-17 22:51:19
09:49:06,9.76,0.0,28,27328,卖盘,000626,2025-10-17 22:51:19
09:49:09,9.76,0.0,7,6832,卖盘,000626,2025-10-17 22:51:19
09:49:15,9.76,0.0,22,21472,卖盘,000626,2025-10-17 22:51:19
09:49:18,9.76,0.0,10,9760,卖盘,000626,2025-10-17 22:51:19
09:49:24,9.76,0.0,61,59536,卖盘,000626,2025-10-17 22:51:19
09:49:27,9.76,0.0,5,4880,卖盘,000626,2025-10-17 22:51:19
09:49:33,9.76,0.0,14,13664,卖盘,000626,2025-10-17 22:51:19
09:49:36,9.76,0.0,1,976,卖盘,000626,2025-10-17 22:51:19
09:49:39,9.76,0.0,25,24400,卖盘,000626,2025-10-17 22:51:19
09:50:06,9.76,0.0,15,14640,卖盘,000626,2025-10-17 22:51:19
09:50:15,9.76,0.0,8,7808,卖盘,000626,2025-10-17 22:51:19
09:50:18,9.76,0.0,1,976,卖盘,000626,2025-10-17 22:51:19
09:50:21,9.76,0.0,10,9760,卖盘,000626,2025-10-17 22:51:19
09:50:27,9.76,0.0,30,29280,卖盘,000626,2025-10-17 22:51:19
09:50:30,9.76,0.0,5,4880,卖盘,000626,2025-10-17 22:51:19
09:50:39,9.76,0.0,3,2928,卖盘,000626,2025-10-17 22:51:19
09:50:45,9.76,0.0,3,2928,卖盘,000626,2025-10-17 22:51:19
09:51:06,9.76,0.0,30,29280,卖盘,000626,2025-10-17 22:51:19
09:51:09,9.76,0.0,239,233264,卖盘,000626,2025-10-17 22:51:19
09:51:12,9.76,0.0,34,33184,卖盘,000626,2025-10-17 22:51:19
09:51:21,9.76,0.0,1,976,卖盘,000626,2025-10-17 22:51:19
09:51:27,9.76,0.0,274,267424,卖盘,000626,2025-10-17 22:51:19
09:51:30,9.76,0.0,1,976,卖盘,000626,2025-10-17 22:51:19
09:51:36,9.76,0.0,9,8784,卖盘,000626,2025-10-17 22:51:19
09:51:39,9.76,0.0,2,1952,卖盘,000626,2025-10-17 22:51:19
09:51:45,9.76,0.0,16,15616,卖盘,000626,2025-10-17 22:51:19
09:52:00,9.76,0.0,1,976,卖盘,000626,2025-10-17 22:51:19
09:52:03,9.76,0.0,2,1952,卖盘,000626,2025-10-17 22:51:19
09:52:12,9.76,0.0,10,9760,卖盘,000626,2025-10-17 22:51:19
09:52:21,9.76,0.0,17,16592,卖盘,000626,2025-10-17 22:51:19
09:52:33,9.76,0.0,2,1952,卖盘,000626,2025-10-17 22:51:19
09:52:39,9.76,0.0,9,8784,卖盘,000626,2025-10-17 22:51:19
09:52:42,9.76,0.0,71,69296,卖盘,000626,2025-10-17 22:51:19
09:52:51,9.76,0.0,62,60512,卖盘,000626,2025-10-17 22:51:19
09:52:54,9.76,0.0,5,4880,卖盘,000626,2025-10-17 22:51:19
09:52:57,9.76,0.0,1,976,卖盘,000626,2025-10-17 22:51:19
09:53:09,9.76,0.0,2,1952,卖盘,000626,2025-10-17 22:51:19
09:53:12,9.76,0.0,10,9760,卖盘,000626,2025-10-17 22:51:19
09:53:15,9.76,0.0,74,72224,卖盘,000626,2025-10-17 22:51:19
09:53:24,9.76,0.0,151,147376,卖盘,000626,2025-10-17 22:51:19
09:53:33,9.76,0.0,119,116144,卖盘,000626,2025-10-17 22:51:19
09:53:36,9.76,0.0,21,20496,卖盘,000626,2025-10-17 22:51:19
09:53:45,9.76,0.0,1,976,卖盘,000626,2025-10-17 22:51:19
09:53:48,9.76,0.0,9,8784,卖盘,000626,2025-10-17 22:51:19
09:53:54,9.76,0.0,3,2928,卖盘,000626,2025-10-17 22:51:19
09:54:00,9.76,0.0,48,46848,卖盘,000626,2025-10-17 22:51:19
09:54:03,9.76,0.0,31,30256,卖盘,000626,2025-10-17 22:51:19
09:54:06,9.76,0.0,4,3904,卖盘,000626,2025-10-17 22:51:19
09:54:12,9.76,0.0,65,63440,卖盘,000626,2025-10-17 22:51:19
09:54:15,9.76,0.0,50,48800,卖盘,000626,2025-10-17 22:51:19
09:54:18,9.76,0.0,1,976,卖盘,000626,2025-10-17 22:51:19
09:54:21,9.76,0.0,10,9760,卖盘,000626,2025-10-17 22:51:19
09:54:30,9.76,0.0,6,5856,卖盘,000626,2025-10-17 22:51:19
09:54:39,9.76,0.0,5,4880,卖盘,000626,2025-10-17 22:51:19
09:54:45,9.76,0.0,34,33184,卖盘,000626,2025-10-17 22:51:19
09:54:57,9.76,0.0,30,29280,卖盘,000626,2025-10-17 22:51:19
09:55:00,9.76,0.0,3,2928,卖盘,000626,2025-10-17 22:51:19
09:55:18,9.76,0.0,15,14640,卖盘,000626,2025-10-17 22:51:19
09:55:27,9.76,0.0,1,976,卖盘,000626,2025-10-17 22:51:19
09:55:30,9.76,0.0,10,9760,卖盘,000626,2025-10-17 22:51:19
09:55:36,9.76,0.0,6,5856,卖盘,000626,2025-10-17 22:51:19
09:55:54,9.76,0.0,8,7808,卖盘,000626,2025-10-17 22:51:19
09:56:06,9.76,0.0,50,48800,卖盘,000626,2025-10-17 22:51:19
09:56:12,9.76,0.0,14,13664,卖盘,000626,2025-10-17 22:51:19
09:56:24,9.76,0.0,26,25376,卖盘,000626,2025-10-17 22:51:19
09:56:33,9.76,0.0,7,6832,卖盘,000626,2025-10-17 22:51:19
09:56:36,9.76,0.0,22,21472,卖盘,000626,2025-10-17 22:51:19
09:56:39,9.76,0.0,10,9760,卖盘,000626,2025-10-17 22:51:19
09:56:45,9.76,0.0,1,976,卖盘,000626,2025-10-17 22:51:19
09:56:48,9.76,0.0,7,6832,卖盘,000626,2025-10-17 22:51:19
09:56:54,9.76,0.0,2,1952,卖盘,000626,2025-10-17 22:51:19
09:57:00,9.76,0.0,1,976,卖盘,000626,2025-10-17 22:51:19
09:57:06,9.76,0.0,15,14640,卖盘,000626,2025-10-17 22:51:19
09:57:09,9.76,0.0,30,29280,卖盘,000626,2025-10-17 22:51:19
09:57:21,9.76,0.0,5,4880,卖盘,000626,2025-10-17 22:51:19
09:57:36,9.76,0.0,50,48800,卖盘,000626,2025-10-17 22:51:19
09:57:39,9.76,0.0,40,39040,卖盘,000626,2025-10-17 22:51:19
09:57:42,9.76,0.0,37,36112,卖盘,000626,2025-10-17 22:51:19
09:58:00,9.76,0.0,21,20496,卖盘,000626,2025-10-17 22:51:19
09:58:03,9.76,0.0,5,4880,卖盘,000626,2025-10-17 22:51:19
09:58:33,9.76,0.0,3,2928,卖盘,000626,2025-10-17 22:51:19
09:58:36,9.76,0.0,1,976,卖盘,000626,2025-10-17 22:51:19
09:58:39,9.76,0.0,3,2928,卖盘,000626,2025-10-17 22:51:19
09:58:42,9.76,0.0,1,976,卖盘,000626,2025-10-17 22:51:19
09:58:51,9.76,0.0,4,3904,卖盘,000626,2025-10-17 22:51:19
09:59:09,9.76,0.0,1,976,卖盘,000626,2025-10-17 22:51:19
09:59:12,9.76,0.0,3,2928,卖盘,000626,2025-10-17 22:51:19
09:59:21,9.76,0.0,17,16592,卖盘,000626,2025-10-17 22:51:19
09:59:24,9.76,0.0,113,110288,卖盘,000626,2025-10-17 22:51:19
09:59:30,9.76,0.0,1,976,卖盘,000626,2025-10-17 22:51:19
09:59:42,9.76,0.0,11,10736,卖盘,000626,2025-10-17 22:51:19
09:59:45,9.76,0.0,1,976,卖盘,000626,2025-10-17 22:51:19
09:59:48,9.76,0.0,7,6832,卖盘,000626,2025-10-17 22:51:19
09:59:54,9.76,0.0,20,19520,卖盘,000626,2025-10-17 22:51:19
09:59:57,9.76,0.0,1,976,卖盘,000626,2025-10-17 22:51:19
10:00:03,9.76,0.0,29,28304,卖盘,000626,2025-10-17 22:51:19
10:00:06,9.76,0.0,2,1952,卖盘,000626,2025-10-17 22:51:19
10:00:27,9.76,0.0,3,2928,卖盘,000626,2025-10-17 22:51:19
10:00:33,9.76,0.0,25,24400,卖盘,000626,2025-10-17 22:51:19
10:00:39,9.76,0.0,3,2928,卖盘,000626,2025-10-17 22:51:19
10:00:42,9.76,0.0,81,79056,卖盘,000626,2025-10-17 22:51:19
10:00:45,9.76,0.0,7,6832,卖盘,000626,2025-10-17 22:51:19
10:00:54,9.76,0.0,1,976,卖盘,000626,2025-10-17 22:51:19
10:01:06,9.76,0.0,17,16592,卖盘,000626,2025-10-17 22:51:19
10:01:12,9.76,0.0,22,21472,卖盘,000626,2025-10-17 22:51:19
10:01:21,9.76,0.0,1,976,卖盘,000626,2025-10-17 22:51:19
10:01:24,9.76,0.0,1,976,卖盘,000626,2025-10-17 22:51:19
10:01:30,9.76,0.0,7,6832,卖盘,000626,2025-10-17 22:51:19
10:01:45,9.76,0.0,4,3904,卖盘,000626,2025-10-17 22:51:19
10:01:57,9.76,0.0,3,2928,卖盘,000626,2025-10-17 22:51:19
10:02:00,9.76,0.0,13,12688,卖盘,000626,2025-10-17 22:51:19
10:02:03,9.76,0.0,11,10736,卖盘,000626,2025-10-17 22:51:19
10:02:12,9.76,0.0,4,3904,卖盘,000626,2025-10-17 22:51:19
10:02:18,9.76,0.0,23,22448,卖盘,000626,2025-10-17 22:51:19
10:02:30,9.76,0.0,15,14640,卖盘,000626,2025-10-17 22:51:19
10:02:33,9.76,0.0,17,16592,卖盘,000626,2025-10-17 22:51:19
10:02:39,9.76,0.0,50,48800,卖盘,000626,2025-10-17 22:51:19
10:02:45,9.76,0.0,15,14640,卖盘,000626,2025-10-17 22:51:19
10:02:51,9.76,0.0,20,19520,卖盘,000626,2025-10-17 22:51:19
10:02:57,9.76,0.0,11,10736,卖盘,000626,2025-10-17 22:51:19
10:03:24,9.76,0.0,1,976,卖盘,000626,2025-10-17 22:51:19
10:03:30,9.76,0.0,21,20496,卖盘,000626,2025-10-17 22:51:19
10:03:33,9.76,0.0,3,2928,卖盘,000626,2025-10-17 22:51:19
10:03:42,9.76,0.0,6,5856,卖盘,000626,2025-10-17 22:51:19
10:04:12,9.76,0.0,4,3904,卖盘,000626,2025-10-17 22:51:19
10:04:36,9.76,0.0,3,2928,卖盘,000626,2025-10-17 22:51:19
10:04:45,9.76,0.0,1102,1075552,卖盘,000626,2025-10-17 22:51:19
10:04:54,9.76,0.0,1,976,卖盘,000626,2025-10-17 22:51:19
10:05:00,9.76,0.0,5,4880,卖盘,000626,2025-10-17 22:51:19
10:05:03,9.76,0.0,5,4880,卖盘,000626,2025-10-17 22:51:19
10:05:06,9.76,0.0,2,1952,卖盘,000626,2025-10-17 22:51:19
10:05:12,9.76,0.0,3,2928,卖盘,000626,2025-10-17 22:51:19
10:05:39,9.76,0.0,10,9760,卖盘,000626,2025-10-17 22:51:19
10:05:42,9.76,0.0,152,148352,卖盘,000626,2025-10-17 22:51:19
10:05:45,9.76,0.0,2,1952,卖盘,000626,2025-10-17 22:51:19
10:05:48,9.76,0.0,6,5856,卖盘,000626,2025-10-17 22:51:19
10:05:51,9.76,0.0,13,12688,卖盘,000626,2025-10-17 22:51:19
10:06:21,9.76,0.0,10,9760,卖盘,000626,2025-10-17 22:51:19
10:06:24,9.76,0.0,22,21472,卖盘,000626,2025-10-17 22:51:19
10:06:39,9.76,0.0,13,12688,卖盘,000626,2025-10-17 22:51:19
10:06:51,9.76,0.0,3,2928,卖盘,000626,2025-10-17 22:51:19
10:06:54,9.76,0.0,5,4880,卖盘,000626,2025-10-17 22:51:19
10:07:00,9.76,0.0,300,292800,卖盘,000626,2025-10-17 22:51:19
10:07:06,9.76,0.0,10,9760,卖盘,000626,2025-10-17 22:51:19
10:07:18,9.76,0.0,1,976,卖盘,000626,2025-10-17 22:51:19
10:07:24,9.76,0.0,1,976,卖盘,000626,2025-10-17 22:51:19
10:07:36,9.76,0.0,3,2928,卖盘,000626,2025-10-17 22:51:19
10:07:51,9.76,0.0,2,1952,卖盘,000626,2025-10-17 22:51:19
10:08:03,9.76,0.0,10,9760,卖盘,000626,2025-10-17 22:51:19
10:08:24,9.76,0.0,1,976,卖盘,000626,2025-10-17 22:51:19
10:08:30,9.76,0.0,15,14640,卖盘,000626,2025-10-17 22:51:19
10:08:33,9.76,0.0,30,29280,卖盘,000626,2025-10-17 22:51:19
10:08:39,9.76,0.0,65,63440,卖盘,000626,2025-10-17 22:51:19
10:08:45,9.76,0.0,10,9760,卖盘,000626,2025-10-17 22:51:19
10:08:51,9.76,0.0,1,976,卖盘,000626,2025-10-17 22:51:19
10:08:54,9.76,0.0,54,52704,卖盘,000626,2025-10-17 22:51:19
10:08:57,9.76,0.0,7,6832,卖盘,000626,2025-10-17 22:51:19
10:09:18,9.76,0.0,1,976,卖盘,000626,2025-10-17 22:51:19
10:09:27,9.76,0.0,1,976,卖盘,000626,2025-10-17 22:51:19
10:09:36,9.76,0.0,41,40016,卖盘,000626,2025-10-17 22:51:19
10:10:03,9.76,0.0,6,5856,卖盘,000626,2025-10-17 22:51:19
10:10:09,9.76,0.0,1,976,卖盘,000626,2025-10-17 22:51:19
10:10:12,9.76,0.0,5,4880,卖盘,000626,2025-10-17 22:51:19
10:10:15,9.76,0.0,1,976,卖盘,000626,2025-10-17 22:51:19
10:10:21,9.76,0.0,1,976,卖盘,000626,2025-10-17 22:51:19
10:10:24,9.76,0.0,14,13664,卖盘,000626,2025-10-17 22:51:19
10:10:33,9.76,0.0,6,5856,卖盘,000626,2025-10-17 22:51:19
10:10:36,9.76,0.0,87,84912,卖盘,000626,2025-10-17 22:51:19
10:10:48,9.76,0.0,5,4880,卖盘,000626,2025-10-17 22:51:19
10:10:54,9.76,0.0,1,976,卖盘,000626,2025-10-17 22:51:19
10:10:57,9.76,0.0,10,9760,卖盘,000626,2025-10-17 22:51:19
10:11:06,9.76,0.0,10,9760,卖盘,000626,2025-10-17 22:51:19
10:11:24,9.76,0.0,1,976,卖盘,000626,2025-10-17 22:51:19
10:11:39,9.76,0.0,2,1952,卖盘,000626,2025-10-17 22:51:19
10:11:42,9.76,0.0,70,68320,卖盘,000626,2025-10-17 22:51:19
10:11:45,9.76,0.0,20,19520,卖盘,000626,2025-10-17 22:51:19
10:11:54,9.76,0.0,50,48800,卖盘,000626,2025-10-17 22:51:19
10:11:57,9.76,0.0,6,5856,卖盘,000626,2025-10-17 22:51:19
10:12:03,9.76,0.0,9,8784,卖盘,000626,2025-10-17 22:51:19
10:12:09,9.76,0.0,10,9760,卖盘,000626,2025-10-17 22:51:19
10:12:33,9.76,0.0,9,8784,卖盘,000626,2025-10-17 22:51:19
10:12:36,9.76,0.0,5,4880,卖盘,000626,2025-10-17 22:51:19
10:12:51,9.76,0.0,12,11712,卖盘,000626,2025-10-17 22:51:19
10:12:54,9.76,0.0,1,976,卖盘,000626,2025-10-17 22:51:19
10:13:15,9.76,0.0,20,19520,卖盘,000626,2025-10-17 22:51:19
10:13:21,9.76,0.0,7,6832,卖盘,000626,2025-10-17 22:51:19
10:13:45,9.76,0.0,21,20496,卖盘,000626,2025-10-17 22:51:19
10:13:48,9.76,0.0,4,3904,卖盘,000626,2025-10-17 22:51:19
10:14:03,9.76,0.0,1,976,卖盘,000626,2025-10-17 22:51:19
10:14:06,9.76,0.0,2,1952,卖盘,000626,2025-10-17 22:51:19
10:14:21,9.76,0.0,1,976,卖盘,000626,2025-10-17 22:51:19
10:14:27,9.76,0.0,101,98576,卖盘,000626,2025-10-17 22:51:19
10:14:33,9.76,0.0,14,13664,卖盘,000626,2025-10-17 22:51:19
10:14:36,9.76,0.0,2,1952,卖盘,000626,2025-10-17 22:51:19
10:14:42,9.76,0.0,1,976,卖盘,000626,2025-10-17 22:51:19
10:14:45,9.76,0.0,5,4880,卖盘,000626,2025-10-17 22:51:19
10:14:51,9.76,0.0,1,976,卖盘,000626,2025-10-17 22:51:19
10:14:54,9.76,0.0,5,4880,卖盘,000626,2025-10-17 22:51:19
10:15:06,9.76,0.0,1,976,卖盘,000626,2025-10-17 22:51:19
10:15:24,9.76,0.0,2,1952,卖盘,000626,2025-10-17 22:51:19
10:15:36,9.76,0.0,41,40016,卖盘,000626,2025-10-17 22:51:19
10:15:42,9.76,0.0,10,9760,卖盘,000626,2025-10-17 22:51:19
10:15:48,9.76,0.0,43,41968,卖盘,000626,2025-10-17 22:51:19
10:15:54,9.76,0.0,2,1952,卖盘,000626,2025-10-17 22:51:19
10:16:03,9.76,0.0,2,1952,卖盘,000626,2025-10-17 22:51:19
10:16:06,9.76,0.0,40,39040,卖盘,000626,2025-10-17 22:51:19
10:16:09,9.76,0.0,2,1952,卖盘,000626,2025-10-17 22:51:19
10:16:33,9.76,0.0,3,2928,卖盘,000626,2025-10-17 22:51:19
10:16:39,9.76,0.0,24,23424,卖盘,000626,2025-10-17 22:51:19
10:17:00,9.76,0.0,10,9760,卖盘,000626,2025-10-17 22:51:19
10:17:09,9.76,0.0,10,9760,卖盘,000626,2025-10-17 22:51:19
10:17:18,9.76,0.0,14,13664,卖盘,000626,2025-10-17 22:51:19
10:17:30,9.76,0.0,2,1952,卖盘,000626,2025-10-17 22:51:19
10:18:09,9.76,0.0,13,12688,卖盘,000626,2025-10-17 22:51:19
10:18:12,9.76,0.0,22,21472,卖盘,000626,2025-10-17 22:51:19
10:18:15,9.76,0.0,3,2928,卖盘,000626,2025-10-17 22:51:19
10:18:18,9.76,0.0,1,976,卖盘,000626,2025-10-17 22:51:19
10:19:15,9.76,0.0,10,9760,卖盘,000626,2025-10-17 22:51:19
10:19:21,9.76,0.0,4,3904,卖盘,000626,2025-10-17 22:51:19
10:19:30,9.76,0.0,4,3904,卖盘,000626,2025-10-17 22:51:19
10:19:36,9.76,0.0,50,48800,卖盘,000626,2025-10-17 22:51:19
10:19:39,9.76,0.0,2,1952,卖盘,000626,2025-10-17 22:51:19
10:19:51,9.76,0.0,10,9760,卖盘,000626,2025-10-17 22:51:19
10:20:15,9.76,0.0,54,52704,卖盘,000626,2025-10-17 22:51:19
10:20:18,9.76,0.0,4,3904,卖盘,000626,2025-10-17 22:51:19
10:20:27,9.76,0.0,10,9760,卖盘,000626,2025-10-17 22:51:19
10:20:39,9.76,0.0,2,1952,卖盘,000626,2025-10-17 22:51:19
10:20:42,9.76,0.0,42,40992,卖盘,000626,2025-10-17 22:51:19
10:21:21,9.76,0.0,50,48800,卖盘,000626,2025-10-17 22:51:19
10:21:27,9.76,0.0,32,31232,卖盘,000626,2025-10-17 22:51:19
10:21:39,9.76,0.0,1,976,卖盘,000626,2025-10-17 22:51:19
10:22:03,9.76,0.0,21,20496,卖盘,000626,2025-10-17 22:51:19
10:22:06,9.76,0.0,1,976,卖盘,000626,2025-10-17 22:51:19
10:22:18,9.76,0.0,1,976,卖盘,000626,2025-10-17 22:51:19
10:22:30,9.76,0.0,1,976,卖盘,000626,2025-10-17 22:51:19
10:22:36,9.76,0.0,4,3904,卖盘,000626,2025-10-17 22:51:19
10:22:45,9.76,0.0,53,51728,卖盘,000626,2025-10-17 22:51:19
10:22:57,9.76,0.0,2,1952,卖盘,000626,2025-10-17 22:51:19
10:23:12,9.76,0.0,30,29280,卖盘,000626,2025-10-17 22:51:19
10:23:18,9.76,0.0,30,29280,卖盘,000626,2025-10-17 22:51:19
10:23:21,9.76,0.0,10,9760,卖盘,000626,2025-10-17 22:51:19
10:23:24,9.76,0.0,10,9760,卖盘,000626,2025-10-17 22:51:19
10:23:33,9.76,0.0,10,9760,卖盘,000626,2025-10-17 22:51:19
10:23:39,9.76,0.0,3,2928,卖盘,000626,2025-10-17 22:51:19
10:23:51,9.76,0.0,1,976,卖盘,000626,2025-10-17 22:51:19
10:23:54,9.76,0.0,21,20496,卖盘,000626,2025-10-17 22:51:19
10:23:57,9.76,0.0,1,976,卖盘,000626,2025-10-17 22:51:19
10:24:00,9.76,0.0,10,9760,卖盘,000626,2025-10-17 22:51:19
10:24:03,9.76,0.0,1,976,卖盘,000626,2025-10-17 22:51:19
10:24:09,9.76,0.0,6,5856,卖盘,000626,2025-10-17 22:51:19
10:24:15,9.76,0.0,1,976,卖盘,000626,2025-10-17 22:51:19
10:24:21,9.76,0.0,20,19520,卖盘,000626,2025-10-17 22:51:19
10:24:30,9.76,0.0,47,45872,卖盘,000626,2025-10-17 22:51:19
10:24:33,9.76,0.0,10,9760,卖盘,000626,2025-10-17 22:51:19
10:24:36,9.76,0.0,3,2928,卖盘,000626,2025-10-17 22:51:19
10:24:42,9.76,0.0,169,164944,卖盘,000626,2025-10-17 22:51:19
10:24:45,9.76,0.0,5,4880,卖盘,000626,2025-10-17 22:51:19
10:24:51,9.76,0.0,6,5856,卖盘,000626,2025-10-17 22:51:19
10:25:03,9.76,0.0,2,1952,卖盘,000626,2025-10-17 22:51:19
10:25:12,9.76,0.0,13,12688,卖盘,000626,2025-10-17 22:51:19
10:25:18,9.76,0.0,4,3904,卖盘,000626,2025-10-17 22:51:19
10:25:27,9.76,0.0,100,97600,卖盘,000626,2025-10-17 22:51:19
10:25:42,9.76,0.0,344,335744,卖盘,000626,2025-10-17 22:51:19
10:25:54,9.76,0.0,10,9760,卖盘,000626,2025-10-17 22:51:19
10:25:57,9.76,0.0,5,4880,卖盘,000626,2025-10-17 22:51:19
10:26:06,9.76,0.0,18,17568,卖盘,000626,2025-10-17 22:51:19
10:26:09,9.76,0.0,2,1952,卖盘,000626,2025-10-17 22:51:19
10:26:27,9.76,0.0,26,25376,卖盘,000626,2025-10-17 22:51:19
10:26:30,9.76,0.0,3,2928,卖盘,000626,2025-10-17 22:51:19
10:26:51,9.76,0.0,12,11712,卖盘,000626,2025-10-17 22:51:19
10:27:06,9.76,0.0,1,976,卖盘,000626,2025-10-17 22:51:19
10:27:27,9.76,0.0,1,976,卖盘,000626,2025-10-17 22:51:19
10:27:36,9.76,0.0,14,13664,卖盘,000626,2025-10-17 22:51:19
10:27:48,9.76,0.0,4,3904,卖盘,000626,2025-10-17 22:51:19
10:28:33,9.76,0.0,5,4880,卖盘,000626,2025-10-17 22:51:19
10:28:36,9.76,0.0,7,6832,卖盘,000626,2025-10-17 22:51:19
10:28:57,9.76,0.0,2,1952,卖盘,000626,2025-10-17 22:51:19
10:29:18,9.76,0.0,2,1952,卖盘,000626,2025-10-17 22:51:19
10:29:48,9.76,0.0,3,2928,卖盘,000626,2025-10-17 22:51:19
10:30:33,9.76,0.0,6,5856,卖盘,000626,2025-10-17 22:51:19
10:30:39,9.76,0.0,16,15616,卖盘,000626,2025-10-17 22:51:19
10:31:12,9.76,0.0,10,9760,卖盘,000626,2025-10-17 22:51:19
10:31:42,9.76,0.0,3,2928,卖盘,000626,2025-10-17 22:51:19
10:32:03,9.76,0.0,8,7808,卖盘,000626,2025-10-17 22:51:19
10:32:12,9.76,0.0,1,976,卖盘,000626,2025-10-17 22:51:19
10:32:36,9.76,0.0,5,4880,卖盘,000626,2025-10-17 22:51:19
10:32:39,9.76,0.0,1,976,卖盘,000626,2025-10-17 22:51:19
10:32:48,9.76,0.0,1,976,卖盘,000626,2025-10-17 22:51:19
10:32:54,9.76,0.0,648,632448,卖盘,000626,2025-10-17 22:51:19
10:33:03,9.76,0.0,2,1952,卖盘,000626,2025-10-17 22:51:19
10:33:06,9.76,0.0,4,3904,卖盘,000626,2025-10-17 22:51:19
10:33:27,9.76,0.0,2,1952,卖盘,000626,2025-10-17 22:51:19
10:33:33,9.76,0.0,20,19520,卖盘,000626,2025-10-17 22:51:19
10:33:54,9.76,0.0,3,2928,卖盘,000626,2025-10-17 22:51:19
10:34:03,9.76,0.0,1,976,卖盘,000626,2025-10-17 22:51:19
10:34:06,9.76,0.0,101,98576,卖盘,000626,2025-10-17 22:51:19
10:34:36,9.76,0.0,2,1952,卖盘,000626,2025-10-17 22:51:19
10:34:57,9.76,0.0,22,21472,卖盘,000626,2025-10-17 22:51:19
10:35:30,9.76,0.0,3,2928,卖盘,000626,2025-10-17 22:51:19
10:35:45,9.76,0.0,32,31232,卖盘,000626,2025-10-17 22:51:19
10:35:48,9.76,0.0,5,4880,卖盘,000626,2025-10-17 22:51:19
10:36:27,9.76,0.0,5,4880,卖盘,000626,2025-10-17 22:51:19
10:36:57,9.76,0.0,40,39040,卖盘,000626,2025-10-17 22:51:19
10:37:18,9.76,0.0,464,452864,卖盘,000626,2025-10-17 22:51:19
10:37:21,9.76,0.0,1,976,卖盘,000626,2025-10-17 22:51:19
10:37:45,9.76,0.0,21,20496,卖盘,000626,2025-10-17 22:51:19
10:37:57,9.76,0.0,10,9760,卖盘,000626,2025-10-17 22:51:19
10:39:03,9.76,0.0,21,20496,卖盘,000626,2025-10-17 22:51:19
10:39:06,9.76,0.0,10,9760,卖盘,000626,2025-10-17 22:51:19
10:39:24,9.76,0.0,45,43920,卖盘,000626,2025-10-17 22:51:19
10:40:15,9.76,0.0,9,8784,卖盘,000626,2025-10-17 22:51:19
10:40:27,9.76,0.0,25,24400,卖盘,000626,2025-10-17 22:51:19
10:40:39,9.76,0.0,12,11712,卖盘,000626,2025-10-17 22:51:19
10:40:42,9.76,0.0,1,976,卖盘,000626,2025-10-17 22:51:19
10:41:18,9.76,0.0,2,1952,卖盘,000626,2025-10-17 22:51:19
10:41:21,9.76,0.0,80,78080,卖盘,000626,2025-10-17 22:51:19
10:41:24,9.76,0.0,1,976,卖盘,000626,2025-10-17 22:51:19
10:41:51,9.76,0.0,15,14640,卖盘,000626,2025-10-17 22:51:19
10:42:18,9.76,0.0,2,1952,卖盘,000626,2025-10-17 22:51:19
10:42:45,9.76,0.0,10,9760,卖盘,000626,2025-10-17 22:51:19
10:43:03,9.76,0.0,1,976,卖盘,000626,2025-10-17 22:51:19
10:43:36,9.76,0.0,30,29280,卖盘,000626,2025-10-17 22:51:19
10:43:45,9.76,0.0,40,39040,卖盘,000626,2025-10-17 22:51:19
10:43:57,9.76,0.0,1,976,卖盘,000626,2025-10-17 22:51:19
10:45:03,9.76,0.0,20,19520,卖盘,000626,2025-10-17 22:51:19
10:45:06,9.76,0.0,2,1952,卖盘,000626,2025-10-17 22:51:19
10:45:15,9.76,0.0,4,3904,卖盘,000626,2025-10-17 22:51:19
10:45:33,9.76,0.0,6,5856,卖盘,000626,2025-10-17 22:51:19
10:45:36,9.76,0.0,17,16592,卖盘,000626,2025-10-17 22:51:19
10:45:57,9.76,0.0,10,9760,卖盘,000626,2025-10-17 22:51:19
10:46:12,9.76,0.0,62,60512,卖盘,000626,2025-10-17 22:51:19
10:46:48,9.76,0.0,3,2928,卖盘,000626,2025-10-17 22:51:19
10:47:00,9.76,0.0,1,976,卖盘,000626,2025-10-17 22:51:19
10:47:03,9.76,0.0,12,11712,卖盘,000626,2025-10-17 22:51:19
10:47:06,9.76,0.0,2,1952,卖盘,000626,2025-10-17 22:51:19
10:47:21,9.76,0.0,1,976,卖盘,000626,2025-10-17 22:51:19
10:48:15,9.76,0.0,16,15616,卖盘,000626,2025-10-17 22:51:19
10:48:24,9.76,0.0,1,976,卖盘,000626,2025-10-17 22:51:19
10:50:06,9.76,0.0,10,9760,卖盘,000626,2025-10-17 22:51:19
10:50:15,9.76,0.0,2,1952,卖盘,000626,2025-10-17 22:51:19
10:50:24,9.76,0.0,5,4880,卖盘,000626,2025-10-17 22:51:19
10:50:57,9.76,0.0,6,5856,卖盘,000626,2025-10-17 22:51:19
10:51:42,9.76,0.0,5,4880,卖盘,000626,2025-10-17 22:51:19
10:51:48,9.76,0.0,10,9760,卖盘,000626,2025-10-17 22:51:19
10:51:51,9.76,0.0,21,20496,卖盘,000626,2025-10-17 22:51:19
10:52:00,9.76,0.0,6,5856,卖盘,000626,2025-10-17 22:51:19
10:52:27,9.76,0.0,1,976,卖盘,000626,2025-10-17 22:51:19
10:52:33,9.76,0.0,3,2928,卖盘,000626,2025-10-17 22:51:19
10:52:45,9.76,0.0,21,20496,卖盘,000626,2025-10-17 22:51:19
10:54:24,9.76,0.0,100,97600,卖盘,000626,2025-10-17 22:51:19
10:55:30,9.76,0.0,15,14640,卖盘,000626,2025-10-17 22:51:19
10:55:45,9.76,0.0,5,4880,卖盘,000626,2025-10-17 22:51:19
10:55:54,9.76,0.0,1,976,卖盘,000626,2025-10-17 22:51:19
10:56:15,9.76,0.0,45,43920,卖盘,000626,2025-10-17 22:51:19
10:56:42,9.76,0.0,50,48800,卖盘,000626,2025-10-17 22:51:19
10:56:48,9.76,0.0,50,48800,卖盘,000626,2025-10-17 22:51:19
10:56:54,9.76,0.0,50,48800,卖盘,000626,2025-10-17 22:51:19
10:56:57,9.76,0.0,2,1952,卖盘,000626,2025-10-17 22:51:19
10:57:00,9.76,0.0,50,48800,卖盘,000626,2025-10-17 22:51:19
10:57:15,9.76,0.0,50,48800,卖盘,000626,2025-10-17 22:51:19
10:57:24,9.76,0.0,67,65392,卖盘,000626,2025-10-17 22:51:19
10:57:42,9.76,0.0,1,976,卖盘,000626,2025-10-17 22:51:19
10:57:48,9.76,0.0,50,48800,卖盘,000626,2025-10-17 22:51:19
10:57:51,9.76,0.0,23,22448,卖盘,000626,2025-10-17 22:51:19
10:57:57,9.76,0.0,50,48800,卖盘,000626,2025-10-17 22:51:19
10:58:27,9.76,0.0,50,48800,卖盘,000626,2025-10-17 22:51:19
10:58:42,9.76,0.0,50,48800,卖盘,000626,2025-10-17 22:51:19
10:58:54,9.76,0.0,3,2928,卖盘,000626,2025-10-17 22:51:19
10:59:15,9.76,0.0,9,8784,卖盘,000626,2025-10-17 22:51:19
10:59:33,9.76,0.0,50,48800,卖盘,000626,2025-10-17 22:51:19
10:59:39,9.76,0.0,50,48800,卖盘,000626,2025-10-17 22:51:19
10:59:45,9.76,0.0,10,9760,卖盘,000626,2025-10-17 22:51:19
10:59:51,9.76,0.0,25,24400,卖盘,000626,2025-10-17 22:51:19
10:59:57,9.76,0.0,50,48800,卖盘,000626,2025-10-17 22:51:19
11:00:06,9.76,0.0,100,97600,卖盘,000626,2025-10-17 22:51:19
11:00:12,9.76,0.0,50,48800,卖盘,000626,2025-10-17 22:51:19
11:00:18,9.76,0.0,50,48800,卖盘,000626,2025-10-17 22:51:19
11:00:24,9.76,0.0,6,5856,卖盘,000626,2025-10-17 22:51:19
11:00:39,9.76,0.0,20,19520,卖盘,000626,2025-10-17 22:51:19
11:00:45,9.76,0.0,50,48800,卖盘,000626,2025-10-17 22:51:19
11:01:12,9.76,0.0,112,109312,卖盘,000626,2025-10-17 22:51:19
11:01:42,9.76,0.0,21,20496,卖盘,000626,2025-10-17 22:51:19
11:01:57,9.76,0.0,1,976,卖盘,000626,2025-10-17 22:51:19
11:03:30,9.76,0.0,1,976,卖盘,000626,2025-10-17 22:51:19
11:03:33,9.76,0.0,3,2928,卖盘,000626,2025-10-17 22:51:19
11:03:36,9.76,0.0,10,9760,卖盘,000626,2025-10-17 22:51:19
11:03:39,9.76,0.0,20,19520,卖盘,000626,2025-10-17 22:51:19
11:03:51,9.76,0.0,20,19520,卖盘,000626,2025-10-17 22:51:19
11:03:57,9.76,0.0,10,9760,卖盘,000626,2025-10-17 22:51:19
11:04:30,9.76,0.0,1,976,卖盘,000626,2025-10-17 22:51:19
11:04:39,9.76,0.0,2,1952,卖盘,000626,2025-10-17 22:51:19
11:05:00,9.76,0.0,2,1952,卖盘,000626,2025-10-17 22:51:19
11:05:03,9.76,0.0,5,4880,卖盘,000626,2025-10-17 22:51:19
11:05:06,9.76,0.0,1,976,卖盘,000626,2025-10-17 22:51:19
11:05:09,9.76,0.0,5,4880,卖盘,000626,2025-10-17 22:51:19
11:05:12,9.76,0.0,2,1952,卖盘,000626,2025-10-17 22:51:19
11:05:24,9.76,0.0,2,1952,卖盘,000626,2025-10-17 22:51:19
11:05:27,9.76,0.0,9,8784,卖盘,000626,2025-10-17 22:51:19
11:05:36,9.76,0.0,4,3904,卖盘,000626,2025-10-17 22:51:19
11:05:48,9.76,0.0,21,20496,卖盘,000626,2025-10-17 22:51:19
11:06:15,9.76,0.0,24,23424,卖盘,000626,2025-10-17 22:51:19
11:06:18,9.76,0.0,1,976,卖盘,000626,2025-10-17 22:51:19
11:06:27,9.76,0.0,30,29280,卖盘,000626,2025-10-17 22:51:19
11:06:54,9.76,0.0,8,7808,卖盘,000626,2025-10-17 22:51:19
11:07:18,9.76,0.0,48,46848,卖盘,000626,2025-10-17 22:51:19
11:07:33,9.76,0.0,5,4880,卖盘,000626,2025-10-17 22:51:19
11:07:39,9.76,0.0,4,3904,卖盘,000626,2025-10-17 22:51:19
11:07:42,9.76,0.0,10,9760,卖盘,000626,2025-10-17 22:51:19
11:07:54,9.76,0.0,2,1952,卖盘,000626,2025-10-17 22:51:19
11:08:00,9.76,0.0,2,1952,卖盘,000626,2025-10-17 22:51:19
11:08:42,9.76,0.0,5,4880,卖盘,000626,2025-10-17 22:51:19
11:09:12,9.76,0.0,1,976,卖盘,000626,2025-10-17 22:51:19
11:09:15,9.76,0.0,57,55632,卖盘,000626,2025-10-17 22:51:19
11:09:48,9.76,0.0,2,1952,卖盘,000626,2025-10-17 22:51:19
11:09:57,9.76,0.0,4,3904,卖盘,000626,2025-10-17 22:51:19
11:10:06,9.76,0.0,21,20496,卖盘,000626,2025-10-17 22:51:19
11:10:09,9.76,0.0,4,3904,卖盘,000626,2025-10-17 22:51:19
11:10:30,9.76,0.0,23,22448,卖盘,000626,2025-10-17 22:51:19
11:10:57,9.76,0.0,73,71248,卖盘,000626,2025-10-17 22:51:19
11:11:39,9.76,0.0,10,9760,卖盘,000626,2025-10-17 22:51:19
11:11:54,9.76,0.0,524,511424,卖盘,000626,2025-10-17 22:51:19
11:12:03,9.76,0.0,22,21472,卖盘,000626,2025-10-17 22:51:19
11:12:12,9.76,0.0,43,41968,卖盘,000626,2025-10-17 22:51:19
11:12:21,9.76,0.0,29,28304,卖盘,000626,2025-10-17 22:51:19
11:13:06,9.76,0.0,20,19520,卖盘,000626,2025-10-17 22:51:19
11:13:51,9.76,0.0,3,2928,卖盘,000626,2025-10-17 22:51:19
11:15:00,9.76,0.0,2,1952,卖盘,000626,2025-10-17 22:51:19
11:15:24,9.76,0.0,3,2928,卖盘,000626,2025-10-17 22:51:19
11:15:39,9.76,0.0,32,31232,卖盘,000626,2025-10-17 22:51:19
11:15:48,9.76,0.0,1,976,卖盘,000626,2025-10-17 22:51:19
11:15:51,9.76,0.0,61,59536,卖盘,000626,2025-10-17 22:51:19
11:15:57,9.76,0.0,6,5856,卖盘,000626,2025-10-17 22:51:19
11:16:06,9.76,0.0,1,976,卖盘,000626,2025-10-17 22:51:19
11:16:12,9.76,0.0,9,8784,卖盘,000626,2025-10-17 22:51:19
11:16:24,9.76,0.0,1,976,卖盘,000626,2025-10-17 22:51:19
11:16:27,9.76,0.0,2,1952,卖盘,000626,2025-10-17 22:51:19
11:16:36,9.76,0.0,5,4880,卖盘,000626,2025-10-17 22:51:19
11:16:48,9.76,0.0,5,4880,卖盘,000626,2025-10-17 22:51:19
11:16:51,9.76,0.0,2,1952,卖盘,000626,2025-10-17 22:51:19
11:17:18,9.76,0.0,5,4880,卖盘,000626,2025-10-17 22:51:19
11:17:21,9.76,0.0,5,4880,卖盘,000626,2025-10-17 22:51:19
11:17:27,9.76,0.0,21,20496,卖盘,000626,2025-10-17 22:51:19
11:18:36,9.76,0.0,4,3904,卖盘,000626,2025-10-17 22:51:19
11:19:00,9.76,0.0,1,976,卖盘,000626,2025-10-17 22:51:19
11:21:42,9.76,0.0,2,1952,卖盘,000626,2025-10-17 22:51:19
11:21:54,9.76,0.0,10,9760,卖盘,000626,2025-10-17 22:51:19
11:22:03,9.76,0.0,150,146400,卖盘,000626,2025-10-17 22:51:19
11:22:15,9.76,0.0,4,3904,卖盘,000626,2025-10-17 22:51:19
11:22:42,9.76,0.0,2,1952,卖盘,000626,2025-10-17 22:51:19
11:22:45,9.76,0.0,2,1952,卖盘,000626,2025-10-17 22:51:19
11:23:18,9.76,0.0,2,1952,卖盘,000626,2025-10-17 22:51:19
11:24:00,9.76,0.0,21,20496,卖盘,000626,2025-10-17 22:51:19
11:25:24,9.76,0.0,6,5856,卖盘,000626,2025-10-17 22:51:19
11:25:27,9.76,0.0,15,14640,卖盘,000626,2025-10-17 22:51:19
11:25:39,9.76,0.0,17,16592,卖盘,000626,2025-10-17 22:51:19
11:25:57,9.76,0.0,1,976,卖盘,000626,2025-10-17 22:51:19
11:26:27,9.76,0.0,4,3904,卖盘,000626,2025-10-17 22:51:19
11:27:12,9.76,0.0,15,14640,卖盘,000626,2025-10-17 22:51:19
11:28:00,9.76,0.0,17,16592,卖盘,000626,2025-10-17 22:51:19
11:28:42,9.76,0.0,4,3904,卖盘,000626,2025-10-17 22:51:19
11:29:15,9.76,0.0,2,1952,卖盘,000626,2025-10-17 22:51:19
11:29:39,9.76,0.0,2,1952,卖盘,000626,2025-10-17 22:51:19
13:00:00,9.76,0.0,21,20496,卖盘,000626,2025-10-17 22:51:19
13:00:03,9.76,0.0,717,699792,卖盘,000626,2025-10-17 22:51:19
13:00:06,9.76,0.0,94,91744,卖盘,000626,2025-10-17 22:51:19
13:00:15,9.76,0.0,2,1952,卖盘,000626,2025-10-17 22:51:19
13:00:24,9.76,0.0,13,12688,卖盘,000626,2025-10-17 22:51:19
13:00:36,9.76,0.0,2,1952,卖盘,000626,2025-10-17 22:51:19
13:01:03,9.76,0.0,12,11712,卖盘,000626,2025-10-17 22:51:19
13:01:09,9.76,0.0,1,976,卖盘,000626,2025-10-17 22:51:19
13:01:27,9.76,0.0,8,7808,卖盘,000626,2025-10-17 22:51:19
13:02:06,9.76,0.0,2,1952,卖盘,000626,2025-10-17 22:51:19
13:02:39,9.76,0.0,1,976,卖盘,000626,2025-10-17 22:51:19
13:02:45,9.76,0.0,2,1952,卖盘,000626,2025-10-17 22:51:19
13:03:06,9.76,0.0,6,5856,卖盘,000626,2025-10-17 22:51:19
13:03:12,9.76,0.0,30,29280,卖盘,000626,2025-10-17 22:51:19
13:03:42,9.76,0.0,2,1952,卖盘,000626,2025-10-17 22:51:19
13:03:54,9.76,0.0,48,46848,卖盘,000626,2025-10-17 22:51:19
13:04:18,9.76,0.0,39,38064,卖盘,000626,2025-10-17 22:51:19
13:04:48,9.76,0.0,5,4880,卖盘,000626,2025-10-17 22:51:19
13:04:57,9.76,0.0,2,1952,卖盘,000626,2025-10-17 22:51:19
13:05:24,9.76,0.0,102,99552,卖盘,000626,2025-10-17 22:51:19
13:05:36,9.76,0.0,120,117120,卖盘,000626,2025-10-17 22:51:19
13:06:21,9.76,0.0,50,48800,卖盘,000626,2025-10-17 22:51:19
13:06:27,9.76,0.0,5,4880,卖盘,000626,2025-10-17 22:51:19
13:07:24,9.76,0.0,3,2928,卖盘,000626,2025-10-17 22:51:19
13:07:27,9.76,0.0,11,10736,卖盘,000626,2025-10-17 22:51:19
13:08:30,9.76,0.0,10,9760,卖盘,000626,2025-10-17 22:51:19
13:08:54,9.76,0.0,3,2928,卖盘,000626,2025-10-17 22:51:19
13:09:21,9.76,0.0,6,5856,卖盘,000626,2025-10-17 22:51:19
13:09:33,9.76,0.0,1,976,卖盘,000626,2025-10-17 22:51:19
13:11:15,9.76,0.0,5,4880,卖盘,000626,2025-10-17 22:51:19
13:11:21,9.76,0.0,15,14640,卖盘,000626,2025-10-17 22:51:19
13:11:30,9.76,0.0,5,4880,卖盘,000626,2025-10-17 22:51:19
13:12:15,9.76,0.0,1,976,卖盘,000626,2025-10-17 22:51:19
13:12:24,9.76,0.0,6,5856,卖盘,000626,2025-10-17 22:51:19
13:12:27,9.76,0.0,11,10736,卖盘,000626,2025-10-17 22:51:19
13:12:45,9.76,0.0,4,3904,卖盘,000626,2025-10-17 22:51:19
13:13:12,9.76,0.0,1,976,卖盘,000626,2025-10-17 22:51:19
13:13:27,9.76,0.0,10,9760,卖盘,000626,2025-10-17 22:51:19
13:13:54,9.76,0.0,1,976,卖盘,000626,2025-10-17 22:51:19
13:14:42,9.76,0.0,2,1952,卖盘,000626,2025-10-17 22:51:19
13:14:54,9.76,0.0,1,976,卖盘,000626,2025-10-17 22:51:19
13:15:36,9.76,0.0,20,19520,卖盘,000626,2025-10-17 22:51:19
13:15:39,9.76,0.0,18,17568,卖盘,000626,2025-10-17 22:51:19
13:15:42,9.76,0.0,6,5856,卖盘,000626,2025-10-17 22:51:19
13:15:45,9.76,0.0,47,45872,卖盘,000626,2025-10-17 22:51:19
13:15:48,9.76,0.0,11,10736,卖盘,000626,2025-10-17 22:51:19
13:15:51,9.76,0.0,3,2928,卖盘,000626,2025-10-17 22:51:19
13:16:09,9.76,0.0,11,10736,卖盘,000626,2025-10-17 22:51:19
13:16:30,9.76,0.0,1,976,卖盘,000626,2025-10-17 22:51:19
13:16:45,9.76,0.0,1,976,卖盘,000626,2025-10-17 22:51:19
13:17:21,9.76,0.0,0,10,卖盘,000626,2025-10-17 22:51:19
13:17:42,9.76,0.0,6,5856,卖盘,000626,2025-10-17 22:51:19
13:18:30,9.76,0.0,10,9760,卖盘,000626,2025-10-17 22:51:19
13:18:57,9.76,0.0,56,54656,卖盘,000626,2025-10-17 22:51:19
13:19:51,9.76,0.0,10,9760,卖盘,000626,2025-10-17 22:51:19
13:20:12,9.76,0.0,24,23424,卖盘,000626,2025-10-17 22:51:19
13:20:36,9.76,0.0,3,2928,卖盘,000626,2025-10-17 22:51:19
13:20:48,9.76,0.0,2,1952,卖盘,000626,2025-10-17 22:51:19
13:21:09,9.76,0.0,1,976,卖盘,000626,2025-10-17 22:51:19
13:21:33,9.76,0.0,1,976,卖盘,000626,2025-10-17 22:51:19
13:21:36,9.76,0.0,40,39040,卖盘,000626,2025-10-17 22:51:19
13:21:42,9.76,0.0,1,976,卖盘,000626,2025-10-17 22:51:19
13:21:45,9.76,0.0,5,4880,卖盘,000626,2025-10-17 22:51:19
13:21:54,9.76,0.0,1,976,卖盘,000626,2025-10-17 22:51:19
13:21:57,9.76,0.0,1,976,卖盘,000626,2025-10-17 22:51:19
13:22:00,9.76,0.0,5,4880,卖盘,000626,2025-10-17 22:51:19
13:22:54,9.76,0.0,14,13664,卖盘,000626,2025-10-17 22:51:19
13:23:00,9.76,0.0,7,6832,卖盘,000626,2025-10-17 22:51:19
13:23:06,9.76,0.0,10,9760,卖盘,000626,2025-10-17 22:51:19
13:23:18,9.76,0.0,10,9760,卖盘,000626,2025-10-17 22:51:19
13:23:30,9.76,0.0,5,4880,卖盘,000626,2025-10-17 22:51:19
13:23:42,9.76,0.0,1,976,卖盘,000626,2025-10-17 22:51:19
13:23:51,9.76,0.0,1,976,卖盘,000626,2025-10-17 22:51:19
13:24:06,9.76,0.0,2,1952,卖盘,000626,2025-10-17 22:51:19
13:24:24,9.76,0.0,15,14640,卖盘,000626,2025-10-17 22:51:19
13:25:03,9.76,0.0,5,4880,卖盘,000626,2025-10-17 22:51:19
13:25:24,9.76,0.0,9,8784,卖盘,000626,2025-10-17 22:51:19
13:25:48,9.76,0.0,22,21472,卖盘,000626,2025-10-17 22:51:19
13:26:00,9.76,0.0,3,2928,卖盘,000626,2025-10-17 22:51:19
13:26:12,9.76,0.0,2,1952,卖盘,000626,2025-10-17 22:51:19
13:26:18,9.76,0.0,2,1952,卖盘,000626,2025-10-17 22:51:19
13:26:30,9.76,0.0,10,9760,卖盘,000626,2025-10-17 22:51:19
13:27:18,9.76,0.0,13,12688,卖盘,000626,2025-10-17 22:51:19
13:27:21,9.76,0.0,17,16592,卖盘,000626,2025-10-17 22:51:19
13:27:30,9.76,0.0,19,18544,卖盘,000626,2025-10-17 22:51:19
13:27:45,9.76,0.0,1,976,卖盘,000626,2025-10-17 22:51:19
13:28:33,9.76,0.0,6,5856,卖盘,000626,2025-10-17 22:51:19
13:30:00,9.76,0.0,2,1952,卖盘,000626,2025-10-17 22:51:19
13:31:00,9.76,0.0,6,5856,卖盘,000626,2025-10-17 22:51:19
13:31:24,9.76,0.0,5,4880,卖盘,000626,2025-10-17 22:51:19
13:31:45,9.76,0.0,2,1952,卖盘,000626,2025-10-17 22:51:19
13:33:39,9.76,0.0,2,1952,卖盘,000626,2025-10-17 22:51:19
13:33:51,9.76,0.0,50,48800,卖盘,000626,2025-10-17 22:51:19
13:34:00,9.76,0.0,6,5856,卖盘,000626,2025-10-17 22:51:19
13:34:42,9.76,0.0,20,19520,卖盘,000626,2025-10-17 22:51:19
13:35:27,9.76,0.0,7,6832,卖盘,000626,2025-10-17 22:51:19
13:35:36,9.76,0.0,53,51728,卖盘,000626,2025-10-17 22:51:19
13:35:42,9.76,0.0,5,4880,卖盘,000626,2025-10-17 22:51:19
13:36:54,9.76,0.0,10,9760,卖盘,000626,2025-10-17 22:51:19
13:37:03,9.76,0.0,1,976,卖盘,000626,2025-10-17 22:51:19
13:37:33,9.76,0.0,1,976,卖盘,000626,2025-10-17 22:51:19
13:38:51,9.76,0.0,30,29280,卖盘,000626,2025-10-17 22:51:19
13:39:21,9.76,0.0,45,43920,卖盘,000626,2025-10-17 22:51:19
13:39:33,9.76,0.0,5,4880,卖盘,000626,2025-10-17 22:51:19
13:39:45,9.76,0.0,10,9760,卖盘,000626,2025-10-17 22:51:19
13:40:09,9.76,0.0,20,19520,卖盘,000626,2025-10-17 22:51:19
13:40:33,9.76,0.0,32,31232,卖盘,000626,2025-10-17 22:51:19
13:41:06,9.76,0.0,7,6832,卖盘,000626,2025-10-17 22:51:19
13:41:21,9.76,0.0,50,48800,卖盘,000626,2025-10-17 22:51:19
13:41:27,9.76,0.0,2,1952,卖盘,000626,2025-10-17 22:51:19
13:42:09,9.76,0.0,1,976,卖盘,000626,2025-10-17 22:51:19
13:42:18,9.76,0.0,5,4880,卖盘,000626,2025-10-17 22:51:19
13:43:36,9.76,0.0,1,976,卖盘,000626,2025-10-17 22:51:19
13:43:39,9.76,0.0,100,97600,卖盘,000626,2025-10-17 22:51:19
13:44:15,9.76,0.0,1,976,卖盘,000626,2025-10-17 22:51:19
13:44:24,9.76,0.0,2,1952,卖盘,000626,2025-10-17 22:51:19
13:44:39,9.76,0.0,10,9760,卖盘,000626,2025-10-17 22:51:19
13:44:57,9.76,0.0,12,11712,卖盘,000626,2025-10-17 22:51:19
13:45:00,9.76,0.0,1,976,卖盘,000626,2025-10-17 22:51:19
13:45:33,9.76,0.0,8,7808,卖盘,000626,2025-10-17 22:51:19
13:45:48,9.76,0.0,4,3904,卖盘,000626,2025-10-17 22:51:19
13:45:51,9.76,0.0,10,9760,卖盘,000626,2025-10-17 22:51:19
13:46:21,9.76,0.0,7,6832,卖盘,000626,2025-10-17 22:51:19
13:46:45,9.76,0.0,20,19520,卖盘,000626,2025-10-17 22:51:19
13:46:54,9.76,0.0,2,1952,卖盘,000626,2025-10-17 22:51:19
13:47:42,9.76,0.0,10,9760,卖盘,000626,2025-10-17 22:51:19
13:48:15,9.76,0.0,20,19520,卖盘,000626,2025-10-17 22:51:19
13:49:33,9.76,0.0,2,1952,卖盘,000626,2025-10-17 22:51:19
13:50:00,9.76,0.0,10,9760,卖盘,000626,2025-10-17 22:51:19
13:50:18,9.76,0.0,11,10736,卖盘,000626,2025-10-17 22:51:19
13:51:27,9.76,0.0,2,1952,卖盘,000626,2025-10-17 22:51:19
13:53:06,9.76,0.0,10,9760,卖盘,000626,2025-10-17 22:51:19
13:54:06,9.76,0.0,5,4880,卖盘,000626,2025-10-17 22:51:19
13:54:24,9.76,0.0,10,9760,卖盘,000626,2025-10-17 22:51:19
13:54:30,9.76,0.0,2,1952,卖盘,000626,2025-10-17 22:51:19
13:54:36,9.76,0.0,2,1952,卖盘,000626,2025-10-17 22:51:19
13:55:18,9.76,0.0,16,15616,卖盘,000626,2025-10-17 22:51:19
13:55:45,9.76,0.0,3,2928,卖盘,000626,2025-10-17 22:51:19
13:55:51,9.76,0.0,1,976,卖盘,000626,2025-10-17 22:51:19
13:56:18,9.76,0.0,2,1952,卖盘,000626,2025-10-17 22:51:19
13:56:36,9.76,0.0,7,6832,卖盘,000626,2025-10-17 22:51:19
13:56:57,9.76,0.0,6,5856,卖盘,000626,2025-10-17 22:51:19
13:57:39,9.76,0.0,5,4880,卖盘,000626,2025-10-17 22:51:19
13:57:48,9.76,0.0,1,976,卖盘,000626,2025-10-17 22:51:19
13:58:09,9.76,0.0,6,5856,卖盘,000626,2025-10-17 22:51:19
13:58:15,9.76,0.0,5,4880,卖盘,000626,2025-10-17 22:51:19
13:58:27,9.76,0.0,11,10736,卖盘,000626,2025-10-17 22:51:19
13:58:30,9.76,0.0,2,1952,卖盘,000626,2025-10-17 22:51:19
13:59:03,9.76,0.0,105,102480,卖盘,000626,2025-10-17 22:51:19
13:59:18,9.76,0.0,96,93696,卖盘,000626,2025-10-17 22:51:19
13:59:24,9.76,0.0,2,1952,卖盘,000626,2025-10-17 22:51:19
14:00:39,9.76,0.0,2,1952,卖盘,000626,2025-10-17 22:51:19
14:00:45,9.76,0.0,23,22448,卖盘,000626,2025-10-17 22:51:19
14:01:30,9.76,0.0,15,14640,卖盘,000626,2025-10-17 22:51:19
14:01:51,9.76,0.0,20,19520,卖盘,000626,2025-10-17 22:51:19
14:01:54,9.76,0.0,4,3904,卖盘,000626,2025-10-17 22:51:19
14:02:42,9.76,0.0,2,1952,卖盘,000626,2025-10-17 22:51:19
14:03:06,9.76,0.0,100,97600,卖盘,000626,2025-10-17 22:51:19
14:03:39,9.76,0.0,5,4880,卖盘,000626,2025-10-17 22:51:19
14:03:45,9.76,0.0,2,1952,卖盘,000626,2025-10-17 22:51:19
14:04:06,9.76,0.0,5,4880,卖盘,000626,2025-10-17 22:51:19
14:04:09,9.76,0.0,1,976,卖盘,000626,2025-10-17 22:51:19
14:05:09,9.76,0.0,11,10736,卖盘,000626,2025-10-17 22:51:19
14:05:12,9.76,0.0,1,976,卖盘,000626,2025-10-17 22:51:19
14:05:15,9.76,0.0,5,4880,卖盘,000626,2025-10-17 22:51:19
14:05:27,9.76,0.0,100,97600,卖盘,000626,2025-10-17 22:51:19
14:05:36,9.76,0.0,8,7808,卖盘,000626,2025-10-17 22:51:19
14:05:45,9.76,0.0,35,34160,卖盘,000626,2025-10-17 22:51:19
14:06:36,9.76,0.0,25,24400,卖盘,000626,2025-10-17 22:51:19
14:07:18,9.76,0.0,1,976,卖盘,000626,2025-10-17 22:51:19
14:07:24,9.76,0.0,4,3904,卖盘,000626,2025-10-17 22:51:19
14:07:27,9.76,0.0,7,6832,卖盘,000626,2025-10-17 22:51:19
14:07:36,9.76,0.0,3,2928,卖盘,000626,2025-10-17 22:51:19
14:08:09,9.76,0.0,34,33184,卖盘,000626,2025-10-17 22:51:19
14:08:27,9.76,0.0,15,14640,卖盘,000626,2025-10-17 22:51:19
14:08:30,9.76,0.0,10,9760,卖盘,000626,2025-10-17 22:51:19
14:08:33,9.76,0.0,29,28304,卖盘,000626,2025-10-17 22:51:19
14:08:39,9.76,0.0,20,19520,卖盘,000626,2025-10-17 22:51:19
14:08:45,9.76,0.0,2,1952,卖盘,000626,2025-10-17 22:51:19
14:08:57,9.76,0.0,2,1952,卖盘,000626,2025-10-17 22:51:19
14:09:27,9.76,0.0,23,22448,卖盘,000626,2025-10-17 22:51:19
14:09:30,9.76,0.0,1,976,卖盘,000626,2025-10-17 22:51:19
14:10:15,9.76,0.0,8,7808,卖盘,000626,2025-10-17 22:51:19
14:11:21,9.76,0.0,20,19520,卖盘,000626,2025-10-17 22:51:19
14:11:33,9.76,0.0,5,4880,卖盘,000626,2025-10-17 22:51:19
14:11:54,9.76,0.0,30,29280,卖盘,000626,2025-10-17 22:51:19
14:12:15,9.76,0.0,4,3904,卖盘,000626,2025-10-17 22:51:19
14:12:57,9.76,0.0,5,4880,卖盘,000626,2025-10-17 22:51:19
14:13:00,9.76,0.0,28,27328,卖盘,000626,2025-10-17 22:51:19
14:13:33,9.76,0.0,44,42944,卖盘,000626,2025-10-17 22:51:19
14:13:45,9.76,0.0,8,7808,卖盘,000626,2025-10-17 22:51:19
14:14:09,9.76,0.0,1,976,卖盘,000626,2025-10-17 22:51:19
14:14:15,9.76,0.0,54,52704,卖盘,000626,2025-10-17 22:51:19
14:14:30,9.76,0.0,3,2928,卖盘,000626,2025-10-17 22:51:19
14:14:51,9.76,0.0,12,11712,卖盘,000626,2025-10-17 22:51:19
14:14:54,9.76,0.0,2,1952,卖盘,000626,2025-10-17 22:51:19
14:15:21,9.76,0.0,17,16592,卖盘,000626,2025-10-17 22:51:19
14:15:39,9.76,0.0,74,72224,卖盘,000626,2025-10-17 22:51:19
14:16:03,9.76,0.0,5,4880,卖盘,000626,2025-10-17 22:51:19
14:16:06,9.76,0.0,6,5856,卖盘,000626,2025-10-17 22:51:19
14:16:27,9.76,0.0,11,10736,卖盘,000626,2025-10-17 22:51:19
14:16:45,9.76,0.0,38,37088,卖盘,000626,2025-10-17 22:51:19
14:16:48,9.76,0.0,19,18544,卖盘,000626,2025-10-17 22:51:19
14:16:57,9.76,0.0,13,12688,卖盘,000626,2025-10-17 22:51:19
14:17:06,9.76,0.0,40,39040,卖盘,000626,2025-10-17 22:51:19
14:17:45,9.76,0.0,5,4880,卖盘,000626,2025-10-17 22:51:19
14:18:33,9.76,0.0,3,2928,卖盘,000626,2025-10-17 22:51:19
14:18:48,9.76,0.0,1,976,卖盘,000626,2025-10-17 22:51:19
14:19:06,9.76,0.0,2,1952,卖盘,000626,2025-10-17 22:51:19
14:19:12,9.76,0.0,2,1952,卖盘,000626,2025-10-17 22:51:19
14:19:27,9.76,0.0,5,4880,卖盘,000626,2025-10-17 22:51:19
14:19:51,9.76,0.0,1,976,卖盘,000626,2025-10-17 22:51:19
14:20:09,9.76,0.0,12,11712,卖盘,000626,2025-10-17 22:51:19
14:20:15,9.76,0.0,7,6832,卖盘,000626,2025-10-17 22:51:19
14:20:30,9.76,0.0,13,12688,卖盘,000626,2025-10-17 22:51:19
14:20:33,9.76,0.0,3,2928,卖盘,000626,2025-10-17 22:51:19
14:20:36,9.76,0.0,9,8784,卖盘,000626,2025-10-17 22:51:19
14:21:03,9.76,0.0,7,6832,卖盘,000626,2025-10-17 22:51:19
14:21:39,9.76,0.0,2,1952,卖盘,000626,2025-10-17 22:51:19
14:22:09,9.76,0.0,2,1952,卖盘,000626,2025-10-17 22:51:19
14:22:12,9.76,0.0,120,117120,卖盘,000626,2025-10-17 22:51:19
14:22:57,9.76,0.0,35,34160,卖盘,000626,2025-10-17 22:51:19
14:23:06,9.76,0.0,10,9760,卖盘,000626,2025-10-17 22:51:19
14:23:39,9.76,0.0,1,976,卖盘,000626,2025-10-17 22:51:19
14:23:45,9.76,0.0,2,1952,卖盘,000626,2025-10-17 22:51:19
14:23:54,9.76,0.0,1,976,卖盘,000626,2025-10-17 22:51:19
14:24:00,9.76,0.0,1,976,卖盘,000626,2025-10-17 22:51:19
14:24:15,9.76,0.0,4,3904,卖盘,000626,2025-10-17 22:51:19
14:24:33,9.76,0.0,20,19520,卖盘,000626,2025-10-17 22:51:19
14:24:39,9.76,0.0,222,216672,卖盘,000626,2025-10-17 22:51:19
14:24:48,9.76,0.0,62,60512,卖盘,000626,2025-10-17 22:51:19
14:25:03,9.76,0.0,2,1952,卖盘,000626,2025-10-17 22:51:19
14:26:06,9.76,0.0,17,16592,卖盘,000626,2025-10-17 22:51:19
14:26:33,9.76,0.0,20,19520,卖盘,000626,2025-10-17 22:51:19
14:26:36,9.76,0.0,10,9760,卖盘,000626,2025-10-17 22:51:19
14:26:51,9.76,0.0,9,8784,卖盘,000626,2025-10-17 22:51:19
14:27:09,9.76,0.0,22,21472,卖盘,000626,2025-10-17 22:51:19
14:27:24,9.76,0.0,13,12688,卖盘,000626,2025-10-17 22:51:19
14:27:54,9.76,0.0,1,976,卖盘,000626,2025-10-17 22:51:19
14:28:06,9.76,0.0,1,976,卖盘,000626,2025-10-17 22:51:19
14:28:27,9.76,0.0,1,976,卖盘,000626,2025-10-17 22:51:19
14:29:09,9.76,0.0,6,5856,卖盘,000626,2025-10-17 22:51:19
14:29:15,9.76,0.0,3,2928,卖盘,000626,2025-10-17 22:51:19
14:29:18,9.76,0.0,1,976,卖盘,000626,2025-10-17 22:51:19
14:29:33,9.76,0.0,28,27328,卖盘,000626,2025-10-17 22:51:19
14:29:51,9.76,0.0,10,9760,卖盘,000626,2025-10-17 22:51:19
14:29:54,9.76,0.0,4,3904,卖盘,000626,2025-10-17 22:51:19
14:30:06,9.76,0.0,15,14640,卖盘,000626,2025-10-17 22:51:19
14:30:27,9.76,0.0,10,9760,卖盘,000626,2025-10-17 22:51:19
14:30:39,9.76,0.0,1,976,卖盘,000626,2025-10-17 22:51:19
14:30:42,9.76,0.0,10,9760,卖盘,000626,2025-10-17 22:51:19
14:30:48,9.76,0.0,22,21472,卖盘,000626,2025-10-17 22:51:19
14:31:00,9.76,0.0,1,976,卖盘,000626,2025-10-17 22:51:19
14:31:21,9.76,0.0,10,9760,卖盘,000626,2025-10-17 22:51:19
14:31:51,9.76,0.0,10,9760,卖盘,000626,2025-10-17 22:51:19
14:31:57,9.76,0.0,1,976,卖盘,000626,2025-10-17 22:51:19
14:32:06,9.76,0.0,1,976,卖盘,000626,2025-10-17 22:51:19
14:32:09,9.76,0.0,2,1952,卖盘,000626,2025-10-17 22:51:19
14:32:30,9.76,0.0,1,976,卖盘,000626,2025-10-17 22:51:19
14:32:51,9.76,0.0,1,976,卖盘,000626,2025-10-17 22:51:19
14:33:12,9.76,0.0,3,2928,卖盘,000626,2025-10-17 22:51:19
14:33:33,9.76,0.0,1,976,卖盘,000626,2025-10-17 22:51:19
14:33:45,9.76,0.0,2,1952,卖盘,000626,2025-10-17 22:51:19
14:33:54,9.76,0.0,2,1952,卖盘,000626,2025-10-17 22:51:19
14:34:00,9.76,0.0,9,8784,卖盘,000626,2025-10-17 22:51:19
14:34:06,9.76,0.0,1,976,卖盘,000626,2025-10-17 22:51:19
14:34:27,9.76,0.0,9,8784,卖盘,000626,2025-10-17 22:51:19
14:34:51,9.76,0.0,11,10736,卖盘,000626,2025-10-17 22:51:19
14:34:57,9.76,0.0,8,7808,卖盘,000626,2025-10-17 22:51:19
14:35:21,9.76,0.0,1,976,卖盘,000626,2025-10-17 22:51:19
14:35:42,9.76,0.0,277,270352,卖盘,000626,2025-10-17 22:51:19
14:35:45,9.76,0.0,29,28304,卖盘,000626,2025-10-17 22:51:19
14:35:48,9.76,0.0,4,3904,卖盘,000626,2025-10-17 22:51:19
14:35:51,9.76,0.0,20,19520,卖盘,000626,2025-10-17 22:51:19
14:36:06,9.76,0.0,1,976,卖盘,000626,2025-10-17 22:51:19
14:36:30,9.76,0.0,2,1952,卖盘,000626,2025-10-17 22:51:19
14:36:57,9.76,0.0,1,976,卖盘,000626,2025-10-17 22:51:19
14:37:06,9.76,0.0,5,4880,卖盘,000626,2025-10-17 22:51:19
14:37:15,9.76,0.0,5,4880,卖盘,000626,2025-10-17 22:51:19
14:37:24,9.76,0.0,83,81008,卖盘,000626,2025-10-17 22:51:19
14:38:09,9.76,0.0,1,976,卖盘,000626,2025-10-17 22:51:19
14:38:12,9.76,0.0,1,976,卖盘,000626,2025-10-17 22:51:19
14:38:39,9.76,0.0,10,9760,卖盘,000626,2025-10-17 22:51:19
14:38:42,9.76,0.0,20,19520,卖盘,000626,2025-10-17 22:51:19
14:39:18,9.76,0.0,18,17568,卖盘,000626,2025-10-17 22:51:19
14:39:48,9.76,0.0,2,1952,卖盘,000626,2025-10-17 22:51:19
14:40:00,9.76,0.0,1,976,卖盘,000626,2025-10-17 22:51:19
14:40:18,9.76,0.0,3,2928,卖盘,000626,2025-10-17 22:51:19
14:41:03,9.76,0.0,40,39040,卖盘,000626,2025-10-17 22:51:19
14:41:21,9.76,0.0,3,2928,卖盘,000626,2025-10-17 22:51:19
14:41:27,9.76,0.0,43,41968,卖盘,000626,2025-10-17 22:51:19
14:41:33,9.76,0.0,10,9760,卖盘,000626,2025-10-17 22:51:19
14:41:45,9.76,0.0,1,976,卖盘,000626,2025-10-17 22:51:19
14:42:18,9.76,0.0,50,48800,卖盘,000626,2025-10-17 22:51:19
14:42:30,9.76,0.0,25,24400,卖盘,000626,2025-10-17 22:51:19
14:42:33,9.76,0.0,50,48800,卖盘,000626,2025-10-17 22:51:19
14:43:18,9.76,0.0,20,19520,卖盘,000626,2025-10-17 22:51:19
14:43:54,9.76,0.0,3,2928,卖盘,000626,2025-10-17 22:51:19
14:44:21,9.76,0.0,10,9760,卖盘,000626,2025-10-17 22:51:19
14:44:45,9.76,0.0,10,9760,卖盘,000626,2025-10-17 22:51:19
14:44:48,9.76,0.0,11,10736,卖盘,000626,2025-10-17 22:51:19
14:44:57,9.76,0.0,1,976,卖盘,000626,2025-10-17 22:51:19
14:45:15,9.76,0.0,20,19520,卖盘,000626,2025-10-17 22:51:19
14:45:21,9.76,0.0,58,56608,卖盘,000626,2025-10-17 22:51:19
14:45:51,9.76,0.0,4,3904,卖盘,000626,2025-10-17 22:51:19
14:46:33,9.76,0.0,70,68320,卖盘,000626,2025-10-17 22:51:19
14:46:36,9.76,0.0,20,19520,卖盘,000626,2025-10-17 22:51:19
14:46:48,9.76,0.0,10,9760,卖盘,000626,2025-10-17 22:51:19
14:46:54,9.76,0.0,10,9760,卖盘,000626,2025-10-17 22:51:19
14:47:18,9.76,0.0,20,19520,卖盘,000626,2025-10-17 22:51:19
14:47:39,9.76,0.0,20,19520,卖盘,000626,2025-10-17 22:51:19
14:47:45,9.76,0.0,10,9760,卖盘,000626,2025-10-17 22:51:19
14:47:54,9.76,0.0,100,97600,卖盘,000626,2025-10-17 22:51:19
14:48:06,9.76,0.0,11,10736,卖盘,000626,2025-10-17 22:51:19
14:48:12,9.76,0.0,5,4880,卖盘,000626,2025-10-17 22:51:19
14:48:18,9.76,0.0,2,1952,卖盘,000626,2025-10-17 22:51:19
14:48:30,9.76,0.0,445,434320,卖盘,000626,2025-10-17 22:51:19
14:48:54,9.76,0.0,50,48800,卖盘,000626,2025-10-17 22:51:19
14:49:15,9.76,0.0,10,9760,卖盘,000626,2025-10-17 22:51:19
14:49:18,9.76,0.0,10,9760,卖盘,000626,2025-10-17 22:51:19
14:49:21,9.76,0.0,22,21472,卖盘,000626,2025-10-17 22:51:19
14:49:27,9.76,0.0,2,1952,卖盘,000626,2025-10-17 22:51:19
14:49:30,9.76,0.0,20,19520,卖盘,000626,2025-10-17 22:51:19
14:49:36,9.76,0.0,6,5856,卖盘,000626,2025-10-17 22:51:19
14:49:39,9.76,0.0,1,976,卖盘,000626,2025-10-17 22:51:19
14:49:54,9.76,0.0,11,10736,卖盘,000626,2025-10-17 22:51:19
14:50:30,9.76,0.0,50,48800,卖盘,000626,2025-10-17 22:51:19
14:51:18,9.76,0.0,7,6832,卖盘,000626,2025-10-17 22:51:19
14:51:24,9.76,0.0,5,4880,卖盘,000626,2025-10-17 22:51:19
14:51:36,9.76,0.0,15,14640,卖盘,000626,2025-10-17 22:51:19
14:51:39,9.76,0.0,7,6832,卖盘,000626,2025-10-17 22:51:19
14:51:42,9.76,0.0,5,4880,卖盘,000626,2025-10-17 22:51:19
14:51:45,9.76,0.0,27,26352,卖盘,000626,2025-10-17 22:51:19
14:52:09,9.76,0.0,2,1952,卖盘,000626,2025-10-17 22:51:19
14:52:39,9.76,0.0,18,17568,卖盘,000626,2025-10-17 22:51:19
14:52:45,9.76,0.0,5,4880,卖盘,000626,2025-10-17 22:51:19
14:53:03,9.76,0.0,15,14640,卖盘,000626,2025-10-17 22:51:19
14:53:15,9.76,0.0,15,14640,卖盘,000626,2025-10-17 22:51:19
14:53:30,9.76,0.0,33,32208,卖盘,000626,2025-10-17 22:51:19
14:53:33,9.76,0.0,6,5856,卖盘,000626,2025-10-17 22:51:19
14:53:36,9.76,0.0,1,976,卖盘,000626,2025-10-17 22:51:19
14:53:39,9.76,0.0,10,9760,卖盘,000626,2025-10-17 22:51:19
14:53:42,9.76,0.0,8,7808,卖盘,000626,2025-10-17 22:51:19
14:53:48,9.76,0.0,1,976,卖盘,000626,2025-10-17 22:51:19
14:54:00,9.76,0.0,8,7808,卖盘,000626,2025-10-17 22:51:19
14:54:09,9.76,0.0,4,3904,卖盘,000626,2025-10-17 22:51:19
14:54:15,9.76,0.0,1,976,卖盘,000626,2025-10-17 22:51:19
14:54:30,9.76,0.0,44,42944,卖盘,000626,2025-10-17 22:51:19
14:54:36,9.76,0.0,2,1952,卖盘,000626,2025-10-17 22:51:19
14:54:42,9.76,0.0,1,976,卖盘,000626,2025-10-17 22:51:19
14:54:45,9.76,0.0,2,1952,卖盘,000626,2025-10-17 22:51:19
14:54:48,9.76,0.0,23,22448,卖盘,000626,2025-10-17 22:51:19
14:55:06,9.76,0.0,1,976,卖盘,000626,2025-10-17 22:51:19
14:55:15,9.76,0.0,12,11712,卖盘,000626,2025-10-17 22:51:19
14:55:18,9.76,0.0,48,46848,卖盘,000626,2025-10-17 22:51:19
14:55:48,9.76,0.0,2,1952,卖盘,000626,2025-10-17 22:51:19
14:55:51,9.76,0.0,28,27328,卖盘,000626,2025-10-17 22:51:19
14:56:00,9.76,0.0,8,7808,卖盘,000626,2025-10-17 22:51:19
14:56:21,9.76,0.0,9,8784,卖盘,000626,2025-10-17 22:51:19
14:56:27,9.76,0.0,11,10736,卖盘,000626,2025-10-17 22:51:19
14:56:30,9.76,0.0,10,9760,卖盘,000626,2025-10-17 22:51:19
14:56:33,9.76,0.0,4,3904,卖盘,000626,2025-10-17 22:51:19
14:56:42,9.76,0.0,10,9760,卖盘,000626,2025-10-17 22:51:19
14:56:51,9.76,0.0,1,976,卖盘,000626,2025-10-17 22:51:19
14:56:54,9.76,0.0,33,32208,卖盘,000626,2025-10-17 22:51:19
14:56:57,9.76,0.0,31,30256,卖盘,000626,2025-10-17 22:51:19
15:00:00,9.76,0.0,841,820816,卖盘,000626,2025-10-17 22:51:19
