时间,成交价,价格变动,成交量,成交额,买卖盘性质,股票代码,采集时间
09:25:00,13.06,0.04,61056,79739136,买盘,000625,2025-10-17 22:58:28
09:30:00,12.99,-0.07,37251,48436963,卖盘,000625,2025-10-17 22:58:28
09:30:03,13.07,0.08,65918,85863102,买盘,000625,2025-10-17 22:58:28
09:30:06,13.07,0.0,10765,14065072,卖盘,000625,2025-10-17 22:58:28
09:30:09,13.05,-0.02,4129,5392097,卖盘,000625,2025-10-17 22:58:28
09:30:12,13.05,0.0,4201,5477914,卖盘,000625,2025-10-17 22:58:28
09:30:15,13.05,0.0,4260,5551353,卖盘,000625,2025-10-17 22:58:28
09:30:18,13.03,-0.02,4410,5740873,卖盘,000625,2025-10-17 22:58:28
09:30:21,13.01,-0.02,3590,4669610,卖盘,000625,2025-10-17 22:58:28
09:30:24,12.99,-0.02,14714,19114126,卖盘,000625,2025-10-17 22:58:28
09:30:27,12.98,-0.01,5921,7679067,卖盘,000625,2025-10-17 22:58:28
09:30:30,12.95,-0.03,3097,4009230,卖盘,000625,2025-10-17 22:58:28
09:30:33,12.97,0.02,6290,8152326,买盘,000625,2025-10-17 22:58:28
09:30:36,13.02,0.05,21450,27893380,买盘,000625,2025-10-17 22:58:28
09:30:39,13.06,0.04,3348,4363811,买盘,000625,2025-10-17 22:58:28
09:30:42,13.05,-0.01,3633,4740766,卖盘,000625,2025-10-17 22:58:28
09:30:45,13.11,0.06,13358,17483324,买盘,000625,2025-10-17 22:58:28
09:30:48,13.07,-0.04,1595,2089005,卖盘,000625,2025-10-17 22:58:28
09:30:51,13.09,0.02,3928,5141509,买盘,000625,2025-10-17 22:58:28
09:30:54,13.07,-0.02,8450,11065317,卖盘,000625,2025-10-17 22:58:28
09:30:57,13.07,0.0,4229,5527940,卖盘,000625,2025-10-17 22:58:28
09:31:00,13.04,-0.03,4146,5412460,卖盘,000625,2025-10-17 22:58:28
09:31:03,13.06,0.02,4264,5561815,买盘,000625,2025-10-17 22:58:28
09:31:06,13.05,-0.01,1121,1462802,中性盘,000625,2025-10-17 22:58:28
09:31:09,13.06,0.01,2605,3398621,买盘,000625,2025-10-17 22:58:28
09:31:12,13.05,-0.01,4888,6381261,中性盘,000625,2025-10-17 22:58:28
09:31:15,13.06,0.01,2902,3788821,买盘,000625,2025-10-17 22:58:28
09:31:18,13.06,0.0,1282,1675090,卖盘,000625,2025-10-17 22:58:28
09:31:21,13.06,0.0,42621,55451773,卖盘,000625,2025-10-17 22:58:28
09:31:24,13.05,-0.01,2502,3266511,中性盘,000625,2025-10-17 22:58:28
09:31:27,13.04,-0.01,2784,3633235,卖盘,000625,2025-10-17 22:58:28
09:31:30,13.03,-0.01,2827,3686676,卖盘,000625,2025-10-17 22:58:28
09:31:33,13.03,0.0,2573,3354635,卖盘,000625,2025-10-17 22:58:28
09:31:36,13.02,-0.01,5439,7077764,卖盘,000625,2025-10-17 22:58:28
09:31:39,13.02,0.0,4261,5550679,买盘,000625,2025-10-17 22:58:28
09:31:42,13.02,0.0,2432,3165508,卖盘,000625,2025-10-17 22:58:28
09:31:45,13.02,0.0,2216,2885222,买盘,000625,2025-10-17 22:58:28
09:31:48,13.03,0.01,2413,3142223,买盘,000625,2025-10-17 22:58:28
09:31:51,13.02,-0.01,2438,3173702,卖盘,000625,2025-10-17 22:58:28
09:31:54,13.02,0.0,4751,6185108,卖盘,000625,2025-10-17 22:58:28
09:31:57,13.01,-0.01,3179,4138160,卖盘,000625,2025-10-17 22:58:28
09:32:00,12.98,-0.03,11981,15563865,卖盘,000625,2025-10-17 22:58:28
09:32:03,12.96,-0.02,4459,5780342,卖盘,000625,2025-10-17 22:58:28
09:32:06,12.92,-0.04,13021,16851221,卖盘,000625,2025-10-17 22:58:28
09:32:09,12.93,0.01,10332,13361913,中性盘,000625,2025-10-17 22:58:28
09:32:12,12.97,0.04,4515,5848741,买盘,000625,2025-10-17 22:58:28
09:32:15,12.97,0.0,8768,11346293,买盘,000625,2025-10-17 22:58:28
09:32:18,12.96,-0.01,3285,4263793,卖盘,000625,2025-10-17 22:58:28
09:32:21,12.97,0.01,2478,3213995,买盘,000625,2025-10-17 22:58:28
09:32:24,12.96,-0.01,4024,5219697,卖盘,000625,2025-10-17 22:58:28
09:32:27,12.97,0.01,2689,3486898,买盘,000625,2025-10-17 22:58:28
09:32:30,12.97,0.0,4837,6270714,卖盘,000625,2025-10-17 22:58:28
09:32:33,12.97,0.0,3453,4478564,买盘,000625,2025-10-17 22:58:28
09:32:36,12.97,0.0,2162,2803120,卖盘,000625,2025-10-17 22:58:28
09:32:39,12.98,0.01,2767,3588418,买盘,000625,2025-10-17 22:58:28
09:32:42,12.98,0.0,2880,3735448,卖盘,000625,2025-10-17 22:58:28
09:32:45,12.97,-0.01,2288,2967913,卖盘,000625,2025-10-17 22:58:28
09:32:48,12.96,-0.01,2679,3474130,卖盘,000625,2025-10-17 22:58:28
09:32:51,12.97,0.01,1406,1824137,买盘,000625,2025-10-17 22:58:28
09:32:54,12.96,-0.01,4226,5479616,卖盘,000625,2025-10-17 22:58:28
09:32:57,12.96,0.0,3447,4468958,买盘,000625,2025-10-17 22:58:28
09:33:00,12.96,0.0,2065,2676818,卖盘,000625,2025-10-17 22:58:28
09:33:03,12.97,0.01,2012,2608175,买盘,000625,2025-10-17 22:58:28
09:33:06,12.97,0.0,4698,6089014,卖盘,000625,2025-10-17 22:58:28
09:33:09,12.98,0.01,1097,1422972,买盘,000625,2025-10-17 22:58:28
09:33:12,12.97,-0.01,1827,2370048,卖盘,000625,2025-10-17 22:58:28
09:33:15,12.97,0.0,3317,4300280,卖盘,000625,2025-10-17 22:58:28
09:33:18,12.96,-0.01,7262,9428933,卖盘,000625,2025-10-17 22:58:28
09:33:21,12.95,-0.01,1982,2568428,卖盘,000625,2025-10-17 22:58:28
09:33:24,12.96,0.01,4538,5878034,买盘,000625,2025-10-17 22:58:28
09:33:27,12.95,-0.01,2644,3424830,卖盘,000625,2025-10-17 22:58:28
09:33:30,12.95,0.0,3429,4441227,卖盘,000625,2025-10-17 22:58:28
09:33:33,12.95,0.0,4587,5939987,卖盘,000625,2025-10-17 22:58:28
09:33:36,12.94,-0.01,5222,6757781,卖盘,000625,2025-10-17 22:58:28
09:33:39,12.94,0.0,3758,4862409,买盘,000625,2025-10-17 22:58:28
09:33:42,12.92,-0.02,8199,10599481,卖盘,000625,2025-10-17 22:58:28
09:33:45,12.93,0.01,1521,1966291,中性盘,000625,2025-10-17 22:58:28
09:33:48,12.93,0.0,3557,4598610,买盘,000625,2025-10-17 22:58:28
09:33:51,12.93,0.0,8033,10376966,卖盘,000625,2025-10-17 22:58:28
09:33:54,12.93,0.0,1799,2325883,卖盘,000625,2025-10-17 22:58:28
09:33:57,12.9,-0.03,32729,42229510,卖盘,000625,2025-10-17 22:58:28
09:34:00,12.9,0.0,34645,44620933,买盘,000625,2025-10-17 22:58:28
09:34:03,12.89,-0.01,2367,3051928,中性盘,000625,2025-10-17 22:58:28
09:34:06,12.89,0.0,3420,4408722,买盘,000625,2025-10-17 22:58:28
09:34:09,12.89,0.0,4593,5923975,买盘,000625,2025-10-17 22:58:28
09:34:12,12.88,-0.01,3654,4711026,卖盘,000625,2025-10-17 22:58:28
09:34:15,12.9,0.02,2247,2898896,卖盘,000625,2025-10-17 22:58:28
09:34:18,12.9,0.0,2308,2977270,买盘,000625,2025-10-17 22:58:28
09:34:21,12.9,0.0,3684,4752040,买盘,000625,2025-10-17 22:58:28
09:34:24,12.9,0.0,2028,2615974,卖盘,000625,2025-10-17 22:58:28
09:34:27,12.9,0.0,4700,6065891,卖盘,000625,2025-10-17 22:58:28
09:34:30,12.92,0.02,5279,6811224,买盘,000625,2025-10-17 22:58:28
09:34:33,12.93,0.01,1506,1945452,买盘,000625,2025-10-17 22:58:28
09:34:36,12.92,-0.01,5875,7579845,卖盘,000625,2025-10-17 22:58:28
09:34:39,12.92,0.0,1569,2028005,买盘,000625,2025-10-17 22:58:28
09:34:42,12.93,0.01,2298,2969604,卖盘,000625,2025-10-17 22:58:28
09:34:45,12.94,0.01,2035,2631374,买盘,000625,2025-10-17 22:58:28
09:34:48,12.94,0.0,2137,2764182,卖盘,000625,2025-10-17 22:58:28
09:34:51,12.94,0.0,1519,1965303,买盘,000625,2025-10-17 22:58:28
09:34:54,12.94,0.0,2034,2631512,买盘,000625,2025-10-17 22:58:28
09:34:57,12.94,0.0,2389,3089370,买盘,000625,2025-10-17 22:58:28
09:35:00,12.9,-0.04,12265,15835444,卖盘,000625,2025-10-17 22:58:28
09:35:03,12.9,0.0,3377,4358476,买盘,000625,2025-10-17 22:58:28
09:35:06,12.89,-0.01,11602,14947838,卖盘,000625,2025-10-17 22:58:28
09:35:09,12.88,-0.01,2082,2680515,中性盘,000625,2025-10-17 22:58:28
09:35:12,12.86,-0.02,4677,6021139,卖盘,000625,2025-10-17 22:58:28
09:35:15,12.86,0.0,13808,17756098,卖盘,000625,2025-10-17 22:58:28
09:35:18,12.86,0.0,3885,4998433,卖盘,000625,2025-10-17 22:58:28
09:35:21,12.87,0.01,10518,13527152,买盘,000625,2025-10-17 22:58:28
09:35:24,12.86,-0.01,4037,5192219,卖盘,000625,2025-10-17 22:58:28
09:35:27,12.86,0.0,3363,4323764,买盘,000625,2025-10-17 22:58:28
09:35:30,12.86,0.0,9345,12011862,买盘,000625,2025-10-17 22:58:28
09:35:33,12.86,0.0,8024,10315046,卖盘,000625,2025-10-17 22:58:28
09:35:36,12.85,-0.01,10115,13001726,卖盘,000625,2025-10-17 22:58:28
09:35:39,12.85,0.0,3223,4142610,买盘,000625,2025-10-17 22:58:28
09:35:42,12.85,0.0,13734,17656975,卖盘,000625,2025-10-17 22:58:28
09:35:45,12.86,0.01,11549,14824596,买盘,000625,2025-10-17 22:58:28
09:35:48,12.83,-0.03,8009,10284938,卖盘,000625,2025-10-17 22:58:28
09:35:51,12.83,0.0,20232,25934975,买盘,000625,2025-10-17 22:58:28
09:35:54,12.83,0.0,3140,4026646,卖盘,000625,2025-10-17 22:58:28
09:35:57,12.83,0.0,2483,3186475,卖盘,000625,2025-10-17 22:58:28
09:36:00,12.83,0.0,2510,3220086,买盘,000625,2025-10-17 22:58:28
09:36:03,12.84,0.01,4972,6379159,买盘,000625,2025-10-17 22:58:28
09:36:06,12.85,0.01,5351,6872684,买盘,000625,2025-10-17 22:58:28
09:36:09,12.85,0.0,2895,3717626,买盘,000625,2025-10-17 22:58:28
09:36:12,12.85,0.0,2128,2733750,买盘,000625,2025-10-17 22:58:28
09:36:15,12.85,0.0,4154,5337394,卖盘,000625,2025-10-17 22:58:28
09:36:18,12.85,0.0,3617,4647767,买盘,000625,2025-10-17 22:58:28
09:36:21,12.86,0.01,2671,3432447,买盘,000625,2025-10-17 22:58:28
09:36:24,12.86,0.0,1247,1602704,卖盘,000625,2025-10-17 22:58:28
09:36:27,12.87,0.01,592,761847,买盘,000625,2025-10-17 22:58:28
09:36:30,12.88,0.01,1178,1516555,买盘,000625,2025-10-17 22:58:28
09:36:33,12.89,0.01,465,599159,买盘,000625,2025-10-17 22:58:28
09:36:36,12.91,0.02,1374,1772434,买盘,000625,2025-10-17 22:58:28
09:36:39,12.9,-0.01,2191,2827505,卖盘,000625,2025-10-17 22:58:28
09:36:42,12.92,0.02,7223,9320750,买盘,000625,2025-10-17 22:58:28
09:36:45,12.91,-0.01,3263,4215235,卖盘,000625,2025-10-17 22:58:28
09:36:48,12.9,-0.01,2322,2996459,卖盘,000625,2025-10-17 22:58:28
09:36:51,12.91,0.01,2325,3000117,买盘,000625,2025-10-17 22:58:28
09:36:54,12.9,-0.01,4582,5909877,卖盘,000625,2025-10-17 22:58:28
09:36:57,12.91,0.01,3915,5046319,买盘,000625,2025-10-17 22:58:28
09:37:00,12.89,-0.02,1764,2275915,卖盘,000625,2025-10-17 22:58:28
09:37:03,12.88,-0.01,6687,8611649,卖盘,000625,2025-10-17 22:58:28
09:37:06,12.9,0.02,2440,3144958,买盘,000625,2025-10-17 22:58:28
09:37:09,12.9,0.0,1786,2301199,买盘,000625,2025-10-17 22:58:28
09:37:12,12.89,-0.01,2497,3219120,卖盘,000625,2025-10-17 22:58:28
09:37:15,12.9,0.01,1081,1394205,买盘,000625,2025-10-17 22:58:28
09:37:18,12.9,0.0,4214,5434834,买盘,000625,2025-10-17 22:58:28
09:37:21,12.9,0.0,812,1047554,卖盘,000625,2025-10-17 22:58:28
09:37:24,12.9,0.0,1298,1675054,卖盘,000625,2025-10-17 22:58:28
09:37:27,12.91,0.01,1131,1459245,买盘,000625,2025-10-17 22:58:28
09:37:30,12.91,0.0,2533,3270202,卖盘,000625,2025-10-17 22:58:28
09:37:33,12.91,0.0,2349,3031546,卖盘,000625,2025-10-17 22:58:28
09:37:36,12.91,0.0,1159,1496172,中性盘,000625,2025-10-17 22:58:28
09:37:39,12.9,-0.01,1678,2165523,卖盘,000625,2025-10-17 22:58:28
09:37:42,12.9,0.0,2787,3596601,卖盘,000625,2025-10-17 22:58:28
09:37:45,12.91,0.01,2337,3016439,买盘,000625,2025-10-17 22:58:28
09:37:48,12.9,-0.01,1523,1965177,卖盘,000625,2025-10-17 22:58:28
09:37:51,12.91,0.01,1092,1409209,买盘,000625,2025-10-17 22:58:28
09:37:54,12.9,-0.01,4173,5382332,卖盘,000625,2025-10-17 22:58:28
09:37:57,12.91,0.01,1133,1461982,买盘,000625,2025-10-17 22:58:28
09:38:00,12.9,-0.01,1343,1732472,卖盘,000625,2025-10-17 22:58:28
09:38:03,12.9,0.0,1541,1988992,卖盘,000625,2025-10-17 22:58:28
09:38:06,12.92,0.02,1041,1343293,买盘,000625,2025-10-17 22:58:28
09:38:09,12.9,-0.02,5197,6705420,卖盘,000625,2025-10-17 22:58:28
09:38:12,12.91,0.01,1903,2455819,买盘,000625,2025-10-17 22:58:28
09:38:15,12.9,-0.01,1998,2577772,卖盘,000625,2025-10-17 22:58:28
09:38:18,12.9,0.0,1353,1745444,买盘,000625,2025-10-17 22:58:28
09:38:21,12.9,0.0,1350,1741251,买盘,000625,2025-10-17 22:58:28
09:38:24,12.9,0.0,1044,1346739,卖盘,000625,2025-10-17 22:58:28
09:38:27,12.9,0.0,1493,1925780,买盘,000625,2025-10-17 22:58:28
09:38:30,12.9,0.0,914,1178925,买盘,000625,2025-10-17 22:58:28
09:38:33,12.89,-0.01,5804,7483670,卖盘,000625,2025-10-17 22:58:28
09:38:36,12.88,-0.01,8966,11547169,卖盘,000625,2025-10-17 22:58:28
09:38:39,12.86,-0.02,1181,1520710,卖盘,000625,2025-10-17 22:58:28
09:38:42,12.88,0.02,753,969176,买盘,000625,2025-10-17 22:58:28
09:38:45,12.88,0.0,1988,2557437,买盘,000625,2025-10-17 22:58:28
09:38:48,12.88,0.0,959,1234639,买盘,000625,2025-10-17 22:58:28
09:38:51,12.88,0.0,883,1137077,卖盘,000625,2025-10-17 22:58:28
09:38:54,12.88,0.0,5255,6766043,买盘,000625,2025-10-17 22:58:28
09:38:57,12.88,0.0,1046,1346804,买盘,000625,2025-10-17 22:58:28
09:39:00,12.86,-0.02,2033,2619377,卖盘,000625,2025-10-17 22:58:28
09:39:03,12.88,0.02,486,625599,买盘,000625,2025-10-17 22:58:28
09:39:06,12.88,0.0,472,607555,买盘,000625,2025-10-17 22:58:28
09:39:09,12.88,0.0,1061,1365827,买盘,000625,2025-10-17 22:58:28
09:39:12,12.87,-0.01,778,1001825,卖盘,000625,2025-10-17 22:58:28
09:39:15,12.88,0.01,735,946249,买盘,000625,2025-10-17 22:58:28
09:39:18,12.87,-0.01,1228,1580869,卖盘,000625,2025-10-17 22:58:28
09:39:21,12.88,0.01,916,1179434,买盘,000625,2025-10-17 22:58:28
09:39:24,12.88,0.0,1189,1530652,买盘,000625,2025-10-17 22:58:28
09:39:27,12.87,-0.01,605,778907,卖盘,000625,2025-10-17 22:58:28
09:39:30,12.88,0.01,2023,2605633,买盘,000625,2025-10-17 22:58:28
09:39:33,12.88,0.0,697,897406,卖盘,000625,2025-10-17 22:58:28
09:39:36,12.89,0.01,416,535745,买盘,000625,2025-10-17 22:58:28
09:39:39,12.89,0.0,1594,2052301,买盘,000625,2025-10-17 22:58:28
09:39:42,12.89,0.0,497,640405,买盘,000625,2025-10-17 22:58:28
09:39:45,12.89,0.0,1070,1379017,买盘,000625,2025-10-17 22:58:28
09:39:48,12.89,0.0,922,1188927,卖盘,000625,2025-10-17 22:58:28
09:39:51,12.89,0.0,3263,4204047,卖盘,000625,2025-10-17 22:58:28
09:39:54,12.89,0.0,574,739848,买盘,000625,2025-10-17 22:58:28
09:39:57,12.89,0.0,446,574776,买盘,000625,2025-10-17 22:58:28
09:40:00,12.88,-0.01,4235,5451790,卖盘,000625,2025-10-17 22:58:28
09:40:03,12.87,-0.01,1298,1670350,卖盘,000625,2025-10-17 22:58:28
09:40:06,12.87,0.0,399,513466,买盘,000625,2025-10-17 22:58:28
09:40:09,12.88,0.01,955,1229208,买盘,000625,2025-10-17 22:58:28
09:40:12,12.88,0.0,613,789064,买盘,000625,2025-10-17 22:58:28
09:40:15,12.88,0.0,1400,1803046,买盘,000625,2025-10-17 22:58:28
09:40:18,12.88,0.0,464,597793,卖盘,000625,2025-10-17 22:58:28
09:40:21,12.89,0.01,261,336217,买盘,000625,2025-10-17 22:58:28
09:40:24,12.88,-0.01,2122,2733869,卖盘,000625,2025-10-17 22:58:28
09:40:27,12.88,0.0,885,1140270,卖盘,000625,2025-10-17 22:58:28
09:40:30,12.88,0.0,5013,6458350,卖盘,000625,2025-10-17 22:58:28
09:40:33,12.88,0.0,4056,5219773,买盘,000625,2025-10-17 22:58:28
09:40:36,12.87,-0.01,3649,4693543,中性盘,000625,2025-10-17 22:58:28
09:40:39,12.86,-0.01,665,855463,卖盘,000625,2025-10-17 22:58:28
09:40:42,12.86,0.0,1814,2333110,卖盘,000625,2025-10-17 22:58:28
09:40:45,12.82,-0.04,32033,41145101,卖盘,000625,2025-10-17 22:58:28
09:40:48,12.82,0.0,1686,2164857,卖盘,000625,2025-10-17 22:58:28
09:40:51,12.83,0.01,2738,3513900,卖盘,000625,2025-10-17 22:58:28
09:40:54,12.84,0.01,19600,25125412,卖盘,000625,2025-10-17 22:58:28
09:40:57,12.83,-0.01,1364,1748661,中性盘,000625,2025-10-17 22:58:28
09:41:00,12.83,0.0,986,1265035,买盘,000625,2025-10-17 22:58:28
09:41:03,12.82,-0.01,2068,2651811,卖盘,000625,2025-10-17 22:58:28
09:41:06,12.82,0.0,1001,1283777,卖盘,000625,2025-10-17 22:58:28
09:41:09,12.8,-0.02,50821,65065804,卖盘,000625,2025-10-17 22:58:28
09:41:12,12.8,0.0,2304,2948660,买盘,000625,2025-10-17 22:58:28
09:41:15,12.79,-0.01,2856,3654644,卖盘,000625,2025-10-17 22:58:28
09:41:18,12.79,0.0,8680,11102506,卖盘,000625,2025-10-17 22:58:28
09:41:21,12.79,0.0,2245,2871153,卖盘,000625,2025-10-17 22:58:28
09:41:24,12.79,0.0,2775,3547495,买盘,000625,2025-10-17 22:58:28
09:41:27,12.79,0.0,3843,4914685,买盘,000625,2025-10-17 22:58:28
09:41:30,12.8,0.01,2307,2951827,买盘,000625,2025-10-17 22:58:28
09:41:33,12.79,-0.01,2754,3522667,卖盘,000625,2025-10-17 22:58:28
09:41:36,12.79,0.0,1074,1374497,卖盘,000625,2025-10-17 22:58:28
09:41:39,12.8,0.01,1675,2143083,买盘,000625,2025-10-17 22:58:28
09:41:42,12.8,0.0,2057,2632333,买盘,000625,2025-10-17 22:58:28
09:41:45,12.8,0.0,1219,1560741,卖盘,000625,2025-10-17 22:58:28
09:41:48,12.82,0.02,2850,3648069,买盘,000625,2025-10-17 22:58:28
09:41:51,12.81,-0.01,1063,1362441,卖盘,000625,2025-10-17 22:58:28
09:41:54,12.81,0.0,4968,6360239,卖盘,000625,2025-10-17 22:58:28
09:41:57,12.81,0.0,645,826105,买盘,000625,2025-10-17 22:58:28
09:42:00,12.8,-0.01,1838,2353833,卖盘,000625,2025-10-17 22:58:28
09:42:03,12.8,0.0,1772,2268619,卖盘,000625,2025-10-17 22:58:28
09:42:06,12.8,0.0,2708,3467982,卖盘,000625,2025-10-17 22:58:28
09:42:09,12.8,0.0,2328,2981188,卖盘,000625,2025-10-17 22:58:28
09:42:12,12.82,0.02,1464,1874931,买盘,000625,2025-10-17 22:58:28
09:42:15,12.82,0.0,1579,2022535,买盘,000625,2025-10-17 22:58:28
09:42:18,12.81,-0.01,694,888934,中性盘,000625,2025-10-17 22:58:28
09:42:21,12.82,0.01,878,1125119,买盘,000625,2025-10-17 22:58:28
09:42:24,12.81,-0.01,991,1269373,卖盘,000625,2025-10-17 22:58:28
09:42:27,12.81,0.0,1573,2014712,买盘,000625,2025-10-17 22:58:28
09:42:30,12.81,0.0,1421,1819630,买盘,000625,2025-10-17 22:58:28
09:42:33,12.81,0.0,2594,3322098,买盘,000625,2025-10-17 22:58:28
09:42:36,12.81,0.0,911,1167073,卖盘,000625,2025-10-17 22:58:28
09:42:39,12.81,0.0,503,644478,卖盘,000625,2025-10-17 22:58:28
09:42:42,12.81,0.0,870,1114866,卖盘,000625,2025-10-17 22:58:28
09:42:45,12.82,0.01,3297,4225658,买盘,000625,2025-10-17 22:58:28
09:42:48,12.82,0.0,2434,3121189,买盘,000625,2025-10-17 22:58:28
09:42:51,12.84,0.02,878,1127138,买盘,000625,2025-10-17 22:58:28
09:42:54,12.84,0.0,438,561706,买盘,000625,2025-10-17 22:58:28
09:42:57,12.83,-0.01,1013,1300309,卖盘,000625,2025-10-17 22:58:28
09:43:00,12.82,-0.01,3146,4033679,卖盘,000625,2025-10-17 22:58:28
09:43:03,12.82,0.0,2026,2597270,买盘,000625,2025-10-17 22:58:28
09:43:06,12.83,0.01,1862,2386887,买盘,000625,2025-10-17 22:58:28
09:43:09,12.82,-0.01,5593,7165941,卖盘,000625,2025-10-17 22:58:28
09:43:12,12.81,-0.01,1204,1543000,卖盘,000625,2025-10-17 22:58:28
09:43:15,12.82,0.01,1147,1470056,买盘,000625,2025-10-17 22:58:28
09:43:18,12.82,0.0,1829,2343633,卖盘,000625,2025-10-17 22:58:28
09:43:21,12.82,0.0,775,993240,买盘,000625,2025-10-17 22:58:28
09:43:24,12.81,-0.01,3621,4638822,卖盘,000625,2025-10-17 22:58:28
09:43:27,12.81,0.0,1804,2310355,买盘,000625,2025-10-17 22:58:28
09:43:30,12.81,0.0,1122,1437078,买盘,000625,2025-10-17 22:58:28
09:43:33,12.8,-0.01,14311,18316078,卖盘,000625,2025-10-17 22:58:28
09:43:36,12.8,0.0,1666,2132981,买盘,000625,2025-10-17 22:58:28
09:43:39,12.79,-0.01,740,946979,卖盘,000625,2025-10-17 22:58:28
09:43:42,12.8,0.01,398,509469,买盘,000625,2025-10-17 22:58:28
09:43:45,12.8,0.0,427,546562,卖盘,000625,2025-10-17 22:58:28
09:43:48,12.8,0.0,1062,1359577,卖盘,000625,2025-10-17 22:58:28
09:43:51,12.8,0.0,2783,3562490,卖盘,000625,2025-10-17 22:58:28
09:43:54,12.8,0.0,3332,4263370,卖盘,000625,2025-10-17 22:58:28
09:43:57,12.8,0.0,1710,2189446,买盘,000625,2025-10-17 22:58:28
09:44:00,12.8,0.0,1426,1825108,买盘,000625,2025-10-17 22:58:28
09:44:03,12.8,0.0,2953,3779098,卖盘,000625,2025-10-17 22:58:28
09:44:06,12.81,0.01,1721,2204145,买盘,000625,2025-10-17 22:58:28
09:44:09,12.8,-0.01,1558,1995288,卖盘,000625,2025-10-17 22:58:28
09:44:12,12.81,0.01,420,538013,卖盘,000625,2025-10-17 22:58:28
09:44:15,12.8,-0.01,1099,1407390,卖盘,000625,2025-10-17 22:58:28
09:44:18,12.8,0.0,858,1098853,卖盘,000625,2025-10-17 22:58:28
09:44:21,12.81,0.01,800,1024324,买盘,000625,2025-10-17 22:58:28
09:44:24,12.81,0.0,1567,2006483,买盘,000625,2025-10-17 22:58:28
09:44:27,12.81,0.0,905,1159144,买盘,000625,2025-10-17 22:58:28
09:44:30,12.81,0.0,206,263919,卖盘,000625,2025-10-17 22:58:28
09:44:33,12.81,0.0,399,511196,卖盘,000625,2025-10-17 22:58:28
09:44:36,12.82,0.01,652,835373,买盘,000625,2025-10-17 22:58:28
09:44:39,12.82,0.0,1868,2393004,买盘,000625,2025-10-17 22:58:28
09:44:42,12.82,0.0,1159,1485680,买盘,000625,2025-10-17 22:58:28
09:44:45,12.82,0.0,694,889790,卖盘,000625,2025-10-17 22:58:28
09:44:48,12.82,0.0,4200,5384410,卖盘,000625,2025-10-17 22:58:28
09:44:51,12.82,0.0,1022,1310169,买盘,000625,2025-10-17 22:58:28
09:44:54,12.82,0.0,915,1172519,买盘,000625,2025-10-17 22:58:28
09:44:57,12.81,-0.01,5582,7146449,卖盘,000625,2025-10-17 22:58:28
09:45:00,12.8,-0.01,465,595608,卖盘,000625,2025-10-17 22:58:28
09:45:03,12.8,0.0,6422,8220159,卖盘,000625,2025-10-17 22:58:28
09:45:06,12.8,0.0,1033,1322058,买盘,000625,2025-10-17 22:58:28
09:45:09,12.79,-0.01,2010,2572076,卖盘,000625,2025-10-17 22:58:28
09:45:12,12.79,0.0,1047,1339848,卖盘,000625,2025-10-17 22:58:28
09:45:15,12.75,-0.04,24235,30958671,卖盘,000625,2025-10-17 22:58:28
09:45:18,12.75,0.0,10816,13790736,卖盘,000625,2025-10-17 22:58:28
09:45:21,12.73,-0.02,4898,6238046,卖盘,000625,2025-10-17 22:58:28
09:45:24,12.73,0.0,3443,4380390,买盘,000625,2025-10-17 22:58:28
09:45:27,12.72,-0.01,3936,5007086,卖盘,000625,2025-10-17 22:58:28
09:45:30,12.72,0.0,5386,6853569,卖盘,000625,2025-10-17 22:58:28
09:45:33,12.72,0.0,8431,10719264,卖盘,000625,2025-10-17 22:58:28
09:45:36,12.73,0.01,3442,4378996,买盘,000625,2025-10-17 22:58:28
09:45:39,12.73,0.0,3666,4664096,卖盘,000625,2025-10-17 22:58:28
09:45:42,12.73,0.0,1269,1615305,卖盘,000625,2025-10-17 22:58:28
09:45:45,12.73,0.0,1429,1819301,卖盘,000625,2025-10-17 22:58:28
09:45:48,12.74,0.01,2175,2769271,买盘,000625,2025-10-17 22:58:28
09:45:51,12.73,-0.01,2985,3799770,卖盘,000625,2025-10-17 22:58:28
09:45:54,12.72,-0.01,2016,2565225,卖盘,000625,2025-10-17 22:58:28
09:45:57,12.73,0.01,1771,2253925,买盘,000625,2025-10-17 22:58:28
09:46:00,12.73,0.0,4361,5552369,卖盘,000625,2025-10-17 22:58:28
09:46:03,12.72,-0.01,2207,2809751,卖盘,000625,2025-10-17 22:58:28
09:46:06,12.73,0.01,1513,1926167,买盘,000625,2025-10-17 22:58:28
09:46:09,12.73,0.0,2237,2848052,卖盘,000625,2025-10-17 22:58:28
09:46:12,12.73,0.0,2297,2923284,卖盘,000625,2025-10-17 22:58:28
09:46:15,12.73,0.0,1553,1976201,买盘,000625,2025-10-17 22:58:28
09:46:18,12.73,0.0,1173,1493441,买盘,000625,2025-10-17 22:58:28
09:46:21,12.73,0.0,1437,1831076,卖盘,000625,2025-10-17 22:58:28
09:46:24,12.75,0.02,648,825858,买盘,000625,2025-10-17 22:58:28
09:46:27,12.75,0.0,762,971561,卖盘,000625,2025-10-17 22:58:28
09:46:30,12.75,0.0,904,1152489,卖盘,000625,2025-10-17 22:58:28
09:46:33,12.74,-0.01,1214,1547416,卖盘,000625,2025-10-17 22:58:28
09:46:36,12.76,0.02,1615,2059026,买盘,000625,2025-10-17 22:58:28
09:46:39,12.76,0.0,803,1024154,卖盘,000625,2025-10-17 22:58:28
09:46:42,12.75,-0.01,1415,1804687,卖盘,000625,2025-10-17 22:58:28
09:46:45,12.76,0.01,542,691306,买盘,000625,2025-10-17 22:58:28
09:46:48,12.76,0.0,1397,1781449,买盘,000625,2025-10-17 22:58:28
09:46:51,12.76,0.0,1226,1563937,买盘,000625,2025-10-17 22:58:28
09:46:54,12.75,-0.01,910,1160586,卖盘,000625,2025-10-17 22:58:28
09:46:57,12.76,0.01,492,627704,买盘,000625,2025-10-17 22:58:28
09:47:00,12.76,0.0,692,883233,卖盘,000625,2025-10-17 22:58:28
09:47:03,12.76,0.0,854,1089755,卖盘,000625,2025-10-17 22:58:28
09:47:06,12.77,0.01,556,709718,买盘,000625,2025-10-17 22:58:28
09:47:09,12.76,-0.01,2170,2768041,卖盘,000625,2025-10-17 22:58:28
09:47:12,12.76,0.0,2395,3054955,买盘,000625,2025-10-17 22:58:28
09:47:15,12.76,0.0,1999,2550082,买盘,000625,2025-10-17 22:58:28
09:47:18,12.75,-0.01,2204,2811236,卖盘,000625,2025-10-17 22:58:28
09:47:21,12.76,0.01,986,1257953,买盘,000625,2025-10-17 22:58:28
09:47:24,12.75,-0.01,792,1009725,卖盘,000625,2025-10-17 22:58:28
09:47:27,12.76,0.01,753,960550,买盘,000625,2025-10-17 22:58:28
09:47:30,12.76,0.0,1155,1473029,买盘,000625,2025-10-17 22:58:28
09:47:33,12.76,0.0,737,940088,买盘,000625,2025-10-17 22:58:28
09:47:36,12.76,0.0,1044,1331788,买盘,000625,2025-10-17 22:58:28
09:47:39,12.76,0.0,3048,3889076,买盘,000625,2025-10-17 22:58:28
09:47:42,12.75,-0.01,717,914802,卖盘,000625,2025-10-17 22:58:28
09:47:45,12.75,0.0,3556,4533902,卖盘,000625,2025-10-17 22:58:28
09:47:48,12.75,0.0,2075,2646625,买盘,000625,2025-10-17 22:58:28
09:47:51,12.75,0.0,1149,1464979,买盘,000625,2025-10-17 22:58:28
09:47:54,12.75,0.0,1597,2035566,卖盘,000625,2025-10-17 22:58:28
09:47:57,12.76,0.01,1127,1437150,买盘,000625,2025-10-17 22:58:28
09:48:00,12.76,0.0,310,395335,买盘,000625,2025-10-17 22:58:28
09:48:03,12.75,-0.01,2030,2588721,卖盘,000625,2025-10-17 22:58:28
09:48:06,12.75,0.0,665,847864,买盘,000625,2025-10-17 22:58:28
09:48:09,12.74,-0.01,1639,2089541,卖盘,000625,2025-10-17 22:58:28
09:48:12,12.75,0.01,837,1066839,买盘,000625,2025-10-17 22:58:28
09:48:15,12.74,-0.01,762,971347,卖盘,000625,2025-10-17 22:58:28
09:48:18,12.75,0.01,753,959978,买盘,000625,2025-10-17 22:58:28
09:48:21,12.74,-0.01,3066,3906761,卖盘,000625,2025-10-17 22:58:28
09:48:24,12.73,-0.01,4921,6265177,卖盘,000625,2025-10-17 22:58:28
09:48:27,12.73,0.0,640,814774,买盘,000625,2025-10-17 22:58:28
09:48:30,12.73,0.0,1046,1331450,卖盘,000625,2025-10-17 22:58:28
09:48:33,12.73,0.0,705,897313,买盘,000625,2025-10-17 22:58:28
09:48:36,12.73,0.0,1415,1801088,买盘,000625,2025-10-17 22:58:28
09:48:39,12.73,0.0,1075,1368699,卖盘,000625,2025-10-17 22:58:28
09:48:42,12.75,0.02,1316,1676743,买盘,000625,2025-10-17 22:58:28
09:48:45,12.73,-0.02,2777,3535809,卖盘,000625,2025-10-17 22:58:28
09:48:48,12.74,0.01,498,634165,买盘,000625,2025-10-17 22:58:28
09:48:51,12.74,0.0,981,1249400,卖盘,000625,2025-10-17 22:58:28
09:48:54,12.74,0.0,1897,2416627,买盘,000625,2025-10-17 22:58:28
09:48:57,12.74,0.0,1268,1614562,买盘,000625,2025-10-17 22:58:28
09:49:00,12.74,0.0,637,811745,买盘,000625,2025-10-17 22:58:28
09:49:03,12.74,0.0,453,577395,卖盘,000625,2025-10-17 22:58:28
09:49:06,12.75,0.01,332,423063,买盘,000625,2025-10-17 22:58:28
09:49:09,12.73,-0.02,6469,8235636,卖盘,000625,2025-10-17 22:58:28
09:49:12,12.72,-0.01,617,785293,卖盘,000625,2025-10-17 22:58:28
09:49:15,12.73,0.01,1194,1520418,买盘,000625,2025-10-17 22:58:28
09:49:18,12.73,0.0,1298,1652639,卖盘,000625,2025-10-17 22:58:28
09:49:21,12.73,0.0,1523,1939809,卖盘,000625,2025-10-17 22:58:28
09:49:24,12.73,0.0,1163,1480772,卖盘,000625,2025-10-17 22:58:28
09:49:27,12.74,0.01,699,890122,买盘,000625,2025-10-17 22:58:28
09:49:30,12.73,-0.01,1245,1586879,卖盘,000625,2025-10-17 22:58:28
09:49:33,12.74,0.01,588,749336,卖盘,000625,2025-10-17 22:58:28
09:49:36,12.74,0.0,705,897777,卖盘,000625,2025-10-17 22:58:28
09:49:39,12.74,0.0,825,1051726,卖盘,000625,2025-10-17 22:58:28
09:49:42,12.74,0.0,903,1150631,卖盘,000625,2025-10-17 22:58:28
09:49:45,12.75,0.01,996,1269140,买盘,000625,2025-10-17 22:58:28
09:49:48,12.75,0.0,661,842643,中性盘,000625,2025-10-17 22:58:28
09:49:51,12.74,-0.01,808,1029861,卖盘,000625,2025-10-17 22:58:28
09:49:54,12.75,0.01,5875,7484430,买盘,000625,2025-10-17 22:58:28
09:49:57,12.75,0.0,698,889363,买盘,000625,2025-10-17 22:58:28
09:50:00,12.75,0.0,627,799180,买盘,000625,2025-10-17 22:58:28
09:50:03,12.74,-0.01,695,885692,卖盘,000625,2025-10-17 22:58:28
09:50:06,12.75,0.01,304,387018,买盘,000625,2025-10-17 22:58:28
09:50:09,12.74,-0.01,2046,2608984,卖盘,000625,2025-10-17 22:58:28
09:50:12,12.76,0.02,2754,3508782,买盘,000625,2025-10-17 22:58:28
09:50:15,12.76,0.0,763,973015,买盘,000625,2025-10-17 22:58:28
09:50:18,12.76,0.0,218,278179,卖盘,000625,2025-10-17 22:58:28
09:50:21,12.76,0.0,922,1176899,卖盘,000625,2025-10-17 22:58:28
09:50:24,12.75,-0.01,1832,2336483,卖盘,000625,2025-10-17 22:58:28
09:50:27,12.74,-0.01,3192,4066987,卖盘,000625,2025-10-17 22:58:28
09:50:30,12.74,0.0,777,990077,买盘,000625,2025-10-17 22:58:28
09:50:33,12.74,0.0,2856,3636562,中性盘,000625,2025-10-17 22:58:28
09:50:36,12.74,0.0,1642,2091462,卖盘,000625,2025-10-17 22:58:28
09:50:39,12.74,0.0,915,1165225,买盘,000625,2025-10-17 22:58:28
09:50:42,12.74,0.0,796,1014047,买盘,000625,2025-10-17 22:58:28
09:50:45,12.73,-0.01,987,1257159,卖盘,000625,2025-10-17 22:58:28
09:50:48,12.75,0.02,1371,1746204,买盘,000625,2025-10-17 22:58:28
09:50:51,12.74,-0.01,573,729759,买盘,000625,2025-10-17 22:58:28
09:50:54,12.74,0.0,1694,2157444,买盘,000625,2025-10-17 22:58:28
09:50:57,12.74,0.0,1166,1485301,买盘,000625,2025-10-17 22:58:28
09:51:00,12.74,0.0,614,782147,卖盘,000625,2025-10-17 22:58:28
09:51:03,12.74,0.0,373,475216,卖盘,000625,2025-10-17 22:58:28
09:51:06,12.74,0.0,1108,1412225,卖盘,000625,2025-10-17 22:58:28
09:51:09,12.75,0.01,1348,1718050,买盘,000625,2025-10-17 22:58:28
09:51:12,12.74,-0.01,874,1113019,卖盘,000625,2025-10-17 22:58:28
09:51:15,12.74,0.0,1000,1274643,买盘,000625,2025-10-17 22:58:28
09:51:18,12.75,0.01,762,970816,买盘,000625,2025-10-17 22:58:28
09:51:21,12.74,-0.01,2650,3374332,卖盘,000625,2025-10-17 22:58:28
09:51:24,12.74,0.0,524,667315,买盘,000625,2025-10-17 22:58:28
09:51:27,12.74,0.0,1187,1512114,买盘,000625,2025-10-17 22:58:28
09:51:30,12.73,-0.01,4768,6070252,卖盘,000625,2025-10-17 22:58:28
09:51:33,12.73,0.0,707,899930,买盘,000625,2025-10-17 22:58:28
09:51:36,12.72,-0.01,546,694856,卖盘,000625,2025-10-17 22:58:28
09:51:39,12.73,0.01,503,640187,中性盘,000625,2025-10-17 22:58:28
09:51:42,12.73,0.0,961,1222840,买盘,000625,2025-10-17 22:58:28
09:51:45,12.73,0.0,692,880788,买盘,000625,2025-10-17 22:58:28
09:51:48,12.72,-0.01,5238,6663190,卖盘,000625,2025-10-17 22:58:28
09:51:51,12.73,0.01,1131,1439005,买盘,000625,2025-10-17 22:58:28
09:51:54,12.73,0.0,476,605750,买盘,000625,2025-10-17 22:58:28
09:51:57,12.73,0.0,478,608490,卖盘,000625,2025-10-17 22:58:28
09:52:00,12.73,0.0,683,869357,卖盘,000625,2025-10-17 22:58:28
09:52:03,12.73,0.0,690,878074,买盘,000625,2025-10-17 22:58:28
09:52:06,12.73,0.0,1061,1350374,买盘,000625,2025-10-17 22:58:28
09:52:09,12.73,0.0,1173,1492750,买盘,000625,2025-10-17 22:58:28
09:52:12,12.73,0.0,3123,3973119,买盘,000625,2025-10-17 22:58:28
09:52:15,12.74,0.01,1059,1348065,买盘,000625,2025-10-17 22:58:28
09:52:18,12.73,-0.01,643,818438,中性盘,000625,2025-10-17 22:58:28
09:52:21,12.73,0.0,522,664442,买盘,000625,2025-10-17 22:58:28
09:52:24,12.73,0.0,1219,1551132,买盘,000625,2025-10-17 22:58:28
09:52:27,12.73,0.0,399,507869,买盘,000625,2025-10-17 22:58:28
09:52:30,12.74,0.01,103,131150,买盘,000625,2025-10-17 22:58:28
09:52:33,12.74,0.0,580,738417,买盘,000625,2025-10-17 22:58:28
09:52:36,12.74,0.0,619,788403,买盘,000625,2025-10-17 22:58:28
09:52:39,12.74,0.0,521,663672,买盘,000625,2025-10-17 22:58:28
09:52:42,12.74,0.0,228,290514,卖盘,000625,2025-10-17 22:58:28
09:52:45,12.75,0.01,664,846102,买盘,000625,2025-10-17 22:58:28
09:52:48,12.74,-0.01,2373,3024240,卖盘,000625,2025-10-17 22:58:28
09:52:51,12.74,0.0,1448,1844931,卖盘,000625,2025-10-17 22:58:28
09:52:54,12.76,0.02,408,520065,买盘,000625,2025-10-17 22:58:28
09:52:57,12.75,-0.01,1349,1718698,中性盘,000625,2025-10-17 22:58:28
09:53:00,12.75,0.0,505,643722,买盘,000625,2025-10-17 22:58:28
09:53:03,12.76,0.01,869,1107536,买盘,000625,2025-10-17 22:58:28
09:53:06,12.75,-0.01,1410,1797738,卖盘,000625,2025-10-17 22:58:28
09:53:09,12.75,0.0,1876,2391237,卖盘,000625,2025-10-17 22:58:28
09:53:12,12.75,0.0,710,905293,买盘,000625,2025-10-17 22:58:28
09:53:15,12.75,0.0,1485,1893572,买盘,000625,2025-10-17 22:58:28
09:53:18,12.75,0.0,476,606967,买盘,000625,2025-10-17 22:58:28
09:53:21,12.74,-0.01,2228,2839955,卖盘,000625,2025-10-17 22:58:28
09:53:24,12.73,-0.01,7702,9807019,卖盘,000625,2025-10-17 22:58:28
09:53:27,12.74,0.01,1314,1673106,买盘,000625,2025-10-17 22:58:28
09:53:30,12.73,-0.01,1450,1844958,卖盘,000625,2025-10-17 22:58:28
09:53:33,12.73,0.0,9754,12407732,买盘,000625,2025-10-17 22:58:28
09:53:36,12.72,-0.01,1492,1897824,卖盘,000625,2025-10-17 22:58:28
09:53:39,12.72,0.0,10081,12813869,买盘,000625,2025-10-17 22:58:28
09:53:42,12.73,0.01,4285,5448482,买盘,000625,2025-10-17 22:58:28
09:53:45,12.71,-0.02,1638,2082601,卖盘,000625,2025-10-17 22:58:28
09:53:48,12.73,0.02,1686,2143779,买盘,000625,2025-10-17 22:58:28
09:53:51,12.71,-0.02,423,537942,卖盘,000625,2025-10-17 22:58:28
09:53:54,12.72,0.01,3333,4236783,买盘,000625,2025-10-17 22:58:28
09:53:57,12.72,0.0,1525,1938526,买盘,000625,2025-10-17 22:58:28
09:54:00,12.71,-0.01,833,1059003,卖盘,000625,2025-10-17 22:58:28
09:54:03,12.72,0.01,9648,12256474,买盘,000625,2025-10-17 22:58:28
09:54:06,12.72,0.0,693,881016,买盘,000625,2025-10-17 22:58:28
09:54:09,12.72,0.0,877,1114888,买盘,000625,2025-10-17 22:58:28
09:54:12,12.71,-0.01,487,619393,卖盘,000625,2025-10-17 22:58:28
09:54:15,12.71,0.0,1000,1271567,卖盘,000625,2025-10-17 22:58:28
09:54:18,12.72,0.01,547,695403,中性盘,000625,2025-10-17 22:58:28
09:54:21,12.72,0.0,1363,1732919,卖盘,000625,2025-10-17 22:58:28
09:54:24,12.72,0.0,1007,1280103,买盘,000625,2025-10-17 22:58:28
09:54:27,12.72,0.0,663,843236,卖盘,000625,2025-10-17 22:58:28
09:54:30,12.72,0.0,473,601628,买盘,000625,2025-10-17 22:58:28
09:54:33,12.71,-0.01,1185,1507198,卖盘,000625,2025-10-17 22:58:28
09:54:36,12.72,0.01,521,662598,买盘,000625,2025-10-17 22:58:28
09:54:39,12.71,-0.01,527,670077,卖盘,000625,2025-10-17 22:58:28
09:54:42,12.71,0.0,621,789443,卖盘,000625,2025-10-17 22:58:28
09:54:45,12.71,0.0,905,1150537,卖盘,000625,2025-10-17 22:58:28
09:54:48,12.72,0.01,511,649644,买盘,000625,2025-10-17 22:58:28
09:54:51,12.71,-0.01,624,793273,卖盘,000625,2025-10-17 22:58:28
09:54:54,12.71,0.0,1818,2310924,卖盘,000625,2025-10-17 22:58:28
09:54:57,12.72,0.01,491,624243,买盘,000625,2025-10-17 22:58:28
09:55:00,12.72,0.0,469,596241,买盘,000625,2025-10-17 22:58:28
09:55:03,12.72,0.0,2931,3726123,买盘,000625,2025-10-17 22:58:28
09:55:06,12.72,0.0,666,846819,买盘,000625,2025-10-17 22:58:28
09:55:09,12.72,0.0,2015,2561905,买盘,000625,2025-10-17 22:58:28
09:55:12,12.72,0.0,857,1089908,买盘,000625,2025-10-17 22:58:28
09:55:15,12.72,0.0,819,1041152,买盘,000625,2025-10-17 22:58:28
09:55:18,12.72,0.0,826,1050250,买盘,000625,2025-10-17 22:58:28
09:55:21,12.72,0.0,642,816556,买盘,000625,2025-10-17 22:58:28
09:55:24,12.72,0.0,479,609198,买盘,000625,2025-10-17 22:58:28
09:55:27,12.72,0.0,577,733740,买盘,000625,2025-10-17 22:58:28
09:55:30,12.72,0.0,471,599009,买盘,000625,2025-10-17 22:58:28
09:55:33,12.72,0.0,562,714808,买盘,000625,2025-10-17 22:58:28
09:55:36,12.73,0.01,256,325736,买盘,000625,2025-10-17 22:58:28
09:55:39,12.73,0.0,306,389302,买盘,000625,2025-10-17 22:58:28
09:55:42,12.73,0.0,190,241818,买盘,000625,2025-10-17 22:58:28
09:55:45,12.73,0.0,398,506578,买盘,000625,2025-10-17 22:58:28
09:55:48,12.73,0.0,427,543389,买盘,000625,2025-10-17 22:58:28
09:55:51,12.73,0.0,584,743286,买盘,000625,2025-10-17 22:58:28
09:55:54,12.73,0.0,666,847655,买盘,000625,2025-10-17 22:58:28
09:55:57,12.73,0.0,700,891106,买盘,000625,2025-10-17 22:58:28
09:56:00,12.73,0.0,1001,1274283,卖盘,000625,2025-10-17 22:58:28
09:56:03,12.73,0.0,275,350102,卖盘,000625,2025-10-17 22:58:28
09:56:06,12.72,-0.01,2856,3635418,卖盘,000625,2025-10-17 22:58:28
09:56:09,12.73,0.01,2296,2920424,买盘,000625,2025-10-17 22:58:28
09:56:12,12.73,0.0,463,589140,买盘,000625,2025-10-17 22:58:28
09:56:15,12.73,0.0,465,591770,买盘,000625,2025-10-17 22:58:28
09:56:18,12.72,-0.01,2570,3271648,卖盘,000625,2025-10-17 22:58:28
09:56:21,12.73,0.01,268,341040,买盘,000625,2025-10-17 22:58:28
09:56:24,12.73,0.0,559,711268,卖盘,000625,2025-10-17 22:58:28
09:56:27,12.74,0.01,548,697675,买盘,000625,2025-10-17 22:58:28
09:56:30,12.73,-0.01,633,805611,卖盘,000625,2025-10-17 22:58:28
09:56:33,12.73,0.0,665,845864,买盘,000625,2025-10-17 22:58:28
09:56:36,12.73,0.0,205,260992,买盘,000625,2025-10-17 22:58:28
09:56:39,12.74,0.01,564,718030,买盘,000625,2025-10-17 22:58:28
09:56:42,12.73,-0.01,845,1075949,卖盘,000625,2025-10-17 22:58:28
09:56:45,12.74,0.01,320,407551,买盘,000625,2025-10-17 22:58:28
09:56:48,12.73,-0.01,782,996079,卖盘,000625,2025-10-17 22:58:28
09:56:51,12.74,0.01,487,620363,买盘,000625,2025-10-17 22:58:28
09:56:54,12.74,0.0,314,399889,买盘,000625,2025-10-17 22:58:28
09:56:57,12.73,-0.01,3762,4789351,卖盘,000625,2025-10-17 22:58:28
09:57:00,12.73,0.0,306,389752,买盘,000625,2025-10-17 22:58:28
09:57:03,12.73,0.0,798,1015838,卖盘,000625,2025-10-17 22:58:28
09:57:06,12.73,0.0,1119,1423941,买盘,000625,2025-10-17 22:58:28
09:57:09,12.73,0.0,2764,3518647,买盘,000625,2025-10-17 22:58:28
09:57:12,12.73,0.0,506,644087,买盘,000625,2025-10-17 22:58:28
09:57:15,12.73,0.0,640,814467,卖盘,000625,2025-10-17 22:58:28
09:57:18,12.73,0.0,868,1105016,买盘,000625,2025-10-17 22:58:28
09:57:21,12.74,0.01,158,201160,买盘,000625,2025-10-17 22:58:28
09:57:24,12.73,-0.01,156,199079,卖盘,000625,2025-10-17 22:58:28
09:57:27,12.74,0.01,326,415090,买盘,000625,2025-10-17 22:58:28
09:57:30,12.73,-0.01,247,314588,卖盘,000625,2025-10-17 22:58:28
09:57:33,12.74,0.01,594,756422,买盘,000625,2025-10-17 22:58:28
09:57:36,12.74,0.0,649,826742,买盘,000625,2025-10-17 22:58:28
09:57:39,12.74,0.0,1216,1548147,买盘,000625,2025-10-17 22:58:28
09:57:42,12.73,-0.01,2853,3631382,卖盘,000625,2025-10-17 22:58:28
09:57:45,12.73,0.0,617,785217,买盘,000625,2025-10-17 22:58:28
09:57:48,12.72,-0.01,599,762400,卖盘,000625,2025-10-17 22:58:28
09:57:51,12.73,0.01,666,847731,买盘,000625,2025-10-17 22:58:28
09:57:54,12.73,0.0,686,873123,买盘,000625,2025-10-17 22:58:28
09:57:57,12.73,0.0,1028,1308258,卖盘,000625,2025-10-17 22:58:28
09:58:00,12.72,-0.01,2311,2939945,卖盘,000625,2025-10-17 22:58:28
09:58:03,12.72,0.0,1162,1478425,卖盘,000625,2025-10-17 22:58:28
09:58:06,12.73,0.01,547,696095,买盘,000625,2025-10-17 22:58:28
09:58:09,12.73,0.0,1532,1949615,买盘,000625,2025-10-17 22:58:28
09:58:12,12.73,0.0,462,588001,卖盘,000625,2025-10-17 22:58:28
09:58:15,12.73,0.0,312,397194,买盘,000625,2025-10-17 22:58:28
09:58:18,12.74,0.01,653,831556,买盘,000625,2025-10-17 22:58:28
09:58:21,12.73,-0.01,190,241917,卖盘,000625,2025-10-17 22:58:28
09:58:24,12.73,0.0,478,608628,卖盘,000625,2025-10-17 22:58:28
09:58:27,12.74,0.01,451,574358,买盘,000625,2025-10-17 22:58:28
09:58:30,12.73,-0.01,661,841500,卖盘,000625,2025-10-17 22:58:28
09:58:33,12.74,0.01,273,347628,买盘,000625,2025-10-17 22:58:28
09:58:36,12.74,0.0,349,444410,买盘,000625,2025-10-17 22:58:28
09:58:39,12.73,-0.01,652,830165,卖盘,000625,2025-10-17 22:58:28
09:58:42,12.73,0.0,441,561618,卖盘,000625,2025-10-17 22:58:28
09:58:45,12.73,0.0,3891,4950567,卖盘,000625,2025-10-17 22:58:28
09:58:48,12.73,0.0,711,904769,买盘,000625,2025-10-17 22:58:28
09:58:51,12.73,0.0,717,912457,卖盘,000625,2025-10-17 22:58:28
09:58:54,12.73,0.0,532,676989,买盘,000625,2025-10-17 22:58:28
09:58:57,12.73,0.0,548,697599,卖盘,000625,2025-10-17 22:58:28
09:59:00,12.73,0.0,775,986500,中性盘,000625,2025-10-17 22:58:28
09:59:03,12.72,-0.01,5384,6848349,卖盘,000625,2025-10-17 22:58:28
09:59:06,12.72,0.0,2791,3548989,买盘,000625,2025-10-17 22:58:28
09:59:09,12.71,-0.01,5434,6906270,卖盘,000625,2025-10-17 22:58:28
09:59:12,12.71,0.0,6234,7923560,卖盘,000625,2025-10-17 22:58:28
09:59:15,12.71,0.0,2800,3557162,买盘,000625,2025-10-17 22:58:28
09:59:18,12.71,0.0,446,566637,买盘,000625,2025-10-17 22:58:28
09:59:21,12.71,0.0,1079,1371183,买盘,000625,2025-10-17 22:58:28
09:59:24,12.71,0.0,999,1269754,卖盘,000625,2025-10-17 22:58:28
09:59:27,12.71,0.0,966,1227851,卖盘,000625,2025-10-17 22:58:28
09:59:30,12.71,0.0,1484,1886346,买盘,000625,2025-10-17 22:58:28
09:59:33,12.71,0.0,1069,1358135,买盘,000625,2025-10-17 22:58:28
09:59:36,12.71,0.0,2895,3677877,买盘,000625,2025-10-17 22:58:28
09:59:39,12.71,0.0,1379,1752033,买盘,000625,2025-10-17 22:58:28
09:59:42,12.71,0.0,710,902348,买盘,000625,2025-10-17 22:58:28
09:59:45,12.71,0.0,442,561675,买盘,000625,2025-10-17 22:58:28
09:59:48,12.71,0.0,315,400333,买盘,000625,2025-10-17 22:58:28
09:59:51,12.71,0.0,514,653304,卖盘,000625,2025-10-17 22:58:28
09:59:54,12.72,0.01,353,448730,买盘,000625,2025-10-17 22:58:28
09:59:57,12.71,-0.01,566,719551,卖盘,000625,2025-10-17 22:58:28
10:00:00,12.71,0.0,578,734817,卖盘,000625,2025-10-17 22:58:28
10:00:03,12.71,0.0,414,526333,卖盘,000625,2025-10-17 22:58:28
10:00:06,12.71,0.0,1094,1390477,卖盘,000625,2025-10-17 22:58:28
10:00:09,12.72,0.01,816,1037212,买盘,000625,2025-10-17 22:58:28
10:00:12,12.71,-0.01,616,783192,卖盘,000625,2025-10-17 22:58:28
10:00:15,12.71,0.0,1162,1477068,卖盘,000625,2025-10-17 22:58:28
10:00:18,12.71,0.0,735,934161,中性盘,000625,2025-10-17 22:58:28
10:00:21,12.71,0.0,622,790385,买盘,000625,2025-10-17 22:58:28
10:00:24,12.71,0.0,482,612401,买盘,000625,2025-10-17 22:58:28
10:00:27,12.7,-0.01,836,1062325,卖盘,000625,2025-10-17 22:58:28
10:00:30,12.71,0.01,870,1105340,买盘,000625,2025-10-17 22:58:28
10:00:33,12.7,-0.01,551,700143,卖盘,000625,2025-10-17 22:58:28
10:00:36,12.71,0.01,653,829535,买盘,000625,2025-10-17 22:58:28
10:00:39,12.7,-0.01,349,443378,卖盘,000625,2025-10-17 22:58:28
10:00:42,12.69,-0.01,35749,45398915,卖盘,000625,2025-10-17 22:58:28
10:00:45,12.7,0.01,5379,6826353,买盘,000625,2025-10-17 22:58:28
10:00:48,12.68,-0.02,1655,2099089,卖盘,000625,2025-10-17 22:58:28
10:00:51,12.68,0.0,9517,12068087,卖盘,000625,2025-10-17 22:58:28
10:00:54,12.68,0.0,3355,4251435,卖盘,000625,2025-10-17 22:58:28
10:00:57,12.66,-0.02,393,497858,卖盘,000625,2025-10-17 22:58:28
10:01:00,12.66,0.0,2415,3057757,卖盘,000625,2025-10-17 22:58:28
10:01:03,12.67,0.01,2840,3595682,买盘,000625,2025-10-17 22:58:28
10:01:06,12.66,-0.01,1612,2040965,卖盘,000625,2025-10-17 22:58:28
10:01:09,12.66,0.0,1946,2463689,卖盘,000625,2025-10-17 22:58:28
10:01:12,12.66,0.0,1499,1897509,卖盘,000625,2025-10-17 22:58:28
10:01:15,12.66,0.0,1388,1757276,卖盘,000625,2025-10-17 22:58:28
10:01:18,12.66,0.0,1533,1940567,买盘,000625,2025-10-17 22:58:28
10:01:21,12.66,0.0,6177,7822865,买盘,000625,2025-10-17 22:58:28
10:01:24,12.66,0.0,935,1183764,卖盘,000625,2025-10-17 22:58:28
10:01:27,12.66,0.0,934,1182504,卖盘,000625,2025-10-17 22:58:28
10:01:30,12.67,0.01,4184,5295146,中性盘,000625,2025-10-17 22:58:28
10:01:33,12.68,0.01,539,682732,买盘,000625,2025-10-17 22:58:28
10:01:36,12.67,-0.01,467,591538,买盘,000625,2025-10-17 22:58:28
10:01:39,12.66,-0.01,1947,2466535,卖盘,000625,2025-10-17 22:58:28
10:01:42,12.67,0.01,1111,1407022,买盘,000625,2025-10-17 22:58:28
10:01:45,12.67,0.0,741,938935,卖盘,000625,2025-10-17 22:58:28
10:01:48,12.67,0.0,1526,1933176,买盘,000625,2025-10-17 22:58:28
10:01:51,12.67,0.0,855,1083218,卖盘,000625,2025-10-17 22:58:28
10:01:54,12.67,0.0,2013,2551549,买盘,000625,2025-10-17 22:58:28
10:01:57,12.67,0.0,680,861671,卖盘,000625,2025-10-17 22:58:28
10:02:00,12.68,0.01,635,804720,买盘,000625,2025-10-17 22:58:28
10:02:03,12.68,0.0,2644,3348455,买盘,000625,2025-10-17 22:58:28
10:02:06,12.67,-0.01,490,620865,卖盘,000625,2025-10-17 22:58:28
10:02:09,12.68,0.01,500,633821,买盘,000625,2025-10-17 22:58:28
10:02:12,12.68,0.0,357,452404,买盘,000625,2025-10-17 22:58:28
10:02:15,12.68,0.0,692,877352,买盘,000625,2025-10-17 22:58:28
10:02:18,12.68,0.0,373,472892,买盘,000625,2025-10-17 22:58:28
10:02:21,12.69,0.01,236,299259,买盘,000625,2025-10-17 22:58:28
10:02:24,12.7,0.01,3754,4766065,买盘,000625,2025-10-17 22:58:28
10:02:27,12.7,0.0,176,223336,卖盘,000625,2025-10-17 22:58:28
10:02:30,12.71,0.01,182,231249,买盘,000625,2025-10-17 22:58:28
10:02:33,12.71,0.0,100,127046,买盘,000625,2025-10-17 22:58:28
10:02:36,12.71,0.0,394,500665,买盘,000625,2025-10-17 22:58:28
10:02:39,12.71,0.0,865,1098782,买盘,000625,2025-10-17 22:58:28
10:02:42,12.71,0.0,301,382568,卖盘,000625,2025-10-17 22:58:28
10:02:45,12.72,0.01,1395,1774313,买盘,000625,2025-10-17 22:58:28
10:02:48,12.72,0.0,388,493353,买盘,000625,2025-10-17 22:58:28
10:02:51,12.72,0.0,341,433720,买盘,000625,2025-10-17 22:58:28
10:02:54,12.72,0.0,1409,1792301,买盘,000625,2025-10-17 22:58:28
10:02:57,12.72,0.0,1465,1863586,卖盘,000625,2025-10-17 22:58:28
10:03:00,12.71,-0.01,1416,1800912,卖盘,000625,2025-10-17 22:58:28
10:03:03,12.71,0.0,3507,4457415,卖盘,000625,2025-10-17 22:58:28
10:03:06,12.72,0.01,803,1020530,买盘,000625,2025-10-17 22:58:28
10:03:09,12.7,-0.02,475,603631,卖盘,000625,2025-10-17 22:58:28
10:03:12,12.71,0.01,365,463828,买盘,000625,2025-10-17 22:58:28
10:03:15,12.7,-0.01,1062,1349570,卖盘,000625,2025-10-17 22:58:28
10:03:18,12.71,0.01,529,672121,买盘,000625,2025-10-17 22:58:28
10:03:21,12.71,0.0,923,1172494,买盘,000625,2025-10-17 22:58:28
10:03:24,12.71,0.0,654,830740,买盘,000625,2025-10-17 22:58:28
10:03:27,12.71,0.0,470,597236,买盘,000625,2025-10-17 22:58:28
10:03:30,12.71,0.0,430,546410,买盘,000625,2025-10-17 22:58:28
10:03:33,12.71,0.0,857,1089007,买盘,000625,2025-10-17 22:58:28
10:03:36,12.7,-0.01,650,825637,卖盘,000625,2025-10-17 22:58:28
10:03:39,12.71,0.01,417,529671,买盘,000625,2025-10-17 22:58:28
10:03:42,12.7,-0.01,899,1141986,卖盘,000625,2025-10-17 22:58:28
10:03:45,12.7,0.0,982,1247153,卖盘,000625,2025-10-17 22:58:28
10:03:48,12.7,0.0,869,1103609,买盘,000625,2025-10-17 22:58:28
10:03:51,12.7,0.0,1072,1361008,买盘,000625,2025-10-17 22:58:28
10:03:54,12.69,-0.01,517,656348,卖盘,000625,2025-10-17 22:58:28
10:03:57,12.7,0.01,519,658984,买盘,000625,2025-10-17 22:58:28
10:04:00,12.7,0.0,411,521805,买盘,000625,2025-10-17 22:58:28
10:04:03,12.7,0.0,2147,2724874,买盘,000625,2025-10-17 22:58:28
10:04:06,12.7,0.0,872,1106723,买盘,000625,2025-10-17 22:58:28
10:04:09,12.7,0.0,498,632416,买盘,000625,2025-10-17 22:58:28
10:04:12,12.7,0.0,433,549893,买盘,000625,2025-10-17 22:58:28
10:04:15,12.7,0.0,425,539686,买盘,000625,2025-10-17 22:58:28
10:04:18,12.71,0.01,365,463461,买盘,000625,2025-10-17 22:58:28
10:04:21,12.7,-0.01,697,885408,卖盘,000625,2025-10-17 22:58:28
10:04:24,12.7,0.0,738,937855,卖盘,000625,2025-10-17 22:58:28
10:04:27,12.7,0.0,627,796698,卖盘,000625,2025-10-17 22:58:28
10:04:30,12.7,0.0,529,672243,卖盘,000625,2025-10-17 22:58:28
10:04:33,12.71,0.01,312,396525,买盘,000625,2025-10-17 22:58:28
10:04:36,12.71,0.0,132,167772,卖盘,000625,2025-10-17 22:58:28
10:04:39,12.72,0.01,280,356014,买盘,000625,2025-10-17 22:58:28
10:04:42,12.72,0.0,774,983889,买盘,000625,2025-10-17 22:58:28
10:04:45,12.71,-0.01,557,708250,卖盘,000625,2025-10-17 22:58:28
10:04:48,12.72,0.01,539,685418,买盘,000625,2025-10-17 22:58:28
10:04:51,12.72,0.0,373,474380,买盘,000625,2025-10-17 22:58:28
10:04:54,12.72,0.0,270,343359,买盘,000625,2025-10-17 22:58:28
10:04:57,12.72,0.0,771,981148,买盘,000625,2025-10-17 22:58:28
10:05:00,12.73,0.01,727,925399,买盘,000625,2025-10-17 22:58:28
10:05:03,12.73,0.0,590,750740,买盘,000625,2025-10-17 22:58:28
10:05:06,12.73,0.0,856,1089159,买盘,000625,2025-10-17 22:58:28
10:05:09,12.73,0.0,339,431584,卖盘,000625,2025-10-17 22:58:28
10:05:12,12.74,0.01,418,532471,买盘,000625,2025-10-17 22:58:28
10:05:15,12.72,-0.02,1035,1316462,卖盘,000625,2025-10-17 22:58:28
10:05:18,12.72,0.0,505,642339,买盘,000625,2025-10-17 22:58:28
10:05:21,12.72,0.0,992,1261823,买盘,000625,2025-10-17 22:58:28
10:05:24,12.72,0.0,677,860973,买盘,000625,2025-10-17 22:58:28
10:05:27,12.72,0.0,564,717319,买盘,000625,2025-10-17 22:58:28
10:05:30,12.72,0.0,1559,1984567,买盘,000625,2025-10-17 22:58:28
10:05:33,12.72,0.0,126,160289,卖盘,000625,2025-10-17 22:58:28
10:05:36,12.72,0.0,211,268525,卖盘,000625,2025-10-17 22:58:28
10:05:39,12.72,0.0,3031,3853582,卖盘,000625,2025-10-17 22:58:28
10:05:42,12.72,0.0,533,677914,买盘,000625,2025-10-17 22:58:28
10:05:45,12.71,-0.01,380,483215,卖盘,000625,2025-10-17 22:58:28
10:05:48,12.71,0.0,937,1190871,卖盘,000625,2025-10-17 22:58:28
10:05:51,12.7,-0.01,3389,4304081,卖盘,000625,2025-10-17 22:58:28
10:05:54,12.69,-0.01,207,262860,卖盘,000625,2025-10-17 22:58:28
10:05:57,12.7,0.01,150,190958,买盘,000625,2025-10-17 22:58:28
10:06:00,12.7,0.0,888,1127027,买盘,000625,2025-10-17 22:58:28
10:06:03,12.7,0.0,691,877371,买盘,000625,2025-10-17 22:58:28
10:06:06,12.7,0.0,605,768279,买盘,000625,2025-10-17 22:58:28
10:06:09,12.69,-0.01,1292,1639899,卖盘,000625,2025-10-17 22:58:28
10:06:12,12.7,0.01,474,601563,卖盘,000625,2025-10-17 22:58:28
10:06:15,12.7,0.0,278,353176,卖盘,000625,2025-10-17 22:58:28
10:06:18,12.7,0.0,427,542301,卖盘,000625,2025-10-17 22:58:28
10:06:21,12.7,0.0,461,585463,卖盘,000625,2025-10-17 22:58:28
10:06:24,12.7,0.0,128,162576,卖盘,000625,2025-10-17 22:58:28
10:06:27,12.7,0.0,632,802234,买盘,000625,2025-10-17 22:58:28
10:06:30,12.69,-0.01,751,952836,卖盘,000625,2025-10-17 22:58:28
10:06:33,12.69,0.0,349,443139,卖盘,000625,2025-10-17 22:58:28
10:06:36,12.7,0.01,1093,1386742,买盘,000625,2025-10-17 22:58:28
10:06:39,12.7,0.0,125,158618,买盘,000625,2025-10-17 22:58:28
10:06:42,12.7,0.0,281,356772,买盘,000625,2025-10-17 22:58:28
10:06:45,12.7,0.0,523,663895,买盘,000625,2025-10-17 22:58:28
10:06:48,12.7,0.0,144,182797,买盘,000625,2025-10-17 22:58:28
10:06:51,12.69,-0.01,910,1154841,卖盘,000625,2025-10-17 22:58:28
10:06:54,12.69,0.0,346,439074,买盘,000625,2025-10-17 22:58:28
10:06:57,12.69,0.0,290,368085,买盘,000625,2025-10-17 22:58:28
10:07:00,12.69,0.0,73,92656,卖盘,000625,2025-10-17 22:58:28
10:07:03,12.69,0.0,635,805879,卖盘,000625,2025-10-17 22:58:28
10:07:06,12.7,0.01,266,337737,买盘,000625,2025-10-17 22:58:28
10:07:09,12.69,-0.01,448,568569,卖盘,000625,2025-10-17 22:58:28
10:07:12,12.7,0.01,130,165030,买盘,000625,2025-10-17 22:58:28
10:07:15,12.69,-0.01,1157,1468452,卖盘,000625,2025-10-17 22:58:28
10:07:18,12.69,0.0,426,540645,卖盘,000625,2025-10-17 22:58:28
10:07:21,12.7,0.01,134,170128,买盘,000625,2025-10-17 22:58:28
10:07:24,12.69,-0.01,596,756368,卖盘,000625,2025-10-17 22:58:28
10:07:27,12.69,0.0,640,812166,卖盘,000625,2025-10-17 22:58:28
10:07:30,12.69,0.0,1070,1357830,买盘,000625,2025-10-17 22:58:28
10:07:33,12.69,0.0,616,781710,买盘,000625,2025-10-17 22:58:28
10:07:36,12.69,0.0,974,1235223,买盘,000625,2025-10-17 22:58:28
10:07:39,12.69,0.0,123,156098,卖盘,000625,2025-10-17 22:58:28
10:07:42,12.69,0.0,281,356620,卖盘,000625,2025-10-17 22:58:28
10:07:45,12.7,0.01,418,530713,买盘,000625,2025-10-17 22:58:28
10:07:48,12.7,0.0,195,247596,买盘,000625,2025-10-17 22:58:28
10:07:51,12.7,0.0,434,550823,买盘,000625,2025-10-17 22:58:28
10:07:54,12.69,-0.01,176,223386,卖盘,000625,2025-10-17 22:58:28
10:07:57,12.69,0.0,782,992601,卖盘,000625,2025-10-17 22:58:28
10:08:00,12.7,0.01,218,276732,买盘,000625,2025-10-17 22:58:28
10:08:03,12.7,0.0,466,591651,买盘,000625,2025-10-17 22:58:28
10:08:06,12.7,0.0,162,205664,买盘,000625,2025-10-17 22:58:28
10:08:09,12.7,0.0,353,448225,买盘,000625,2025-10-17 22:58:28
10:08:12,12.69,-0.01,323,409996,卖盘,000625,2025-10-17 22:58:28
10:08:15,12.7,0.01,329,417787,买盘,000625,2025-10-17 22:58:28
10:08:18,12.7,0.0,580,736342,买盘,000625,2025-10-17 22:58:28
10:08:21,12.69,-0.01,1018,1292476,卖盘,000625,2025-10-17 22:58:28
10:08:24,12.7,0.01,1115,1415129,买盘,000625,2025-10-17 22:58:28
10:08:27,12.7,0.0,473,600650,买盘,000625,2025-10-17 22:58:28
10:08:30,12.7,0.0,1986,2520709,买盘,000625,2025-10-17 22:58:28
10:08:33,12.7,0.0,3725,4727249,买盘,000625,2025-10-17 22:58:28
10:08:36,12.7,0.0,685,869734,买盘,000625,2025-10-17 22:58:28
10:08:39,12.7,0.0,527,668960,买盘,000625,2025-10-17 22:58:28
10:08:42,12.7,0.0,240,304799,买盘,000625,2025-10-17 22:58:28
10:08:45,12.7,0.0,363,461517,买盘,000625,2025-10-17 22:58:28
10:08:48,12.7,0.0,303,384810,卖盘,000625,2025-10-17 22:58:28
10:08:51,12.7,0.0,1093,1387726,卖盘,000625,2025-10-17 22:58:28
10:08:54,12.7,0.0,412,523825,买盘,000625,2025-10-17 22:58:28
10:08:57,12.7,0.0,756,960934,卖盘,000625,2025-10-17 22:58:28
10:09:00,12.71,0.01,541,687249,买盘,000625,2025-10-17 22:58:28
10:09:03,12.7,-0.01,698,886600,卖盘,000625,2025-10-17 22:58:28
10:09:06,12.71,0.01,251,318971,买盘,000625,2025-10-17 22:58:28
10:09:09,12.7,-0.01,762,968253,卖盘,000625,2025-10-17 22:58:28
10:09:12,12.71,0.01,179,227473,买盘,000625,2025-10-17 22:58:28
10:09:15,12.7,-0.01,620,787990,卖盘,000625,2025-10-17 22:58:28
10:09:18,12.71,0.01,176,223696,买盘,000625,2025-10-17 22:58:28
10:09:21,12.71,0.0,387,491888,卖盘,000625,2025-10-17 22:58:28
10:09:24,12.72,0.01,215,273465,买盘,000625,2025-10-17 22:58:28
10:09:27,12.71,-0.01,315,400565,卖盘,000625,2025-10-17 22:58:28
10:09:30,12.72,0.01,232,295038,买盘,000625,2025-10-17 22:58:28
10:09:33,12.72,0.0,187,237836,买盘,000625,2025-10-17 22:58:28
10:09:36,12.72,0.0,267,339623,买盘,000625,2025-10-17 22:58:28
10:09:39,12.72,0.0,911,1158682,买盘,000625,2025-10-17 22:58:28
10:09:42,12.72,0.0,1689,2149020,卖盘,000625,2025-10-17 22:58:28
10:09:45,12.72,0.0,2066,2626890,卖盘,000625,2025-10-17 22:58:28
10:09:48,12.72,0.0,555,705952,买盘,000625,2025-10-17 22:58:28
10:09:51,12.72,0.0,353,448995,买盘,000625,2025-10-17 22:58:28
10:09:54,12.72,0.0,736,936102,卖盘,000625,2025-10-17 22:58:28
10:09:57,12.72,0.0,182,231483,买盘,000625,2025-10-17 22:58:28
10:10:00,12.72,0.0,1164,1479617,买盘,000625,2025-10-17 22:58:28
10:10:03,12.72,0.0,1687,2142989,买盘,000625,2025-10-17 22:58:28
10:10:06,12.72,0.0,1504,1912561,买盘,000625,2025-10-17 22:58:28
10:10:09,12.72,0.0,206,261999,买盘,000625,2025-10-17 22:58:28
10:10:12,12.72,0.0,411,522759,买盘,000625,2025-10-17 22:58:28
10:10:15,12.72,0.0,344,437568,买盘,000625,2025-10-17 22:58:28
10:10:18,12.71,-0.01,386,490822,卖盘,000625,2025-10-17 22:58:28
10:10:21,12.71,0.0,159,202199,卖盘,000625,2025-10-17 22:58:28
10:10:24,12.72,0.01,336,427387,买盘,000625,2025-10-17 22:58:28
10:10:27,12.72,0.0,342,435007,卖盘,000625,2025-10-17 22:58:28
10:10:30,12.72,0.0,327,416140,买盘,000625,2025-10-17 22:58:28
10:10:33,12.72,0.0,108,137376,卖盘,000625,2025-10-17 22:58:28
10:10:36,12.72,0.0,246,312961,卖盘,000625,2025-10-17 22:58:28
10:10:39,12.72,0.0,313,398283,卖盘,000625,2025-10-17 22:58:28
10:10:42,12.72,0.0,199,253186,卖盘,000625,2025-10-17 22:58:28
10:10:45,12.73,0.01,1242,1580285,买盘,000625,2025-10-17 22:58:28
10:10:48,12.72,-0.01,256,325637,卖盘,000625,2025-10-17 22:58:28
10:10:51,12.72,0.0,271,344794,卖盘,000625,2025-10-17 22:58:28
10:10:54,12.72,0.0,224,285042,卖盘,000625,2025-10-17 22:58:28
10:10:57,12.73,0.01,588,748095,买盘,000625,2025-10-17 22:58:28
10:11:00,12.72,-0.01,262,333261,卖盘,000625,2025-10-17 22:58:28
10:11:03,12.73,0.01,2504,3182835,买盘,000625,2025-10-17 22:58:28
10:11:06,12.72,-0.01,411,522515,中性盘,000625,2025-10-17 22:58:28
10:11:09,12.7,-0.02,316,401859,卖盘,000625,2025-10-17 22:58:28
10:11:12,12.71,0.01,65,82666,卖盘,000625,2025-10-17 22:58:28
10:11:15,12.72,0.01,204,259469,买盘,000625,2025-10-17 22:58:28
10:11:18,12.71,-0.01,85,108069,卖盘,000625,2025-10-17 22:58:28
10:11:21,12.72,0.01,292,371310,买盘,000625,2025-10-17 22:58:28
10:11:24,12.72,0.0,176,223775,买盘,000625,2025-10-17 22:58:28
10:11:27,12.71,-0.01,391,497179,卖盘,000625,2025-10-17 22:58:28
10:11:30,12.72,0.01,696,885065,买盘,000625,2025-10-17 22:58:28
10:11:33,12.71,-0.01,641,814759,卖盘,000625,2025-10-17 22:58:28
10:11:36,12.71,0.0,472,600233,买盘,000625,2025-10-17 22:58:28
10:11:39,12.71,0.0,230,292319,卖盘,000625,2025-10-17 22:58:28
10:11:42,12.7,-0.01,482,612253,卖盘,000625,2025-10-17 22:58:28
10:11:45,12.71,0.01,204,259281,买盘,000625,2025-10-17 22:58:28
10:11:48,12.7,-0.01,3431,4358257,卖盘,000625,2025-10-17 22:58:28
10:11:51,12.71,0.01,1115,1416161,买盘,000625,2025-10-17 22:58:28
10:11:54,12.71,0.0,219,278295,买盘,000625,2025-10-17 22:58:28
10:11:57,12.71,0.0,248,315064,买盘,000625,2025-10-17 22:58:28
10:12:00,12.71,0.0,204,259272,卖盘,000625,2025-10-17 22:58:28
10:12:03,12.7,-0.01,1323,1680105,卖盘,000625,2025-10-17 22:58:28
10:12:06,12.7,0.0,304,386081,买盘,000625,2025-10-17 22:58:28
10:12:09,12.71,0.01,843,1071098,买盘,000625,2025-10-17 22:58:28
10:12:12,12.69,-0.02,703,892481,卖盘,000625,2025-10-17 22:58:28
10:12:15,12.69,0.0,224,284346,卖盘,000625,2025-10-17 22:58:28
10:12:18,12.69,0.0,356,452008,卖盘,000625,2025-10-17 22:58:28
10:12:21,12.69,0.0,450,571203,卖盘,000625,2025-10-17 22:58:28
10:12:24,12.7,0.01,707,897608,买盘,000625,2025-10-17 22:58:28
10:12:27,12.69,-0.01,263,333857,卖盘,000625,2025-10-17 22:58:28
10:12:30,12.7,0.01,948,1203356,中性盘,000625,2025-10-17 22:58:28
10:12:33,12.7,0.0,1321,1676341,买盘,000625,2025-10-17 22:58:28
10:12:36,12.69,-0.01,159,201771,中性盘,000625,2025-10-17 22:58:28
10:12:39,12.68,-0.01,673,854208,卖盘,000625,2025-10-17 22:58:28
10:12:42,12.68,0.0,1472,1866638,卖盘,000625,2025-10-17 22:58:28
10:12:45,12.68,0.0,103,130647,卖盘,000625,2025-10-17 22:58:28
10:12:48,12.69,0.01,498,631659,买盘,000625,2025-10-17 22:58:28
10:12:51,12.69,0.0,500,634371,买盘,000625,2025-10-17 22:58:28
10:12:54,12.68,-0.01,377,478329,卖盘,000625,2025-10-17 22:58:28
10:12:57,12.69,0.01,318,403277,买盘,000625,2025-10-17 22:58:28
10:13:00,12.68,-0.01,816,1034976,卖盘,000625,2025-10-17 22:58:28
10:13:03,12.68,0.0,607,769826,卖盘,000625,2025-10-17 22:58:28
10:13:06,12.69,0.01,607,770235,买盘,000625,2025-10-17 22:58:28
10:13:09,12.69,0.0,384,487264,买盘,000625,2025-10-17 22:58:28
10:13:12,12.69,0.0,1658,2102620,卖盘,000625,2025-10-17 22:58:28
10:13:15,12.69,0.0,133,168822,卖盘,000625,2025-10-17 22:58:28
10:13:18,12.69,0.0,656,833033,卖盘,000625,2025-10-17 22:58:28
10:13:21,12.7,0.01,1521,1931428,买盘,000625,2025-10-17 22:58:28
10:13:24,12.69,-0.01,973,1235685,卖盘,000625,2025-10-17 22:58:28
10:13:27,12.69,0.0,226,286962,卖盘,000625,2025-10-17 22:58:28
10:13:30,12.69,0.0,218,276818,卖盘,000625,2025-10-17 22:58:28
10:13:33,12.69,0.0,1684,2137091,卖盘,000625,2025-10-17 22:58:28
10:13:36,12.68,-0.01,296,375609,卖盘,000625,2025-10-17 22:58:28
10:13:39,12.69,0.01,277,351439,卖盘,000625,2025-10-17 22:58:28
10:13:42,12.7,0.01,257,326303,买盘,000625,2025-10-17 22:58:28
10:13:45,12.7,0.0,753,955600,买盘,000625,2025-10-17 22:58:28
10:13:48,12.69,-0.01,294,373204,卖盘,000625,2025-10-17 22:58:28
10:13:51,12.7,0.01,231,293219,买盘,000625,2025-10-17 22:58:28
10:13:54,12.7,0.0,110,139638,买盘,000625,2025-10-17 22:58:28
10:13:57,12.69,-0.01,117,148537,卖盘,000625,2025-10-17 22:58:28
10:14:00,12.69,0.0,106,134568,卖盘,000625,2025-10-17 22:58:28
10:14:03,12.7,0.01,225,285538,买盘,000625,2025-10-17 22:58:28
10:14:06,12.7,0.0,324,411302,买盘,000625,2025-10-17 22:58:28
10:14:09,12.7,0.0,461,585241,买盘,000625,2025-10-17 22:58:28
10:14:12,12.7,0.0,440,559175,买盘,000625,2025-10-17 22:58:28
10:14:15,12.7,0.0,570,723709,卖盘,000625,2025-10-17 22:58:28
10:14:18,12.71,0.01,81,102871,买盘,000625,2025-10-17 22:58:28
10:14:21,12.71,0.0,667,847119,买盘,000625,2025-10-17 22:58:28
10:14:24,12.71,0.0,147,186730,买盘,000625,2025-10-17 22:58:28
10:14:27,12.71,0.0,202,256695,买盘,000625,2025-10-17 22:58:28
10:14:30,12.7,-0.01,312,396503,卖盘,000625,2025-10-17 22:58:28
10:14:33,12.71,0.01,234,297387,买盘,000625,2025-10-17 22:58:28
10:14:36,12.7,-0.01,1397,1774375,卖盘,000625,2025-10-17 22:58:28
10:14:39,12.7,0.0,238,302258,买盘,000625,2025-10-17 22:58:28
10:14:42,12.7,0.0,344,436880,买盘,000625,2025-10-17 22:58:28
10:14:45,12.7,0.0,343,435565,买盘,000625,2025-10-17 22:58:28
10:14:48,12.7,0.0,158,200660,买盘,000625,2025-10-17 22:58:28
10:14:51,12.69,-0.01,430,546083,卖盘,000625,2025-10-17 22:58:28
10:14:54,12.7,0.01,148,187926,买盘,000625,2025-10-17 22:58:28
10:14:57,12.7,0.0,612,777021,买盘,000625,2025-10-17 22:58:28
10:15:00,12.69,-0.01,425,539573,卖盘,000625,2025-10-17 22:58:28
10:15:03,12.7,0.01,461,585409,买盘,000625,2025-10-17 22:58:28
10:15:06,12.7,0.0,206,261557,买盘,000625,2025-10-17 22:58:28
10:15:09,12.69,-0.01,317,402494,卖盘,000625,2025-10-17 22:58:28
10:15:12,12.7,0.01,305,387289,买盘,000625,2025-10-17 22:58:28
10:15:15,12.7,0.0,306,388583,买盘,000625,2025-10-17 22:58:28
10:15:18,12.7,0.0,300,380939,买盘,000625,2025-10-17 22:58:28
10:15:21,12.7,0.0,170,215876,买盘,000625,2025-10-17 22:58:28
10:15:24,12.69,-0.01,4638,5886054,卖盘,000625,2025-10-17 22:58:28
10:15:27,12.69,0.0,378,478971,卖盘,000625,2025-10-17 22:58:28
10:15:30,12.7,0.01,503,638307,买盘,000625,2025-10-17 22:58:28
10:15:33,12.7,0.0,317,402307,买盘,000625,2025-10-17 22:58:28
10:15:36,12.69,-0.01,514,652266,卖盘,000625,2025-10-17 22:58:28
10:15:39,12.7,0.01,272,345248,买盘,000625,2025-10-17 22:58:28
10:15:42,12.69,-0.01,167,211945,卖盘,000625,2025-10-17 22:58:28
10:15:45,12.7,0.01,180,228529,买盘,000625,2025-10-17 22:58:28
10:15:48,12.69,-0.01,71,90102,卖盘,000625,2025-10-17 22:58:28
10:15:51,12.69,0.0,938,1190494,卖盘,000625,2025-10-17 22:58:28
10:15:54,12.69,0.0,163,206871,卖盘,000625,2025-10-17 22:58:28
10:15:57,12.7,0.01,287,364262,买盘,000625,2025-10-17 22:58:28
10:16:00,12.7,0.0,361,458193,买盘,000625,2025-10-17 22:58:28
10:16:03,12.68,-0.02,8593,10896892,卖盘,000625,2025-10-17 22:58:28
10:16:06,12.68,0.0,331,419634,买盘,000625,2025-10-17 22:58:28
10:16:09,12.68,0.0,212,268816,买盘,000625,2025-10-17 22:58:28
10:16:12,12.67,-0.01,108,136908,卖盘,000625,2025-10-17 22:58:28
10:16:15,12.67,0.0,477,604494,卖盘,000625,2025-10-17 22:58:28
10:16:18,12.67,0.0,411,520980,卖盘,000625,2025-10-17 22:58:28
10:16:21,12.68,0.01,828,1049358,买盘,000625,2025-10-17 22:58:28
10:16:24,12.67,-0.01,334,423208,卖盘,000625,2025-10-17 22:58:28
10:16:27,12.68,0.01,211,267486,买盘,000625,2025-10-17 22:58:28
10:16:30,12.67,-0.01,58,73525,卖盘,000625,2025-10-17 22:58:28
10:16:33,12.67,0.0,377,477881,卖盘,000625,2025-10-17 22:58:28
10:16:36,12.68,0.01,223,282707,买盘,000625,2025-10-17 22:58:28
10:16:39,12.68,0.0,1245,1577546,买盘,000625,2025-10-17 22:58:28
10:16:42,12.68,0.0,300,380543,卖盘,000625,2025-10-17 22:58:28
10:16:45,12.68,0.0,427,541562,买盘,000625,2025-10-17 22:58:28
10:16:48,12.68,0.0,167,211742,买盘,000625,2025-10-17 22:58:28
10:16:51,12.68,0.0,233,295512,卖盘,000625,2025-10-17 22:58:28
10:16:54,12.68,0.0,431,546509,卖盘,000625,2025-10-17 22:58:28
10:16:57,12.68,0.0,471,597244,卖盘,000625,2025-10-17 22:58:28
10:17:00,12.68,0.0,362,459121,卖盘,000625,2025-10-17 22:58:28
10:17:03,12.68,0.0,532,674768,卖盘,000625,2025-10-17 22:58:28
10:17:06,12.68,0.0,376,476666,买盘,000625,2025-10-17 22:58:28
10:17:09,12.68,0.0,71,90049,卖盘,000625,2025-10-17 22:58:28
10:17:12,12.68,0.0,409,518496,卖盘,000625,2025-10-17 22:58:28
10:17:15,12.68,0.0,460,583250,卖盘,000625,2025-10-17 22:58:28
10:17:18,12.68,0.0,317,401956,卖盘,000625,2025-10-17 22:58:28
10:17:21,12.69,0.01,338,428714,买盘,000625,2025-10-17 22:58:28
10:17:24,12.67,-0.02,195,247167,卖盘,000625,2025-10-17 22:58:28
10:17:27,12.68,0.01,574,728347,卖盘,000625,2025-10-17 22:58:28
10:17:30,12.68,0.0,128,162326,卖盘,000625,2025-10-17 22:58:28
10:17:33,12.68,0.0,518,657109,卖盘,000625,2025-10-17 22:58:28
10:17:36,12.69,0.01,411,521250,买盘,000625,2025-10-17 22:58:28
10:17:39,12.68,-0.01,68,86263,卖盘,000625,2025-10-17 22:58:28
10:17:42,12.68,0.0,763,967607,卖盘,000625,2025-10-17 22:58:28
10:17:45,12.68,0.0,303,384091,买盘,000625,2025-10-17 22:58:28
10:17:48,12.68,0.0,404,512259,买盘,000625,2025-10-17 22:58:28
10:17:51,12.68,0.0,443,561584,买盘,000625,2025-10-17 22:58:28
10:17:54,12.68,0.0,188,238359,买盘,000625,2025-10-17 22:58:28
10:17:57,12.68,0.0,683,865560,买盘,000625,2025-10-17 22:58:28
10:18:00,12.68,0.0,558,707427,买盘,000625,2025-10-17 22:58:28
10:18:03,12.68,0.0,374,474218,买盘,000625,2025-10-17 22:58:28
10:18:06,12.68,0.0,1007,1276601,买盘,000625,2025-10-17 22:58:28
10:18:09,12.68,0.0,219,277655,买盘,000625,2025-10-17 22:58:28
10:18:12,12.68,0.0,812,1029243,买盘,000625,2025-10-17 22:58:28
10:18:15,12.68,0.0,262,332176,买盘,000625,2025-10-17 22:58:28
10:18:18,12.68,0.0,1664,2109279,买盘,000625,2025-10-17 22:58:28
10:18:21,12.68,0.0,543,688287,买盘,000625,2025-10-17 22:58:28
10:18:24,12.68,0.0,597,756986,买盘,000625,2025-10-17 22:58:28
10:18:27,12.68,0.0,249,315732,卖盘,000625,2025-10-17 22:58:28
10:18:30,12.68,0.0,335,424818,卖盘,000625,2025-10-17 22:58:28
10:18:33,12.68,0.0,277,351249,卖盘,000625,2025-10-17 22:58:28
10:18:36,12.68,0.0,995,1261653,卖盘,000625,2025-10-17 22:58:28
10:18:39,12.68,0.0,282,357538,买盘,000625,2025-10-17 22:58:28
10:18:42,12.68,0.0,134,169909,买盘,000625,2025-10-17 22:58:28
10:18:45,12.68,0.0,558,707432,买盘,000625,2025-10-17 22:58:28
10:18:48,12.68,0.0,957,1212787,买盘,000625,2025-10-17 22:58:28
10:18:51,12.68,0.0,376,476585,买盘,000625,2025-10-17 22:58:28
10:18:54,12.68,0.0,376,476699,买盘,000625,2025-10-17 22:58:28
10:18:57,12.68,0.0,242,306785,买盘,000625,2025-10-17 22:58:28
10:19:00,12.68,0.0,276,349900,买盘,000625,2025-10-17 22:58:28
10:19:03,12.68,0.0,537,680544,买盘,000625,2025-10-17 22:58:28
10:19:06,12.68,0.0,572,724839,买盘,000625,2025-10-17 22:58:28
10:19:09,12.67,-0.01,690,874764,卖盘,000625,2025-10-17 22:58:28
10:19:12,12.68,0.01,1017,1288730,买盘,000625,2025-10-17 22:58:28
10:19:15,12.67,-0.01,1733,2195847,卖盘,000625,2025-10-17 22:58:28
10:19:18,12.68,0.01,825,1045904,买盘,000625,2025-10-17 22:58:28
10:19:21,12.68,0.0,297,376522,买盘,000625,2025-10-17 22:58:28
10:19:24,12.68,0.0,264,334742,买盘,000625,2025-10-17 22:58:28
10:19:27,12.68,0.0,353,447575,卖盘,000625,2025-10-17 22:58:28
10:19:30,12.68,0.0,343,434810,卖盘,000625,2025-10-17 22:58:28
10:19:33,12.68,0.0,393,498324,买盘,000625,2025-10-17 22:58:28
10:19:36,12.68,0.0,134,169910,买盘,000625,2025-10-17 22:58:28
10:19:39,12.68,0.0,2269,2874973,买盘,000625,2025-10-17 22:58:28
10:19:42,12.67,-0.01,501,634900,卖盘,000625,2025-10-17 22:58:28
10:19:45,12.67,0.0,1349,1709340,卖盘,000625,2025-10-17 22:58:28
10:19:48,12.68,0.01,1200,1520559,买盘,000625,2025-10-17 22:58:28
10:19:51,12.67,-0.01,228,289021,卖盘,000625,2025-10-17 22:58:28
10:19:54,12.68,0.01,116,147020,买盘,000625,2025-10-17 22:58:28
10:19:57,12.67,-0.01,870,1102418,卖盘,000625,2025-10-17 22:58:28
10:20:00,12.67,0.0,107,135601,卖盘,000625,2025-10-17 22:58:28
10:20:03,12.67,0.0,119,150805,卖盘,000625,2025-10-17 22:58:28
10:20:06,12.68,0.01,133,168636,买盘,000625,2025-10-17 22:58:28
10:20:09,12.68,0.0,157,198981,买盘,000625,2025-10-17 22:58:28
10:20:12,12.68,0.0,153,193938,买盘,000625,2025-10-17 22:58:28
10:20:15,12.68,0.0,178,225652,买盘,000625,2025-10-17 22:58:28
10:20:18,12.68,0.0,324,410663,买盘,000625,2025-10-17 22:58:28
10:20:21,12.68,0.0,226,286496,买盘,000625,2025-10-17 22:58:28
10:20:24,12.68,0.0,293,371453,买盘,000625,2025-10-17 22:58:28
10:20:27,12.68,0.0,369,467762,买盘,000625,2025-10-17 22:58:28
10:20:30,12.68,0.0,558,707535,买盘,000625,2025-10-17 22:58:28
10:20:33,12.68,0.0,683,866016,卖盘,000625,2025-10-17 22:58:28
10:20:36,12.67,-0.01,256,324576,卖盘,000625,2025-10-17 22:58:28
10:20:39,12.68,0.01,292,370256,买盘,000625,2025-10-17 22:58:28
10:20:42,12.68,0.0,194,245994,买盘,000625,2025-10-17 22:58:28
10:20:45,12.68,0.0,204,258563,买盘,000625,2025-10-17 22:58:28
10:20:48,12.68,0.0,152,192647,买盘,000625,2025-10-17 22:58:28
10:20:51,12.67,-0.01,391,495685,卖盘,000625,2025-10-17 22:58:28
10:20:54,12.67,0.0,163,206667,卖盘,000625,2025-10-17 22:58:28
10:20:57,12.68,0.01,200,253411,买盘,000625,2025-10-17 22:58:28
10:21:00,12.67,-0.01,5209,6599862,卖盘,000625,2025-10-17 22:58:28
10:21:03,12.68,0.01,333,422025,买盘,000625,2025-10-17 22:58:28
10:21:06,12.68,0.0,165,209108,买盘,000625,2025-10-17 22:58:28
10:21:09,12.67,-0.01,8795,11136417,卖盘,000625,2025-10-17 22:58:28
10:21:12,12.67,0.0,590,747126,买盘,000625,2025-10-17 22:58:28
10:21:15,12.67,0.0,583,738602,买盘,000625,2025-10-17 22:58:28
10:21:18,12.67,0.0,239,302773,买盘,000625,2025-10-17 22:58:28
10:21:21,12.67,0.0,589,746279,卖盘,000625,2025-10-17 22:58:28
10:21:24,12.67,0.0,1336,1691937,卖盘,000625,2025-10-17 22:58:28
10:21:27,12.67,0.0,132,167266,卖盘,000625,2025-10-17 22:58:28
10:21:30,12.68,0.01,496,628402,买盘,000625,2025-10-17 22:58:28
10:21:33,12.67,-0.01,332,420821,卖盘,000625,2025-10-17 22:58:28
10:21:36,12.67,0.0,117,148239,买盘,000625,2025-10-17 22:58:28
10:21:39,12.67,0.0,290,367430,买盘,000625,2025-10-17 22:58:28
10:21:42,12.67,0.0,653,827211,买盘,000625,2025-10-17 22:58:28
10:21:45,12.67,0.0,217,274891,买盘,000625,2025-10-17 22:58:28
10:21:48,12.67,0.0,497,629378,买盘,000625,2025-10-17 22:58:28
10:21:51,12.66,-0.01,885,1120761,卖盘,000625,2025-10-17 22:58:28
10:21:54,12.66,0.0,268,339550,卖盘,000625,2025-10-17 22:58:28
10:21:57,12.67,0.01,243,307772,买盘,000625,2025-10-17 22:58:28
10:22:00,12.67,0.0,384,486389,买盘,000625,2025-10-17 22:58:28
10:22:03,12.66,-0.01,1839,2328847,卖盘,000625,2025-10-17 22:58:28
10:22:06,12.67,0.01,245,310285,买盘,000625,2025-10-17 22:58:28
10:22:09,12.67,0.0,258,326759,买盘,000625,2025-10-17 22:58:28
10:22:12,12.67,0.0,457,578820,买盘,000625,2025-10-17 22:58:28
10:22:15,12.66,-0.01,439,556301,卖盘,000625,2025-10-17 22:58:28
10:22:18,12.67,0.01,477,604387,中性盘,000625,2025-10-17 22:58:28
10:22:21,12.66,-0.01,1122,1421330,卖盘,000625,2025-10-17 22:58:28
10:22:24,12.67,0.01,169,214119,中性盘,000625,2025-10-17 22:58:28
10:22:27,12.67,0.0,241,305297,买盘,000625,2025-10-17 22:58:28
10:22:30,12.67,0.0,216,273734,卖盘,000625,2025-10-17 22:58:28
10:22:33,12.68,0.01,174,220494,买盘,000625,2025-10-17 22:58:28
10:22:36,12.68,0.0,289,366290,买盘,000625,2025-10-17 22:58:28
10:22:39,12.68,0.0,195,247249,买盘,000625,2025-10-17 22:58:28
10:22:42,12.68,0.0,238,301657,买盘,000625,2025-10-17 22:58:28
10:22:45,12.68,0.0,932,1181770,买盘,000625,2025-10-17 22:58:28
10:22:48,12.69,0.01,317,402076,买盘,000625,2025-10-17 22:58:28
10:22:51,12.68,-0.01,95,120504,卖盘,000625,2025-10-17 22:58:28
10:22:54,12.69,0.01,377,478358,买盘,000625,2025-10-17 22:58:28
10:22:57,12.69,0.0,346,438810,买盘,000625,2025-10-17 22:58:28
10:23:00,12.69,0.0,282,357797,买盘,000625,2025-10-17 22:58:28
10:23:03,12.69,0.0,334,423711,买盘,000625,2025-10-17 22:58:28
10:23:06,12.69,0.0,301,381849,买盘,000625,2025-10-17 22:58:28
10:23:09,12.68,-0.01,331,419892,卖盘,000625,2025-10-17 22:58:28
10:23:12,12.69,0.01,230,291833,买盘,000625,2025-10-17 22:58:28
10:23:15,12.68,-0.01,93,117983,卖盘,000625,2025-10-17 22:58:28
10:23:18,12.68,0.0,113,143320,卖盘,000625,2025-10-17 22:58:28
10:23:21,12.68,0.0,163,206746,卖盘,000625,2025-10-17 22:58:28
10:23:24,12.69,0.01,605,767604,买盘,000625,2025-10-17 22:58:28
10:23:27,12.7,0.01,128,162459,买盘,000625,2025-10-17 22:58:28
10:23:30,12.69,-0.01,373,473287,卖盘,000625,2025-10-17 22:58:28
10:23:33,12.7,0.01,358,454318,买盘,000625,2025-10-17 22:58:28
10:23:36,12.69,-0.01,58,73653,卖盘,000625,2025-10-17 22:58:28
10:23:39,12.7,0.01,41,52061,买盘,000625,2025-10-17 22:58:28
10:23:42,12.7,0.0,365,463443,买盘,000625,2025-10-17 22:58:28
10:23:45,12.69,-0.01,427,542053,卖盘,000625,2025-10-17 22:58:28
10:23:48,12.7,0.01,282,357970,买盘,000625,2025-10-17 22:58:28
10:23:51,12.7,0.0,384,487671,买盘,000625,2025-10-17 22:58:28
10:23:54,12.7,0.0,227,288287,买盘,000625,2025-10-17 22:58:28
10:23:57,12.7,0.0,92,116808,买盘,000625,2025-10-17 22:58:28
10:24:00,12.69,-0.01,1096,1391179,卖盘,000625,2025-10-17 22:58:28
10:24:03,12.69,0.0,2023,2567458,卖盘,000625,2025-10-17 22:58:28
10:24:06,12.69,0.0,1318,1673483,买盘,000625,2025-10-17 22:58:28
10:24:09,12.7,0.01,316,401045,买盘,000625,2025-10-17 22:58:28
10:24:12,12.69,-0.01,307,389647,卖盘,000625,2025-10-17 22:58:28
10:24:15,12.69,0.0,44,55836,卖盘,000625,2025-10-17 22:58:28
10:24:18,12.7,0.01,50,63490,买盘,000625,2025-10-17 22:58:28
10:24:21,12.69,-0.01,231,293348,卖盘,000625,2025-10-17 22:58:28
10:24:24,12.69,0.0,466,591792,卖盘,000625,2025-10-17 22:58:28
10:24:27,12.7,0.01,185,234782,买盘,000625,2025-10-17 22:58:28
10:24:30,12.7,0.0,208,264101,买盘,000625,2025-10-17 22:58:28
10:24:33,12.7,0.0,378,479804,买盘,000625,2025-10-17 22:58:28
10:24:36,12.69,-0.01,206,261470,卖盘,000625,2025-10-17 22:58:28
10:24:39,12.69,0.0,1274,1616832,卖盘,000625,2025-10-17 22:58:28
10:24:42,12.69,0.0,75,95164,买盘,000625,2025-10-17 22:58:28
10:24:45,12.69,0.0,178,225873,买盘,000625,2025-10-17 22:58:28
10:24:48,12.69,0.0,474,601197,买盘,000625,2025-10-17 22:58:28
10:24:51,12.68,-0.01,381,483470,卖盘,000625,2025-10-17 22:58:28
10:24:54,12.69,0.01,177,224561,买盘,000625,2025-10-17 22:58:28
10:24:57,12.69,0.0,86,109132,买盘,000625,2025-10-17 22:58:28
10:25:00,12.69,0.0,398,505061,买盘,000625,2025-10-17 22:58:28
10:25:03,12.68,-0.01,339,429981,卖盘,000625,2025-10-17 22:58:28
10:25:06,12.68,0.0,273,346397,卖盘,000625,2025-10-17 22:58:28
10:25:09,12.68,0.0,210,266308,卖盘,000625,2025-10-17 22:58:28
10:25:12,12.69,0.01,287,364108,买盘,000625,2025-10-17 22:58:28
10:25:15,12.69,0.0,210,266357,买盘,000625,2025-10-17 22:58:28
10:25:18,12.69,0.0,162,205454,买盘,000625,2025-10-17 22:58:28
10:25:21,12.69,0.0,115,145887,买盘,000625,2025-10-17 22:58:28
10:25:24,12.69,0.0,41,52019,买盘,000625,2025-10-17 22:58:28
10:25:27,12.69,0.0,163,206795,买盘,000625,2025-10-17 22:58:28
10:25:30,12.69,0.0,199,252483,买盘,000625,2025-10-17 22:58:28
10:25:33,12.69,0.0,194,246086,买盘,000625,2025-10-17 22:58:28
10:25:36,12.69,0.0,242,307009,买盘,000625,2025-10-17 22:58:28
10:25:39,12.69,0.0,151,191527,买盘,000625,2025-10-17 22:58:28
10:25:42,12.69,0.0,191,242367,买盘,000625,2025-10-17 22:58:28
10:25:45,12.68,-0.01,242,306918,卖盘,000625,2025-10-17 22:58:28
10:25:48,12.69,0.01,144,182715,买盘,000625,2025-10-17 22:58:28
10:25:51,12.69,0.0,359,455335,买盘,000625,2025-10-17 22:58:28
10:25:54,12.69,0.0,141,178843,买盘,000625,2025-10-17 22:58:28
10:25:57,12.69,0.0,341,432447,买盘,000625,2025-10-17 22:58:28
10:26:00,12.69,0.0,780,989766,买盘,000625,2025-10-17 22:58:28
10:26:03,12.69,0.0,244,309519,买盘,000625,2025-10-17 22:58:28
10:26:06,12.68,-0.01,383,485910,卖盘,000625,2025-10-17 22:58:28
10:26:09,12.68,0.0,137,173808,卖盘,000625,2025-10-17 22:58:28
10:26:12,12.68,0.0,780,989799,卖盘,000625,2025-10-17 22:58:28
10:26:15,12.69,0.01,284,360192,买盘,000625,2025-10-17 22:58:28
10:26:18,12.69,0.0,237,300647,买盘,000625,2025-10-17 22:58:28
10:26:21,12.69,0.0,169,214425,买盘,000625,2025-10-17 22:58:28
10:26:24,12.69,0.0,75,95160,买盘,000625,2025-10-17 22:58:28
10:26:27,12.69,0.0,700,888084,买盘,000625,2025-10-17 22:58:28
10:26:30,12.68,-0.01,105,133205,卖盘,000625,2025-10-17 22:58:28
10:26:33,12.69,0.01,115,145923,买盘,000625,2025-10-17 22:58:28
10:26:36,12.68,-0.01,254,322228,卖盘,000625,2025-10-17 22:58:28
10:26:39,12.69,0.01,754,956105,买盘,000625,2025-10-17 22:58:28
10:26:42,12.69,0.0,333,422545,买盘,000625,2025-10-17 22:58:28
10:26:45,12.68,-0.01,898,1138820,卖盘,000625,2025-10-17 22:58:28
10:26:48,12.68,0.0,133,168733,卖盘,000625,2025-10-17 22:58:28
10:26:51,12.69,0.01,572,725861,买盘,000625,2025-10-17 22:58:28
10:26:54,12.69,0.0,717,909346,买盘,000625,2025-10-17 22:58:28
10:26:57,12.69,0.0,2727,3459899,买盘,000625,2025-10-17 22:58:28
10:27:00,12.69,0.0,158,200481,卖盘,000625,2025-10-17 22:58:28
10:27:03,12.69,0.0,635,805262,卖盘,000625,2025-10-17 22:58:28
10:27:06,12.69,0.0,196,248703,买盘,000625,2025-10-17 22:58:28
10:27:09,12.69,0.0,153,194157,买盘,000625,2025-10-17 22:58:28
10:27:12,12.69,0.0,59,74871,买盘,000625,2025-10-17 22:58:28
10:27:15,12.69,0.0,281,356458,买盘,000625,2025-10-17 22:58:28
10:27:18,12.69,0.0,28,35525,买盘,000625,2025-10-17 22:58:28
10:27:21,12.69,0.0,57,72333,卖盘,000625,2025-10-17 22:58:28
10:27:24,12.69,0.0,37,46963,卖盘,000625,2025-10-17 22:58:28
10:27:27,12.69,0.0,300,380937,卖盘,000625,2025-10-17 22:58:28
10:27:30,12.69,0.0,237,300858,卖盘,000625,2025-10-17 22:58:28
10:27:33,12.69,0.0,215,272870,卖盘,000625,2025-10-17 22:58:28
10:27:36,12.7,0.01,380,482344,买盘,000625,2025-10-17 22:58:28
10:27:39,12.7,0.0,119,151066,买盘,000625,2025-10-17 22:58:28
10:27:42,12.7,0.0,298,378377,买盘,000625,2025-10-17 22:58:28
10:27:45,12.7,0.0,288,365721,买盘,000625,2025-10-17 22:58:28
10:27:48,12.69,-0.01,372,472329,卖盘,000625,2025-10-17 22:58:28
10:27:51,12.69,0.0,328,416403,卖盘,000625,2025-10-17 22:58:28
10:27:54,12.7,0.01,199,252726,买盘,000625,2025-10-17 22:58:28
10:27:57,12.69,-0.01,262,332717,卖盘,000625,2025-10-17 22:58:28
10:28:00,12.7,0.01,495,628509,买盘,000625,2025-10-17 22:58:28
10:28:03,12.7,0.0,502,637219,买盘,000625,2025-10-17 22:58:28
10:28:06,12.7,0.0,186,236321,买盘,000625,2025-10-17 22:58:28
10:28:09,12.7,0.0,282,358254,卖盘,000625,2025-10-17 22:58:28
10:28:12,12.7,0.0,914,1161662,卖盘,000625,2025-10-17 22:58:28
10:28:15,12.71,0.01,425,540074,买盘,000625,2025-10-17 22:58:28
10:28:18,12.71,0.0,432,549072,卖盘,000625,2025-10-17 22:58:28
10:28:21,12.71,0.0,752,956216,卖盘,000625,2025-10-17 22:58:28
10:28:24,12.72,0.01,42,53424,买盘,000625,2025-10-17 22:58:28
10:28:27,12.72,0.0,173,220042,买盘,000625,2025-10-17 22:58:28
10:28:30,12.72,0.0,135,171619,买盘,000625,2025-10-17 22:58:28
10:28:33,12.72,0.0,157,199663,买盘,000625,2025-10-17 22:58:28
10:28:36,12.72,0.0,188,239082,买盘,000625,2025-10-17 22:58:28
10:28:39,12.71,-0.01,981,1246995,卖盘,000625,2025-10-17 22:58:28
10:28:42,12.72,0.01,308,391662,买盘,000625,2025-10-17 22:58:28
10:28:45,12.72,0.0,180,228956,买盘,000625,2025-10-17 22:58:28
10:28:48,12.72,0.0,43,54695,买盘,000625,2025-10-17 22:58:28
10:28:51,12.72,0.0,573,728805,买盘,000625,2025-10-17 22:58:28
10:28:54,12.72,0.0,594,755386,买盘,000625,2025-10-17 22:58:28
10:28:57,12.72,0.0,385,489718,买盘,000625,2025-10-17 22:58:28
10:29:00,12.7,-0.02,1741,2212879,卖盘,000625,2025-10-17 22:58:28
10:29:03,12.71,0.01,1304,1656732,买盘,000625,2025-10-17 22:58:28
10:29:06,12.71,0.0,252,320226,买盘,000625,2025-10-17 22:58:28
10:29:09,12.71,0.0,271,344281,买盘,000625,2025-10-17 22:58:28
10:29:12,12.7,-0.01,244,309968,卖盘,000625,2025-10-17 22:58:28
10:29:15,12.71,0.01,342,434478,买盘,000625,2025-10-17 22:58:28
10:29:18,12.7,-0.01,1074,1364234,卖盘,000625,2025-10-17 22:58:28
10:29:21,12.7,0.0,1562,1983743,卖盘,000625,2025-10-17 22:58:28
10:29:24,12.69,-0.01,123,156184,卖盘,000625,2025-10-17 22:58:28
10:29:27,12.7,0.01,150,190500,买盘,000625,2025-10-17 22:58:28
10:29:30,12.7,0.0,151,191758,买盘,000625,2025-10-17 22:58:28
10:29:33,12.7,0.0,832,1055870,买盘,000625,2025-10-17 22:58:28
10:29:36,12.7,0.0,441,559981,买盘,000625,2025-10-17 22:58:28
10:29:39,12.7,0.0,657,834015,买盘,000625,2025-10-17 22:58:28
10:29:42,12.7,0.0,330,419008,买盘,000625,2025-10-17 22:58:28
10:29:45,12.7,0.0,643,816556,买盘,000625,2025-10-17 22:58:28
10:29:48,12.7,0.0,121,153668,买盘,000625,2025-10-17 22:58:28
10:29:51,12.7,0.0,59,74930,卖盘,000625,2025-10-17 22:58:28
10:29:54,12.7,0.0,212,269252,卖盘,000625,2025-10-17 22:58:28
10:29:57,12.7,0.0,649,824252,卖盘,000625,2025-10-17 22:58:28
10:30:00,12.7,0.0,258,327654,买盘,000625,2025-10-17 22:58:28
10:30:03,12.69,-0.01,1173,1488879,卖盘,000625,2025-10-17 22:58:28
10:30:06,12.7,0.01,1365,1732668,买盘,000625,2025-10-17 22:58:28
10:30:09,12.7,0.0,292,370846,卖盘,000625,2025-10-17 22:58:28
10:30:12,12.7,0.0,613,778147,卖盘,000625,2025-10-17 22:58:28
10:30:15,12.7,0.0,65,82550,买盘,000625,2025-10-17 22:58:28
10:30:18,12.69,-0.01,187,237472,卖盘,000625,2025-10-17 22:58:28
10:30:21,12.69,0.0,291,369510,卖盘,000625,2025-10-17 22:58:28
10:30:24,12.7,0.01,214,271689,买盘,000625,2025-10-17 22:58:28
10:30:27,12.7,0.0,74,93971,买盘,000625,2025-10-17 22:58:28
10:30:30,12.7,0.0,94,119370,买盘,000625,2025-10-17 22:58:28
10:30:33,12.7,0.0,77,97777,买盘,000625,2025-10-17 22:58:28
10:30:36,12.7,0.0,39,49530,买盘,000625,2025-10-17 22:58:28
10:30:39,12.7,0.0,136,172722,卖盘,000625,2025-10-17 22:58:28
10:30:42,12.7,0.0,22,27950,卖盘,000625,2025-10-17 22:58:28
10:30:45,12.71,0.01,122,154992,买盘,000625,2025-10-17 22:58:28
10:30:48,12.71,0.0,235,298501,买盘,000625,2025-10-17 22:58:28
10:30:51,12.7,-0.01,512,650275,卖盘,000625,2025-10-17 22:58:28
10:30:54,12.7,0.0,473,600808,卖盘,000625,2025-10-17 22:58:28
10:30:57,12.7,0.0,158,200660,买盘,000625,2025-10-17 22:58:28
10:31:00,12.7,0.0,106,134620,买盘,000625,2025-10-17 22:58:28
10:31:03,12.7,0.0,524,665115,买盘,000625,2025-10-17 22:58:28
10:31:06,12.69,-0.01,164,208151,卖盘,000625,2025-10-17 22:58:28
10:31:09,12.7,0.01,415,526934,买盘,000625,2025-10-17 22:58:28
10:31:12,12.69,-0.01,184,233624,卖盘,000625,2025-10-17 22:58:28
10:31:15,12.69,0.0,418,530568,卖盘,000625,2025-10-17 22:58:28
10:31:18,12.69,0.0,246,312398,卖盘,000625,2025-10-17 22:58:28
10:31:21,12.69,0.0,179,227216,卖盘,000625,2025-10-17 22:58:28
10:31:24,12.7,0.01,242,307339,买盘,000625,2025-10-17 22:58:28
10:31:27,12.69,-0.01,60,76173,卖盘,000625,2025-10-17 22:58:28
10:31:30,12.7,0.01,250,317329,买盘,000625,2025-10-17 22:58:28
10:31:33,12.7,0.0,291,369549,买盘,000625,2025-10-17 22:58:28
10:31:36,12.7,0.0,98,124493,卖盘,000625,2025-10-17 22:58:28
10:31:39,12.7,0.0,62,78741,卖盘,000625,2025-10-17 22:58:28
10:31:42,12.7,0.0,69,87636,卖盘,000625,2025-10-17 22:58:28
10:31:45,12.7,0.0,133,168983,卖盘,000625,2025-10-17 22:58:28
10:31:48,12.71,0.01,148,188078,买盘,000625,2025-10-17 22:58:28
10:31:51,12.7,-0.01,7241,9186990,卖盘,000625,2025-10-17 22:58:28
10:31:54,12.7,0.0,478,607107,卖盘,000625,2025-10-17 22:58:28
10:31:57,12.7,0.0,722,916947,卖盘,000625,2025-10-17 22:58:28
10:32:00,12.7,0.0,381,483855,买盘,000625,2025-10-17 22:58:28
10:32:03,12.69,-0.01,1110,1409252,卖盘,000625,2025-10-17 22:58:28
10:32:06,12.7,0.01,109,138419,买盘,000625,2025-10-17 22:58:28
10:32:09,12.69,-0.01,156,198113,卖盘,000625,2025-10-17 22:58:28
10:32:12,12.7,0.01,267,339000,买盘,000625,2025-10-17 22:58:28
10:32:15,12.69,-0.01,95,120619,卖盘,000625,2025-10-17 22:58:28
10:32:18,12.7,0.01,91,115533,买盘,000625,2025-10-17 22:58:28
10:32:21,12.7,0.0,121,153660,买盘,000625,2025-10-17 22:58:28
10:32:24,12.7,0.0,129,163761,买盘,000625,2025-10-17 22:58:28
10:32:27,12.7,0.0,327,415174,买盘,000625,2025-10-17 22:58:28
10:32:30,12.7,0.0,153,194268,买盘,000625,2025-10-17 22:58:28
10:32:33,12.71,0.01,625,793930,买盘,000625,2025-10-17 22:58:28
10:32:36,12.7,-0.01,36,45738,卖盘,000625,2025-10-17 22:58:28
10:32:39,12.7,0.0,419,532133,卖盘,000625,2025-10-17 22:58:28
10:32:42,12.69,-0.01,152,193033,卖盘,000625,2025-10-17 22:58:28
10:32:45,12.69,0.0,507,643513,卖盘,000625,2025-10-17 22:58:28
10:32:48,12.7,0.01,391,496549,买盘,000625,2025-10-17 22:58:28
10:32:51,12.69,-0.01,993,1260725,卖盘,000625,2025-10-17 22:58:28
10:32:54,12.7,0.01,172,218385,买盘,000625,2025-10-17 22:58:28
10:32:57,12.69,-0.01,263,333862,卖盘,000625,2025-10-17 22:58:28
10:33:00,12.7,0.01,434,551135,买盘,000625,2025-10-17 22:58:28
10:33:03,12.7,0.0,212,269154,买盘,000625,2025-10-17 22:58:28
10:33:06,12.7,0.0,610,774667,买盘,000625,2025-10-17 22:58:28
10:33:09,12.69,-0.01,2046,2596455,卖盘,000625,2025-10-17 22:58:28
10:33:12,12.69,0.0,939,1191829,买盘,000625,2025-10-17 22:58:28
10:33:15,12.69,0.0,110,139650,卖盘,000625,2025-10-17 22:58:28
10:33:18,12.69,0.0,89,112998,卖盘,000625,2025-10-17 22:58:28
10:33:21,12.7,0.01,91,115531,买盘,000625,2025-10-17 22:58:28
10:33:24,12.69,-0.01,145,184034,卖盘,000625,2025-10-17 22:58:28
10:33:27,12.7,0.01,234,297094,买盘,000625,2025-10-17 22:58:28
10:33:30,12.71,0.01,36,45711,买盘,000625,2025-10-17 22:58:28
10:33:33,12.7,-0.01,274,347973,卖盘,000625,2025-10-17 22:58:28
10:33:36,12.69,-0.01,144,182859,卖盘,000625,2025-10-17 22:58:28
10:33:39,12.69,0.0,2659,3374702,卖盘,000625,2025-10-17 22:58:28
10:33:42,12.69,0.0,125,158637,买盘,000625,2025-10-17 22:58:28
10:33:45,12.69,0.0,93,118082,卖盘,000625,2025-10-17 22:58:28
10:33:48,12.69,0.0,145,184069,卖盘,000625,2025-10-17 22:58:28
10:33:51,12.7,0.01,118,149836,买盘,000625,2025-10-17 22:58:28
10:33:54,12.69,-0.01,803,1019026,卖盘,000625,2025-10-17 22:58:28
10:33:57,12.69,0.0,829,1051941,买盘,000625,2025-10-17 22:58:28
10:34:00,12.69,0.0,2141,2714990,买盘,000625,2025-10-17 22:58:28
10:34:03,12.69,0.0,670,849870,买盘,000625,2025-10-17 22:58:28
10:34:06,12.69,0.0,299,379396,买盘,000625,2025-10-17 22:58:28
10:34:09,12.69,0.0,319,404814,卖盘,000625,2025-10-17 22:58:28
10:34:12,12.7,0.01,23,29210,买盘,000625,2025-10-17 22:58:28
10:34:15,12.7,0.0,88,111704,买盘,000625,2025-10-17 22:58:28
10:34:18,12.69,-0.01,402,510138,卖盘,000625,2025-10-17 22:58:28
10:34:21,12.69,0.0,326,413616,买盘,000625,2025-10-17 22:58:28
10:34:24,12.69,0.0,1483,1880613,买盘,000625,2025-10-17 22:58:28
10:34:27,12.69,0.0,454,576085,买盘,000625,2025-10-17 22:58:28
10:34:30,12.69,0.0,894,1133835,买盘,000625,2025-10-17 22:58:28
10:34:33,12.69,0.0,106,134505,买盘,000625,2025-10-17 22:58:28
10:34:36,12.69,0.0,761,965066,买盘,000625,2025-10-17 22:58:28
10:34:39,12.69,0.0,25,31725,卖盘,000625,2025-10-17 22:58:28
10:34:42,12.69,0.0,557,706854,卖盘,000625,2025-10-17 22:58:28
10:34:45,12.7,0.01,173,219544,买盘,000625,2025-10-17 22:58:28
10:34:48,12.69,-0.01,282,357890,卖盘,000625,2025-10-17 22:58:28
10:34:51,12.69,0.0,216,274147,卖盘,000625,2025-10-17 22:58:28
10:34:54,12.7,0.01,161,204411,买盘,000625,2025-10-17 22:58:28
10:34:57,12.7,0.0,83,105401,买盘,000625,2025-10-17 22:58:28
10:35:00,12.7,0.0,873,1107824,买盘,000625,2025-10-17 22:58:28
10:35:03,12.69,-0.01,829,1051742,卖盘,000625,2025-10-17 22:58:28
10:35:06,12.69,0.0,638,809256,买盘,000625,2025-10-17 22:58:28
10:35:09,12.68,-0.01,199,252401,卖盘,000625,2025-10-17 22:58:28
10:35:12,12.69,0.01,326,413477,买盘,000625,2025-10-17 22:58:28
10:35:15,12.68,-0.01,567,719272,卖盘,000625,2025-10-17 22:58:28
10:35:18,12.68,0.0,99,125595,卖盘,000625,2025-10-17 22:58:28
10:35:21,12.68,0.0,85,107843,卖盘,000625,2025-10-17 22:58:28
10:35:24,12.69,0.01,218,276599,买盘,000625,2025-10-17 22:58:28
10:35:27,12.69,0.0,289,366781,卖盘,000625,2025-10-17 22:58:28
10:35:30,12.68,-0.01,272,345134,卖盘,000625,2025-10-17 22:58:28
10:35:33,12.69,0.01,539,683948,买盘,000625,2025-10-17 22:58:28
10:35:36,12.69,0.0,215,272810,中性盘,000625,2025-10-17 22:58:28
10:35:39,12.69,0.0,199,252531,卖盘,000625,2025-10-17 22:58:28
10:35:42,12.69,0.0,177,224715,卖盘,000625,2025-10-17 22:58:28
10:35:45,12.69,0.0,246,312231,卖盘,000625,2025-10-17 22:58:28
10:35:48,12.7,0.01,150,190448,买盘,000625,2025-10-17 22:58:28
10:35:51,12.7,0.0,524,665052,买盘,000625,2025-10-17 22:58:28
10:35:54,12.7,0.0,171,217161,买盘,000625,2025-10-17 22:58:28
10:35:57,12.7,0.0,111,140946,买盘,000625,2025-10-17 22:58:28
10:36:00,12.69,-0.01,1691,2147509,卖盘,000625,2025-10-17 22:58:28
10:36:03,12.69,0.0,1898,2408688,卖盘,000625,2025-10-17 22:58:28
10:36:06,12.69,0.0,319,404773,买盘,000625,2025-10-17 22:58:28
10:36:09,12.69,0.0,95,120484,买盘,000625,2025-10-17 22:58:28
10:36:12,12.69,0.0,186,235998,买盘,000625,2025-10-17 22:58:28
10:36:15,12.68,-0.01,122,154798,卖盘,000625,2025-10-17 22:58:28
10:36:18,12.68,0.0,256,324677,卖盘,000625,2025-10-17 22:58:28
10:36:21,12.68,0.0,719,912242,卖盘,000625,2025-10-17 22:58:28
10:36:24,12.69,0.01,211,267625,买盘,000625,2025-10-17 22:58:28
10:36:27,12.68,-0.01,69,87503,卖盘,000625,2025-10-17 22:58:28
10:36:30,12.68,0.0,63,79930,卖盘,000625,2025-10-17 22:58:28
10:36:33,12.69,0.01,99,125572,买盘,000625,2025-10-17 22:58:28
10:36:36,12.68,-0.01,1431,1814534,卖盘,000625,2025-10-17 22:58:28
10:36:39,12.68,0.0,127,161065,卖盘,000625,2025-10-17 22:58:28
10:36:42,12.68,0.0,146,185230,卖盘,000625,2025-10-17 22:58:28
10:36:45,12.69,0.01,158,200401,买盘,000625,2025-10-17 22:58:28
10:36:48,12.69,0.0,350,443822,买盘,000625,2025-10-17 22:58:28
10:36:51,12.68,-0.01,743,942193,卖盘,000625,2025-10-17 22:58:28
10:36:54,12.68,0.0,1590,2016120,卖盘,000625,2025-10-17 22:58:28
10:36:57,12.68,0.0,134,169912,买盘,000625,2025-10-17 22:58:28
10:37:00,12.68,0.0,160,202835,买盘,000625,2025-10-17 22:58:28
10:37:03,12.68,0.0,971,1230959,买盘,000625,2025-10-17 22:58:28
10:37:06,12.68,0.0,318,403260,卖盘,000625,2025-10-17 22:58:28
10:37:09,12.69,0.01,153,194009,买盘,000625,2025-10-17 22:58:28
10:37:12,12.69,0.0,261,331005,买盘,000625,2025-10-17 22:58:28
10:37:15,12.69,0.0,131,166238,买盘,000625,2025-10-17 22:58:28
10:37:18,12.69,0.0,249,315926,买盘,000625,2025-10-17 22:58:28
10:37:21,12.68,-0.01,103,130645,卖盘,000625,2025-10-17 22:58:28
10:37:24,12.69,0.01,553,701311,买盘,000625,2025-10-17 22:58:28
10:37:27,12.69,0.0,108,137041,买盘,000625,2025-10-17 22:58:28
10:37:30,12.69,0.0,48,60906,买盘,000625,2025-10-17 22:58:28
10:37:33,12.69,0.0,670,849881,买盘,000625,2025-10-17 22:58:28
10:37:36,12.68,-0.01,249,315863,卖盘,000625,2025-10-17 22:58:28
10:37:39,12.68,0.0,1598,2026315,卖盘,000625,2025-10-17 22:58:28
10:37:42,12.68,0.0,179,227117,卖盘,000625,2025-10-17 22:58:28
10:37:45,12.68,0.0,148,187720,卖盘,000625,2025-10-17 22:58:28
10:37:48,12.68,0.0,257,326023,卖盘,000625,2025-10-17 22:58:28
10:37:51,12.68,0.0,107,135698,卖盘,000625,2025-10-17 22:58:28
10:37:54,12.69,0.01,152,192878,买盘,000625,2025-10-17 22:58:28
10:37:57,12.68,-0.01,149,189046,卖盘,000625,2025-10-17 22:58:28
10:38:00,12.68,0.0,209,265113,卖盘,000625,2025-10-17 22:58:28
10:38:03,12.69,0.01,220,279103,买盘,000625,2025-10-17 22:58:28
10:38:06,12.68,-0.01,131,166161,卖盘,000625,2025-10-17 22:58:28
10:38:09,12.68,0.0,271,343724,卖盘,000625,2025-10-17 22:58:28
10:38:12,12.68,0.0,254,322101,卖盘,000625,2025-10-17 22:58:28
10:38:15,12.68,0.0,609,772291,卖盘,000625,2025-10-17 22:58:28
10:38:18,12.68,0.0,352,446603,卖盘,000625,2025-10-17 22:58:28
10:38:21,12.69,0.01,608,771456,买盘,000625,2025-10-17 22:58:28
10:38:24,12.69,0.0,213,270243,买盘,000625,2025-10-17 22:58:28
10:38:27,12.69,0.0,203,257595,买盘,000625,2025-10-17 22:58:28
10:38:30,12.68,-0.01,146,185214,卖盘,000625,2025-10-17 22:58:28
10:38:33,12.69,0.01,356,451456,买盘,000625,2025-10-17 22:58:28
10:38:36,12.69,0.0,256,324645,买盘,000625,2025-10-17 22:58:28
10:38:39,12.69,0.0,220,279117,买盘,000625,2025-10-17 22:58:28
10:38:42,12.68,-0.01,114,144645,卖盘,000625,2025-10-17 22:58:28
10:38:45,12.68,0.0,1667,2113932,卖盘,000625,2025-10-17 22:58:28
10:38:48,12.68,0.0,384,486938,卖盘,000625,2025-10-17 22:58:28
10:38:51,12.68,0.0,267,338659,卖盘,000625,2025-10-17 22:58:28
10:38:54,12.68,0.0,169,214311,卖盘,000625,2025-10-17 22:58:28
10:38:57,12.69,0.01,112,142101,买盘,000625,2025-10-17 22:58:28
10:39:00,12.68,-0.01,56,71019,卖盘,000625,2025-10-17 22:58:28
10:39:03,12.69,0.01,729,924480,买盘,000625,2025-10-17 22:58:28
10:39:06,12.69,0.0,142,180118,买盘,000625,2025-10-17 22:58:28
10:39:09,12.69,0.0,129,163646,买盘,000625,2025-10-17 22:58:28
10:39:12,12.69,0.0,322,408552,买盘,000625,2025-10-17 22:58:28
10:39:15,12.68,-0.01,114,144625,卖盘,000625,2025-10-17 22:58:28
10:39:18,12.69,0.01,164,208083,买盘,000625,2025-10-17 22:58:28
10:39:21,12.69,0.0,93,118011,买盘,000625,2025-10-17 22:58:28
10:39:24,12.69,0.0,174,220761,买盘,000625,2025-10-17 22:58:28
10:39:27,12.69,0.0,441,559608,买盘,000625,2025-10-17 22:58:28
10:39:30,12.69,0.0,86,109094,买盘,000625,2025-10-17 22:58:28
10:39:33,12.69,0.0,97,123092,买盘,000625,2025-10-17 22:58:28
10:39:36,12.69,0.0,22,27918,卖盘,000625,2025-10-17 22:58:28
10:39:39,12.7,0.01,128,162482,买盘,000625,2025-10-17 22:58:28
10:39:42,12.7,0.0,54,68570,买盘,000625,2025-10-17 22:58:28
10:39:45,12.69,-0.01,364,461943,卖盘,000625,2025-10-17 22:58:28
10:39:48,12.7,0.01,77,97750,买盘,000625,2025-10-17 22:58:28
10:39:51,12.7,0.0,216,274278,买盘,000625,2025-10-17 22:58:28
10:39:54,12.7,0.0,104,132079,买盘,000625,2025-10-17 22:58:28
10:39:57,12.7,0.0,759,963922,买盘,000625,2025-10-17 22:58:28
10:40:00,12.69,-0.01,181,229761,卖盘,000625,2025-10-17 22:58:28
10:40:03,12.7,0.01,453,575112,买盘,000625,2025-10-17 22:58:28
10:40:06,12.69,-0.01,300,380752,卖盘,000625,2025-10-17 22:58:28
10:40:09,12.7,0.01,66,83796,买盘,000625,2025-10-17 22:58:28
10:40:12,12.7,0.0,78,99053,买盘,000625,2025-10-17 22:58:28
10:40:15,12.7,0.0,185,234944,买盘,000625,2025-10-17 22:58:28
10:40:18,12.7,0.0,120,151794,买盘,000625,2025-10-17 22:58:28
10:40:21,12.7,0.0,90,114326,卖盘,000625,2025-10-17 22:58:28
10:40:24,12.7,0.0,65,82550,卖盘,000625,2025-10-17 22:58:28
10:40:27,12.7,0.0,99,125754,卖盘,000625,2025-10-17 22:58:28
10:40:30,12.7,0.0,109,138477,卖盘,000625,2025-10-17 22:58:28
10:40:33,12.7,0.0,122,154947,卖盘,000625,2025-10-17 22:58:28
10:40:36,12.7,0.0,907,1151891,卖盘,000625,2025-10-17 22:58:28
10:40:39,12.7,0.0,67,85090,买盘,000625,2025-10-17 22:58:28
10:40:42,12.7,0.0,93,118100,买盘,000625,2025-10-17 22:58:28
10:40:45,12.7,0.0,112,142228,买盘,000625,2025-10-17 22:58:28
10:40:48,12.7,0.0,286,363213,买盘,000625,2025-10-17 22:58:28
10:40:51,12.7,0.0,242,307144,买盘,000625,2025-10-17 22:58:28
10:40:54,12.7,0.0,195,247642,买盘,000625,2025-10-17 22:58:28
10:40:57,12.7,0.0,198,251424,买盘,000625,2025-10-17 22:58:28
10:41:00,12.7,0.0,98,124460,买盘,000625,2025-10-17 22:58:28
10:41:03,12.7,0.0,526,667545,买盘,000625,2025-10-17 22:58:28
10:41:06,12.7,0.0,1162,1474040,买盘,000625,2025-10-17 22:58:28
10:41:09,12.7,0.0,155,196810,买盘,000625,2025-10-17 22:58:28
10:41:12,12.69,-0.01,133,168795,中性盘,000625,2025-10-17 22:58:28
10:41:15,12.69,0.0,294,373133,买盘,000625,2025-10-17 22:58:28
10:41:18,12.69,0.0,528,670514,买盘,000625,2025-10-17 22:58:28
10:41:21,12.7,0.01,92,116774,买盘,000625,2025-10-17 22:58:28
10:41:24,12.69,-0.01,497,630809,卖盘,000625,2025-10-17 22:58:28
10:41:27,12.7,0.01,89,113024,买盘,000625,2025-10-17 22:58:28
10:41:30,12.69,-0.01,76,96512,卖盘,000625,2025-10-17 22:58:28
10:41:33,12.7,0.01,139,176511,买盘,000625,2025-10-17 22:58:28
10:41:36,12.7,0.0,161,204345,买盘,000625,2025-10-17 22:58:28
10:41:39,12.7,0.0,135,171434,买盘,000625,2025-10-17 22:58:28
10:41:42,12.69,-0.01,335,425409,卖盘,000625,2025-10-17 22:58:28
10:41:45,12.69,0.0,130,165031,卖盘,000625,2025-10-17 22:58:28
10:41:48,12.7,0.01,155,196850,买盘,000625,2025-10-17 22:58:28
10:41:51,12.7,0.0,116,147254,买盘,000625,2025-10-17 22:58:28
10:41:54,12.7,0.0,67,85064,买盘,000625,2025-10-17 22:58:28
10:41:57,12.7,0.0,47,59670,买盘,000625,2025-10-17 22:58:28
10:42:00,12.69,-0.01,1231,1562169,卖盘,000625,2025-10-17 22:58:28
10:42:03,12.69,0.0,1130,1433846,买盘,000625,2025-10-17 22:58:28
10:42:06,12.7,0.01,236,299624,买盘,000625,2025-10-17 22:58:28
10:42:09,12.7,0.0,38,48233,买盘,000625,2025-10-17 22:58:28
10:42:12,12.69,-0.01,366,464482,卖盘,000625,2025-10-17 22:58:28
10:42:15,12.7,0.01,130,165065,买盘,000625,2025-10-17 22:58:28
10:42:18,12.69,-0.01,184,233584,卖盘,000625,2025-10-17 22:58:28
10:42:21,12.69,0.0,302,383481,卖盘,000625,2025-10-17 22:58:28
10:42:24,12.69,0.0,39,49511,卖盘,000625,2025-10-17 22:58:28
10:42:27,12.7,0.01,124,157432,买盘,000625,2025-10-17 22:58:28
10:42:30,12.7,0.0,201,255197,买盘,000625,2025-10-17 22:58:28
10:42:33,12.7,0.0,67,85076,买盘,000625,2025-10-17 22:58:28
10:42:36,12.7,0.0,94,119336,买盘,000625,2025-10-17 22:58:28
10:42:39,12.7,0.0,215,273020,买盘,000625,2025-10-17 22:58:28
10:42:42,12.7,0.0,133,168879,买盘,000625,2025-10-17 22:58:28
10:42:45,12.69,-0.01,245,311084,卖盘,000625,2025-10-17 22:58:28
10:42:48,12.69,0.0,100,126926,卖盘,000625,2025-10-17 22:58:28
10:42:51,12.69,0.0,87,110479,卖盘,000625,2025-10-17 22:58:28
10:42:54,12.69,0.0,227,288258,卖盘,000625,2025-10-17 22:58:28
10:42:57,12.69,0.0,33,41908,卖盘,000625,2025-10-17 22:58:28
10:43:00,12.7,0.01,273,346509,买盘,000625,2025-10-17 22:58:28
10:43:03,12.69,-0.01,1463,1856503,卖盘,000625,2025-10-17 22:58:28
10:43:06,12.69,0.0,396,502731,买盘,000625,2025-10-17 22:58:28
10:43:09,12.69,0.0,406,515186,买盘,000625,2025-10-17 22:58:28
10:43:12,12.69,0.0,253,321161,卖盘,000625,2025-10-17 22:58:28
10:43:15,12.69,0.0,144,182732,买盘,000625,2025-10-17 22:58:28
10:43:18,12.69,0.0,154,195405,买盘,000625,2025-10-17 22:58:28
10:43:21,12.69,0.0,109,138315,买盘,000625,2025-10-17 22:58:28
10:43:24,12.69,0.0,86,109132,买盘,000625,2025-10-17 22:58:28
10:43:27,12.68,-0.01,194,246150,卖盘,000625,2025-10-17 22:58:28
10:43:30,12.69,0.01,260,329938,买盘,000625,2025-10-17 22:58:28
10:43:33,12.69,0.0,332,421324,卖盘,000625,2025-10-17 22:58:28
10:43:36,12.69,0.0,170,215819,卖盘,000625,2025-10-17 22:58:28
10:43:39,12.7,0.01,56,71080,买盘,000625,2025-10-17 22:58:28
10:43:42,12.69,-0.01,271,343925,卖盘,000625,2025-10-17 22:58:28
10:43:45,12.69,0.0,112,142164,卖盘,000625,2025-10-17 22:58:28
10:43:48,12.69,0.0,117,148481,卖盘,000625,2025-10-17 22:58:28
10:43:51,12.69,0.0,222,281742,卖盘,000625,2025-10-17 22:58:28
10:43:54,12.7,0.01,53,67294,买盘,000625,2025-10-17 22:58:28
10:43:57,12.7,0.0,47,59686,买盘,000625,2025-10-17 22:58:28
10:44:00,12.69,-0.01,107,135817,卖盘,000625,2025-10-17 22:58:28
10:44:03,12.69,0.0,916,1162526,卖盘,000625,2025-10-17 22:58:28
10:44:06,12.69,0.0,173,219528,卖盘,000625,2025-10-17 22:58:28
10:44:09,12.69,0.0,104,131973,买盘,000625,2025-10-17 22:58:28
10:44:12,12.69,0.0,231,292999,买盘,000625,2025-10-17 22:58:28
10:44:15,12.69,0.0,54,68497,买盘,000625,2025-10-17 22:58:28
10:44:18,12.69,0.0,172,218227,买盘,000625,2025-10-17 22:58:28
10:44:21,12.68,-0.01,1355,1718880,卖盘,000625,2025-10-17 22:58:28
10:44:24,12.69,0.01,195,247384,买盘,000625,2025-10-17 22:58:28
10:44:27,12.69,0.0,158,200491,买盘,000625,2025-10-17 22:58:28
10:44:30,12.69,0.0,81,102786,买盘,000625,2025-10-17 22:58:28
10:44:33,12.69,0.0,64,81203,买盘,000625,2025-10-17 22:58:28
10:44:36,12.69,0.0,38,48220,买盘,000625,2025-10-17 22:58:28
10:44:39,12.69,0.0,175,222068,买盘,000625,2025-10-17 22:58:28
10:44:42,12.68,-0.01,87,110341,卖盘,000625,2025-10-17 22:58:28
10:44:45,12.68,0.0,325,412318,卖盘,000625,2025-10-17 22:58:28
10:44:48,12.68,0.0,444,563038,卖盘,000625,2025-10-17 22:58:28
10:44:51,12.69,0.01,469,594793,买盘,000625,2025-10-17 22:58:28
10:44:54,12.68,-0.01,296,375362,卖盘,000625,2025-10-17 22:58:28
10:44:57,12.69,0.01,284,360205,买盘,000625,2025-10-17 22:58:28
10:45:00,12.67,-0.02,5603,7104469,卖盘,000625,2025-10-17 22:58:28
10:45:03,12.67,0.0,1202,1523503,卖盘,000625,2025-10-17 22:58:28
10:45:06,12.68,0.01,1181,1496347,买盘,000625,2025-10-17 22:58:28
10:45:09,12.66,-0.02,7831,9921581,卖盘,000625,2025-10-17 22:58:28
10:45:12,12.67,0.01,1354,1714423,买盘,000625,2025-10-17 22:58:28
10:45:15,12.66,-0.01,171,216529,卖盘,000625,2025-10-17 22:58:28
10:45:18,12.67,0.01,462,584940,买盘,000625,2025-10-17 22:58:28
10:45:21,12.66,-0.01,166,210217,卖盘,000625,2025-10-17 22:58:28
10:45:24,12.66,0.0,75,94973,卖盘,000625,2025-10-17 22:58:28
10:45:27,12.66,0.0,20858,26396726,卖盘,000625,2025-10-17 22:58:28
10:45:30,12.66,0.0,874,1106039,买盘,000625,2025-10-17 22:58:28
10:45:33,12.65,-0.01,297,375852,卖盘,000625,2025-10-17 22:58:28
10:45:36,12.65,0.0,308,389837,卖盘,000625,2025-10-17 22:58:28
10:45:39,12.65,0.0,357,451780,卖盘,000625,2025-10-17 22:58:28
10:45:42,12.66,0.01,472,597470,买盘,000625,2025-10-17 22:58:28
10:45:45,12.66,0.0,1409,1782459,买盘,000625,2025-10-17 22:58:28
10:45:48,12.65,-0.01,1350,1707998,卖盘,000625,2025-10-17 22:58:28
10:45:51,12.65,0.0,383,484716,卖盘,000625,2025-10-17 22:58:28
10:45:54,12.66,0.01,78,98712,买盘,000625,2025-10-17 22:58:28
10:45:57,12.64,-0.02,15401,19479679,卖盘,000625,2025-10-17 22:58:28
10:46:00,12.64,0.0,398,503040,买盘,000625,2025-10-17 22:58:28
10:46:03,12.63,-0.01,502,634181,卖盘,000625,2025-10-17 22:58:28
10:46:06,12.63,0.0,806,1018305,卖盘,000625,2025-10-17 22:58:28
10:46:09,12.64,0.01,865,1092586,买盘,000625,2025-10-17 22:58:28
10:46:12,12.63,-0.01,641,809627,卖盘,000625,2025-10-17 22:58:28
10:46:15,12.63,0.0,1378,1740513,卖盘,000625,2025-10-17 22:58:28
10:46:18,12.64,0.01,473,597550,买盘,000625,2025-10-17 22:58:28
10:46:21,12.63,-0.01,528,666846,卖盘,000625,2025-10-17 22:58:28
10:46:24,12.63,0.0,841,1062156,买盘,000625,2025-10-17 22:58:28
10:46:27,12.62,-0.01,690,871283,卖盘,000625,2025-10-17 22:58:28
10:46:30,12.62,0.0,589,743635,卖盘,000625,2025-10-17 22:58:28
10:46:33,12.63,0.01,497,627483,买盘,000625,2025-10-17 22:58:28
10:46:36,12.62,-0.01,482,608415,卖盘,000625,2025-10-17 22:58:28
10:46:39,12.62,0.0,320,404016,卖盘,000625,2025-10-17 22:58:28
10:46:42,12.62,0.0,815,1029073,卖盘,000625,2025-10-17 22:58:28
10:46:45,12.62,0.0,487,614688,卖盘,000625,2025-10-17 22:58:28
10:46:48,12.62,0.0,334,421604,卖盘,000625,2025-10-17 22:58:28
10:46:51,12.63,0.01,2325,2934285,买盘,000625,2025-10-17 22:58:28
10:46:54,12.63,0.0,1256,1585231,买盘,000625,2025-10-17 22:58:28
10:46:57,12.62,-0.01,1235,1558666,卖盘,000625,2025-10-17 22:58:28
10:47:00,12.62,0.0,2181,2751876,卖盘,000625,2025-10-17 22:58:28
10:47:03,12.62,0.0,2379,3002752,买盘,000625,2025-10-17 22:58:28
10:47:06,12.62,0.0,4864,6138276,卖盘,000625,2025-10-17 22:58:28
10:47:09,12.62,0.0,532,671627,卖盘,000625,2025-10-17 22:58:28
10:47:12,12.62,0.0,1627,2054668,卖盘,000625,2025-10-17 22:58:28
10:47:15,12.63,0.01,670,845768,中性盘,000625,2025-10-17 22:58:28
10:47:18,12.63,0.0,600,757673,卖盘,000625,2025-10-17 22:58:28
10:47:21,12.63,0.0,516,651547,卖盘,000625,2025-10-17 22:58:28
10:47:24,12.63,0.0,172,217278,卖盘,000625,2025-10-17 22:58:28
10:47:27,12.63,0.0,339,428279,卖盘,000625,2025-10-17 22:58:28
10:47:30,12.64,0.01,538,679245,买盘,000625,2025-10-17 22:58:28
10:47:33,12.64,0.0,223,281782,买盘,000625,2025-10-17 22:58:28
10:47:36,12.64,0.0,205,259067,买盘,000625,2025-10-17 22:58:28
10:47:39,12.64,0.0,170,214825,中性盘,000625,2025-10-17 22:58:28
10:47:42,12.64,0.0,172,217361,卖盘,000625,2025-10-17 22:58:28
10:47:45,12.64,0.0,116,146684,卖盘,000625,2025-10-17 22:58:28
10:47:48,12.64,0.0,119,150445,卖盘,000625,2025-10-17 22:58:28
10:47:51,12.64,0.0,522,659829,卖盘,000625,2025-10-17 22:58:28
10:47:54,12.64,0.0,70,88470,买盘,000625,2025-10-17 22:58:28
10:47:57,12.64,0.0,159,200965,买盘,000625,2025-10-17 22:58:28
10:48:00,12.64,0.0,221,279290,买盘,000625,2025-10-17 22:58:28
10:48:03,12.65,0.01,228,288195,买盘,000625,2025-10-17 22:58:28
10:48:06,12.64,-0.01,86,108708,卖盘,000625,2025-10-17 22:58:28
10:48:09,12.64,0.0,62,78368,卖盘,000625,2025-10-17 22:58:28
10:48:12,12.65,0.01,70,88503,买盘,000625,2025-10-17 22:58:28
10:48:15,12.65,0.0,156,197261,买盘,000625,2025-10-17 22:58:28
10:48:18,12.65,0.0,303,383290,买盘,000625,2025-10-17 22:58:28
10:48:21,12.65,0.0,150,189743,买盘,000625,2025-10-17 22:58:28
10:48:24,12.65,0.0,109,137873,买盘,000625,2025-10-17 22:58:28
10:48:27,12.65,0.0,130,164420,买盘,000625,2025-10-17 22:58:28
10:48:30,12.65,0.0,535,676581,买盘,000625,2025-10-17 22:58:28
10:48:33,12.65,0.0,324,409849,买盘,000625,2025-10-17 22:58:28
10:48:36,12.65,0.0,214,270710,买盘,000625,2025-10-17 22:58:28
10:48:39,12.65,0.0,53,67041,买盘,000625,2025-10-17 22:58:28
10:48:42,12.65,0.0,325,410969,买盘,000625,2025-10-17 22:58:28
10:48:45,12.65,0.0,348,440020,买盘,000625,2025-10-17 22:58:28
10:48:48,12.65,0.0,295,373096,买盘,000625,2025-10-17 22:58:28
10:48:51,12.65,0.0,279,352892,买盘,000625,2025-10-17 22:58:28
10:48:54,12.65,0.0,93,117626,买盘,000625,2025-10-17 22:58:28
10:48:57,12.64,-0.01,100,126479,卖盘,000625,2025-10-17 22:58:28
10:49:00,12.64,0.0,129,163154,卖盘,000625,2025-10-17 22:58:28
10:49:03,12.65,0.01,183,231409,买盘,000625,2025-10-17 22:58:28
10:49:06,12.64,-0.01,176,222570,卖盘,000625,2025-10-17 22:58:28
10:49:09,12.65,0.01,57,72076,买盘,000625,2025-10-17 22:58:28
10:49:12,12.65,0.0,358,452855,买盘,000625,2025-10-17 22:58:28
10:49:15,12.65,0.0,194,245404,买盘,000625,2025-10-17 22:58:28
10:49:18,12.65,0.0,514,650787,买盘,000625,2025-10-17 22:58:28
10:49:21,12.66,0.01,68,86037,买盘,000625,2025-10-17 22:58:28
10:49:24,12.66,0.0,168,212658,买盘,000625,2025-10-17 22:58:28
10:49:27,12.66,0.0,113,142959,买盘,000625,2025-10-17 22:58:28
10:49:30,12.66,0.0,82,103812,买盘,000625,2025-10-17 22:58:28
10:49:33,12.66,0.0,167,211394,买盘,000625,2025-10-17 22:58:28
10:49:36,12.66,0.0,214,270922,买盘,000625,2025-10-17 22:58:28
10:49:39,12.66,0.0,180,227878,买盘,000625,2025-10-17 22:58:28
10:49:42,12.66,0.0,30,38005,卖盘,000625,2025-10-17 22:58:28
10:49:45,12.66,0.0,81,102549,卖盘,000625,2025-10-17 22:58:28
10:49:48,12.66,0.0,68,86107,卖盘,000625,2025-10-17 22:58:28
10:49:51,12.66,0.0,564,714248,卖盘,000625,2025-10-17 22:58:28
10:49:54,12.66,0.0,434,549546,卖盘,000625,2025-10-17 22:58:28
10:49:57,12.67,0.01,184,232962,买盘,000625,2025-10-17 22:58:28
10:50:00,12.66,-0.01,150,189921,卖盘,000625,2025-10-17 22:58:28
10:50:03,12.67,0.01,75,95010,买盘,000625,2025-10-17 22:58:28
10:50:06,12.67,0.0,549,695052,买盘,000625,2025-10-17 22:58:28
10:50:09,12.67,0.0,59,74737,买盘,000625,2025-10-17 22:58:28
10:50:12,12.67,0.0,35,44337,买盘,000625,2025-10-17 22:58:28
10:50:15,12.66,-0.01,285,360984,卖盘,000625,2025-10-17 22:58:28
10:50:18,12.67,0.01,161,203878,买盘,000625,2025-10-17 22:58:28
10:50:21,12.67,0.0,436,552101,买盘,000625,2025-10-17 22:58:28
10:50:24,12.66,-0.01,147,186203,卖盘,000625,2025-10-17 22:58:28
10:50:27,12.67,0.01,230,291380,买盘,000625,2025-10-17 22:58:28
10:50:30,12.67,0.0,130,164637,买盘,000625,2025-10-17 22:58:28
10:50:33,12.66,-0.01,366,463562,卖盘,000625,2025-10-17 22:58:28
10:50:36,12.66,0.0,363,459606,卖盘,000625,2025-10-17 22:58:28
10:50:39,12.66,0.0,488,617844,卖盘,000625,2025-10-17 22:58:28
10:50:42,12.66,0.0,394,498853,卖盘,000625,2025-10-17 22:58:28
10:50:45,12.67,0.01,1031,1304990,买盘,000625,2025-10-17 22:58:28
10:50:48,12.67,0.0,222,281264,买盘,000625,2025-10-17 22:58:28
10:50:51,12.66,-0.01,86,108922,卖盘,000625,2025-10-17 22:58:28
10:50:54,12.67,0.01,156,197642,买盘,000625,2025-10-17 22:58:28
10:50:57,12.67,0.0,246,311709,卖盘,000625,2025-10-17 22:58:28
10:51:00,12.67,0.0,149,188716,卖盘,000625,2025-10-17 22:58:28
10:51:03,12.67,0.0,131,165940,买盘,000625,2025-10-17 22:58:28
10:51:06,12.67,0.0,52,65877,买盘,000625,2025-10-17 22:58:28
10:51:09,12.66,-0.01,102,129181,卖盘,000625,2025-10-17 22:58:28
10:51:12,12.66,0.0,80,101355,卖盘,000625,2025-10-17 22:58:28
10:51:15,12.66,0.0,153,193742,卖盘,000625,2025-10-17 22:58:28
10:51:18,12.67,0.01,51,64578,买盘,000625,2025-10-17 22:58:28
10:51:21,12.67,0.0,77,97527,买盘,000625,2025-10-17 22:58:28
10:51:24,12.66,-0.01,435,551105,卖盘,000625,2025-10-17 22:58:28
10:51:27,12.67,0.01,106,134262,买盘,000625,2025-10-17 22:58:28
10:51:30,12.66,-0.01,265,335604,卖盘,000625,2025-10-17 22:58:28
10:51:33,12.67,0.01,154,195055,买盘,000625,2025-10-17 22:58:28
10:51:36,12.67,0.0,368,466220,买盘,000625,2025-10-17 22:58:28
10:51:39,12.67,0.0,46,58300,卖盘,000625,2025-10-17 22:58:28
10:51:42,12.67,0.0,462,585656,卖盘,000625,2025-10-17 22:58:28
