时间,成交价,价格变动,成交量,成交额,买卖盘性质,股票代码,采集时间
09:25:00,8.5,0.0,491,417350,卖盘,000905,2025-10-17 22:51:14
09:30:00,8.5,0.0,366,311100,卖盘,000905,2025-10-17 22:51:14
09:30:03,8.52,0.02,1985,1687375,买盘,000905,2025-10-17 22:51:14
09:30:06,8.48,-0.04,908,770808,卖盘,000905,2025-10-17 22:51:14
09:30:09,8.46,-0.02,10,8460,卖盘,000905,2025-10-17 22:51:14
09:30:12,8.46,0.0,56,47427,卖盘,000905,2025-10-17 22:51:14
09:30:15,8.5,0.04,65,55109,买盘,000905,2025-10-17 22:51:14
09:30:18,8.5,0.0,76,64600,买盘,000905,2025-10-17 22:51:14
09:30:21,8.5,0.0,2,1700,卖盘,000905,2025-10-17 22:51:14
09:30:24,8.51,0.01,34,28934,买盘,000905,2025-10-17 22:51:14
09:30:30,8.51,0.0,79,67229,买盘,000905,2025-10-17 22:51:14
09:30:33,8.52,0.01,12,10224,买盘,000905,2025-10-17 22:51:14
09:30:36,8.53,0.01,120,102286,买盘,000905,2025-10-17 22:51:14
09:30:39,8.51,-0.02,235,200079,卖盘,000905,2025-10-17 22:51:14
09:30:42,8.52,0.01,123,104796,买盘,000905,2025-10-17 22:51:14
09:30:45,8.52,0.0,1,852,买盘,000905,2025-10-17 22:51:14
09:30:51,8.52,0.0,293,249571,买盘,000905,2025-10-17 22:51:14
09:30:54,8.53,0.01,45,38362,买盘,000905,2025-10-17 22:51:14
09:30:57,8.51,-0.02,147,125198,卖盘,000905,2025-10-17 22:51:14
09:31:00,8.53,0.02,151,128753,买盘,000905,2025-10-17 22:51:14
09:31:03,8.53,0.0,12,10227,买盘,000905,2025-10-17 22:51:14
09:31:06,8.54,0.01,699,596402,买盘,000905,2025-10-17 22:51:14
09:31:09,8.54,0.0,152,129808,卖盘,000905,2025-10-17 22:51:14
09:31:15,8.54,0.0,41,34998,买盘,000905,2025-10-17 22:51:14
09:31:21,8.54,0.0,148,126379,买盘,000905,2025-10-17 22:51:14
09:31:24,8.54,0.0,309,263881,买盘,000905,2025-10-17 22:51:14
09:31:27,8.55,0.01,23,19654,买盘,000905,2025-10-17 22:51:14
09:31:30,8.55,0.0,46,39330,买盘,000905,2025-10-17 22:51:14
09:31:33,8.54,-0.01,202,172513,卖盘,000905,2025-10-17 22:51:14
09:31:36,8.55,0.01,18,15390,买盘,000905,2025-10-17 22:51:14
09:31:39,8.54,-0.01,229,195577,中性盘,000905,2025-10-17 22:51:14
09:31:45,8.53,-0.01,285,243299,卖盘,000905,2025-10-17 22:51:14
09:31:48,8.53,0.0,41,34979,卖盘,000905,2025-10-17 22:51:14
09:31:51,8.55,0.02,53,45284,买盘,000905,2025-10-17 22:51:14
09:31:54,8.55,0.0,76,64929,买盘,000905,2025-10-17 22:51:14
09:31:57,8.56,0.01,571,488265,买盘,000905,2025-10-17 22:51:14
09:32:00,8.56,0.0,38,32528,买盘,000905,2025-10-17 22:51:14
09:32:03,8.55,-0.01,100,85546,卖盘,000905,2025-10-17 22:51:14
09:32:06,8.55,0.0,146,124860,卖盘,000905,2025-10-17 22:51:14
09:32:09,8.55,0.0,33,28238,卖盘,000905,2025-10-17 22:51:14
09:32:12,8.55,0.0,54,46170,卖盘,000905,2025-10-17 22:51:14
09:32:15,8.55,0.0,3,2565,买盘,000905,2025-10-17 22:51:14
09:32:21,8.56,0.01,450,385095,买盘,000905,2025-10-17 22:51:14
09:32:24,8.56,0.0,192,164257,买盘,000905,2025-10-17 22:51:14
09:32:27,8.56,0.0,78,66738,买盘,000905,2025-10-17 22:51:14
09:32:30,8.55,-0.01,70,59850,卖盘,000905,2025-10-17 22:51:14
09:32:36,8.56,0.01,352,301292,买盘,000905,2025-10-17 22:51:14
09:32:39,8.56,0.0,138,118110,买盘,000905,2025-10-17 22:51:14
09:32:42,8.56,0.0,260,222560,买盘,000905,2025-10-17 22:51:14
09:32:45,8.56,0.0,168,143788,买盘,000905,2025-10-17 22:51:14
09:32:48,8.55,-0.01,43,36765,卖盘,000905,2025-10-17 22:51:14
09:32:54,8.55,0.0,69,58995,卖盘,000905,2025-10-17 22:51:14
09:32:57,8.55,0.0,105,89856,卖盘,000905,2025-10-17 22:51:14
09:33:00,8.56,0.01,257,219833,买盘,000905,2025-10-17 22:51:14
09:33:03,8.55,-0.01,3,2565,卖盘,000905,2025-10-17 22:51:14
09:33:06,8.57,0.02,765,655032,买盘,000905,2025-10-17 22:51:14
09:33:09,8.57,0.0,256,219360,买盘,000905,2025-10-17 22:51:14
09:33:12,8.57,0.0,751,643392,买盘,000905,2025-10-17 22:51:14
09:33:15,8.57,0.0,711,609327,买盘,000905,2025-10-17 22:51:14
09:33:18,8.56,-0.01,105,89915,卖盘,000905,2025-10-17 22:51:14
09:33:21,8.57,0.01,1010,865582,买盘,000905,2025-10-17 22:51:14
09:33:24,8.58,0.01,9,7722,买盘,000905,2025-10-17 22:51:14
09:33:27,8.57,-0.01,229,196389,卖盘,000905,2025-10-17 22:51:14
09:33:30,8.57,0.0,11,9437,卖盘,000905,2025-10-17 22:51:14
09:33:33,8.58,0.01,11,9438,买盘,000905,2025-10-17 22:51:14
09:33:36,8.57,-0.01,242,207394,卖盘,000905,2025-10-17 22:51:14
09:33:39,8.58,0.01,24,20592,买盘,000905,2025-10-17 22:51:14
09:33:42,8.57,-0.01,73,62574,卖盘,000905,2025-10-17 22:51:14
09:33:45,8.58,0.01,14,11999,买盘,000905,2025-10-17 22:51:14
09:33:48,8.57,-0.01,94,80628,卖盘,000905,2025-10-17 22:51:14
09:33:51,8.57,0.0,27,23145,买盘,000905,2025-10-17 22:51:14
09:33:54,8.57,0.0,37,31709,买盘,000905,2025-10-17 22:51:14
09:33:57,8.57,0.0,82,70274,买盘,000905,2025-10-17 22:51:14
09:34:03,8.57,0.0,106,90842,买盘,000905,2025-10-17 22:51:14
09:34:06,8.58,0.01,1070,918043,买盘,000905,2025-10-17 22:51:14
09:34:09,8.58,0.0,241,206852,卖盘,000905,2025-10-17 22:51:14
09:34:12,8.59,0.01,931,799738,买盘,000905,2025-10-17 22:51:14
09:34:15,8.59,0.0,71,60977,买盘,000905,2025-10-17 22:51:14
09:34:21,8.58,-0.01,367,314888,卖盘,000905,2025-10-17 22:51:14
09:34:24,8.59,0.01,92,78937,买盘,000905,2025-10-17 22:51:14
09:34:27,8.58,-0.01,68,58377,买盘,000905,2025-10-17 22:51:14
09:34:30,8.57,-0.01,415,355655,卖盘,000905,2025-10-17 22:51:14
09:34:33,8.56,-0.01,615,526905,卖盘,000905,2025-10-17 22:51:14
09:34:36,8.57,0.01,49,41993,卖盘,000905,2025-10-17 22:51:14
09:34:39,8.61,0.04,1096,941981,买盘,000905,2025-10-17 22:51:14
09:34:42,8.58,-0.03,18,15435,中性盘,000905,2025-10-17 22:51:14
09:34:45,8.58,0.0,23,19731,买盘,000905,2025-10-17 22:51:14
09:34:48,8.58,0.0,37,31746,买盘,000905,2025-10-17 22:51:14
09:34:51,8.58,0.0,78,66960,买盘,000905,2025-10-17 22:51:14
09:34:54,8.59,0.01,2,1718,买盘,000905,2025-10-17 22:51:14
09:34:57,8.6,0.01,771,663252,买盘,000905,2025-10-17 22:51:14
09:35:00,8.61,0.01,237,203838,买盘,000905,2025-10-17 22:51:14
09:35:03,8.65,0.04,1452,1252833,买盘,000905,2025-10-17 22:51:14
09:35:06,8.62,-0.03,209,180486,卖盘,000905,2025-10-17 22:51:14
09:35:09,8.63,0.01,203,175512,中性盘,000905,2025-10-17 22:51:14
09:35:15,8.63,0.0,148,127736,卖盘,000905,2025-10-17 22:51:14
09:35:18,8.63,0.0,729,629022,买盘,000905,2025-10-17 22:51:14
09:35:21,8.62,-0.01,55,47455,中性盘,000905,2025-10-17 22:51:14
09:35:24,8.61,-0.01,524,452128,卖盘,000905,2025-10-17 22:51:14
09:35:30,8.61,0.0,32,27523,中性盘,000905,2025-10-17 22:51:14
09:35:33,8.6,-0.01,135,116134,卖盘,000905,2025-10-17 22:51:14
09:35:36,8.6,0.0,13,11180,卖盘,000905,2025-10-17 22:51:14
09:35:39,8.6,0.0,51,43879,卖盘,000905,2025-10-17 22:51:14
09:35:42,8.6,0.0,7,6020,买盘,000905,2025-10-17 22:51:14
09:35:45,8.6,0.0,24,20649,卖盘,000905,2025-10-17 22:51:14
09:35:48,8.61,0.01,45,38722,买盘,000905,2025-10-17 22:51:14
09:35:51,8.61,0.0,479,412299,买盘,000905,2025-10-17 22:51:14
09:35:54,8.61,0.0,22,18942,买盘,000905,2025-10-17 22:51:14
09:35:57,8.6,-0.01,30,25800,卖盘,000905,2025-10-17 22:51:14
09:36:00,8.61,0.01,655,563924,买盘,000905,2025-10-17 22:51:14
09:36:03,8.61,0.0,7,6027,卖盘,000905,2025-10-17 22:51:14
09:36:06,8.62,0.01,47,40514,买盘,000905,2025-10-17 22:51:14
09:36:09,8.62,0.0,217,186931,买盘,000905,2025-10-17 22:51:14
09:36:12,8.62,0.0,74,63788,卖盘,000905,2025-10-17 22:51:14
09:36:15,8.66,0.04,3944,3411183,买盘,000905,2025-10-17 22:51:14
09:36:18,8.67,0.01,340,294446,买盘,000905,2025-10-17 22:51:14
09:36:21,8.71,0.04,2423,2105347,买盘,000905,2025-10-17 22:51:14
09:36:24,8.72,0.01,142,123662,买盘,000905,2025-10-17 22:51:14
09:36:27,8.75,0.03,479,418814,买盘,000905,2025-10-17 22:51:14
09:36:30,8.75,0.0,412,359462,买盘,000905,2025-10-17 22:51:14
09:36:33,8.72,-0.03,587,512194,卖盘,000905,2025-10-17 22:51:14
09:36:36,8.72,0.0,202,176140,买盘,000905,2025-10-17 22:51:14
09:36:39,8.73,0.01,709,618720,买盘,000905,2025-10-17 22:51:14
09:36:42,8.74,0.01,107,93423,买盘,000905,2025-10-17 22:51:14
09:36:45,8.73,-0.01,878,767195,卖盘,000905,2025-10-17 22:51:14
09:36:48,8.73,0.0,522,455996,买盘,000905,2025-10-17 22:51:14
09:36:51,8.72,-0.01,61,53205,卖盘,000905,2025-10-17 22:51:14
09:36:54,8.72,0.0,362,315538,买盘,000905,2025-10-17 22:51:14
09:36:57,8.73,0.01,470,410242,买盘,000905,2025-10-17 22:51:14
09:37:00,8.72,-0.01,289,252158,卖盘,000905,2025-10-17 22:51:14
09:37:03,8.77,0.05,2540,2221529,买盘,000905,2025-10-17 22:51:14
09:37:06,8.77,0.0,352,308114,买盘,000905,2025-10-17 22:51:14
09:37:09,8.76,-0.01,379,332401,卖盘,000905,2025-10-17 22:51:14
09:37:12,8.78,0.02,669,587004,买盘,000905,2025-10-17 22:51:14
09:37:15,8.77,-0.01,317,278121,卖盘,000905,2025-10-17 22:51:14
09:37:18,8.77,0.0,969,849683,卖盘,000905,2025-10-17 22:51:14
09:37:21,8.75,-0.02,328,286390,中性盘,000905,2025-10-17 22:51:14
09:37:24,8.73,-0.02,186,162673,卖盘,000905,2025-10-17 22:51:14
09:37:27,8.73,0.0,370,323374,买盘,000905,2025-10-17 22:51:14
09:37:30,8.74,0.01,267,233333,中性盘,000905,2025-10-17 22:51:14
09:37:33,8.72,-0.02,71,61979,卖盘,000905,2025-10-17 22:51:14
09:37:36,8.73,0.01,127,110960,中性盘,000905,2025-10-17 22:51:14
09:37:39,8.72,-0.01,118,102961,卖盘,000905,2025-10-17 22:51:14
09:37:42,8.72,0.0,507,442465,卖盘,000905,2025-10-17 22:51:14
09:37:45,8.71,-0.01,186,162016,卖盘,000905,2025-10-17 22:51:14
09:37:48,8.71,0.0,33,28752,中性盘,000905,2025-10-17 22:51:14
09:37:51,8.69,-0.02,342,297511,卖盘,000905,2025-10-17 22:51:14
09:37:54,8.69,0.0,743,646306,卖盘,000905,2025-10-17 22:51:14
09:37:57,8.69,0.0,468,406551,买盘,000905,2025-10-17 22:51:14
09:38:00,8.69,0.0,15,13035,卖盘,000905,2025-10-17 22:51:14
09:38:03,8.69,0.0,86,74734,卖盘,000905,2025-10-17 22:51:14
09:38:06,8.71,0.02,97,84445,买盘,000905,2025-10-17 22:51:14
09:38:09,8.71,0.0,127,110499,买盘,000905,2025-10-17 22:51:14
09:38:12,8.71,0.0,149,129777,买盘,000905,2025-10-17 22:51:14
09:38:15,8.71,0.0,117,101869,买盘,000905,2025-10-17 22:51:14
09:38:18,8.71,0.0,94,81850,买盘,000905,2025-10-17 22:51:14
09:38:21,8.7,-0.01,677,589338,买盘,000905,2025-10-17 22:51:14
09:38:24,8.69,-0.01,88,76506,卖盘,000905,2025-10-17 22:51:14
09:38:27,8.71,0.02,40,34831,买盘,000905,2025-10-17 22:51:14
09:38:30,8.7,-0.01,427,371753,买盘,000905,2025-10-17 22:51:14
09:38:33,8.71,0.01,43,37424,中性盘,000905,2025-10-17 22:51:14
09:38:36,8.71,0.0,66,57486,买盘,000905,2025-10-17 22:51:14
09:38:39,8.7,-0.01,112,97451,卖盘,000905,2025-10-17 22:51:14
09:38:42,8.7,0.0,207,180090,卖盘,000905,2025-10-17 22:51:14
09:38:45,8.69,-0.01,456,396489,卖盘,000905,2025-10-17 22:51:14
09:38:48,8.69,0.0,193,167672,买盘,000905,2025-10-17 22:51:14
09:38:51,8.69,0.0,22,19118,买盘,000905,2025-10-17 22:51:14
09:38:54,8.69,0.0,13,11297,买盘,000905,2025-10-17 22:51:14
09:38:57,8.68,-0.01,278,241544,卖盘,000905,2025-10-17 22:51:14
09:39:00,8.68,0.0,34,29521,卖盘,000905,2025-10-17 22:51:14
09:39:03,8.68,0.0,51,44274,卖盘,000905,2025-10-17 22:51:14
09:39:06,8.68,0.0,64,55555,卖盘,000905,2025-10-17 22:51:14
09:39:09,8.68,0.0,52,45172,卖盘,000905,2025-10-17 22:51:14
09:39:12,8.68,0.0,213,184894,卖盘,000905,2025-10-17 22:51:14
09:39:15,8.68,0.0,15,13020,买盘,000905,2025-10-17 22:51:14
09:39:18,8.68,0.0,21,18228,买盘,000905,2025-10-17 22:51:14
09:39:21,8.68,0.0,30,26040,买盘,000905,2025-10-17 22:51:14
09:39:24,8.67,-0.01,55,47710,卖盘,000905,2025-10-17 22:51:14
09:39:27,8.67,0.0,150,130124,卖盘,000905,2025-10-17 22:51:14
09:39:30,8.69,0.02,408,354178,买盘,000905,2025-10-17 22:51:14
09:39:33,8.7,0.01,95,82622,买盘,000905,2025-10-17 22:51:14
09:39:36,8.68,-0.02,6,5208,卖盘,000905,2025-10-17 22:51:14
09:39:39,8.69,0.01,2690,2332361,买盘,000905,2025-10-17 22:51:14
09:39:42,8.68,-0.01,76,65973,卖盘,000905,2025-10-17 22:51:14
09:39:45,8.68,0.0,31,26894,买盘,000905,2025-10-17 22:51:14
09:39:48,8.68,0.0,84,72894,买盘,000905,2025-10-17 22:51:14
09:39:51,8.66,-0.02,153,132697,卖盘,000905,2025-10-17 22:51:14
09:39:54,8.67,0.01,2,1734,中性盘,000905,2025-10-17 22:51:14
09:39:57,8.66,-0.01,39,33774,卖盘,000905,2025-10-17 22:51:14
09:40:00,8.67,0.01,165,142983,买盘,000905,2025-10-17 22:51:14
09:40:03,8.66,-0.01,178,154202,卖盘,000905,2025-10-17 22:51:14
09:40:09,8.66,0.0,30,25980,买盘,000905,2025-10-17 22:51:14
09:40:12,8.66,0.0,117,101322,买盘,000905,2025-10-17 22:51:14
09:40:15,8.66,0.0,6,5196,卖盘,000905,2025-10-17 22:51:14
09:40:18,8.67,0.01,59,51096,买盘,000905,2025-10-17 22:51:14
09:40:21,8.66,-0.01,25,21650,卖盘,000905,2025-10-17 22:51:14
09:40:24,8.66,0.0,181,156746,卖盘,000905,2025-10-17 22:51:14
09:40:27,8.66,0.0,1,866,中性盘,000905,2025-10-17 22:51:14
09:40:30,8.66,0.0,83,71914,卖盘,000905,2025-10-17 22:51:14
09:40:33,8.66,0.0,1937,1682665,买盘,000905,2025-10-17 22:51:14
09:40:36,8.67,0.01,3,2601,中性盘,000905,2025-10-17 22:51:14
09:40:42,8.68,0.01,71,61671,卖盘,000905,2025-10-17 22:51:14
09:40:45,8.68,0.0,16,13893,卖盘,000905,2025-10-17 22:51:14
09:40:48,8.69,0.01,6,5214,买盘,000905,2025-10-17 22:51:14
09:40:51,8.69,0.0,35,30415,卖盘,000905,2025-10-17 22:51:14
09:40:54,8.69,0.0,72,62611,卖盘,000905,2025-10-17 22:51:14
09:40:57,8.69,0.0,37,32187,卖盘,000905,2025-10-17 22:51:14
09:41:00,8.69,0.0,127,110407,卖盘,000905,2025-10-17 22:51:14
09:41:03,8.69,0.0,6,5214,买盘,000905,2025-10-17 22:51:14
09:41:06,8.69,0.0,192,166823,买盘,000905,2025-10-17 22:51:14
09:41:09,8.69,0.0,57,49528,买盘,000905,2025-10-17 22:51:14
09:41:12,8.68,-0.01,152,131936,卖盘,000905,2025-10-17 22:51:14
09:41:15,8.66,-0.02,55,47680,卖盘,000905,2025-10-17 22:51:14
09:41:18,8.66,0.0,73,63225,卖盘,000905,2025-10-17 22:51:14
09:41:21,8.66,0.0,42,36372,卖盘,000905,2025-10-17 22:51:14
09:41:24,8.65,-0.01,242,209353,卖盘,000905,2025-10-17 22:51:14
09:41:27,8.66,0.01,168,145488,买盘,000905,2025-10-17 22:51:14
09:41:30,8.66,0.0,30,25980,买盘,000905,2025-10-17 22:51:14
09:41:33,8.66,0.0,32,27712,卖盘,000905,2025-10-17 22:51:14
09:41:36,8.66,0.0,95,82270,卖盘,000905,2025-10-17 22:51:14
09:41:39,8.65,-0.01,66,57097,卖盘,000905,2025-10-17 22:51:14
09:41:42,8.66,0.01,17,14722,买盘,000905,2025-10-17 22:51:14
09:41:45,8.65,-0.01,26,22494,卖盘,000905,2025-10-17 22:51:14
09:41:48,8.67,0.02,572,495858,买盘,000905,2025-10-17 22:51:14
09:41:51,8.67,0.0,4,3469,卖盘,000905,2025-10-17 22:51:14
09:41:54,8.67,0.0,44,38149,卖盘,000905,2025-10-17 22:51:14
09:41:57,8.67,0.0,12,10404,卖盘,000905,2025-10-17 22:51:14
09:42:00,8.68,0.01,49,42502,买盘,000905,2025-10-17 22:51:14
09:42:03,8.68,0.0,82,71176,买盘,000905,2025-10-17 22:51:14
09:42:06,8.7,0.02,556,483228,买盘,000905,2025-10-17 22:51:14
09:42:09,8.7,0.0,53,46110,买盘,000905,2025-10-17 22:51:14
09:42:12,8.69,-0.01,33,28704,卖盘,000905,2025-10-17 22:51:14
09:42:15,8.7,0.01,91,79170,买盘,000905,2025-10-17 22:51:14
09:42:18,8.7,0.0,585,508682,买盘,000905,2025-10-17 22:51:14
09:42:21,8.71,0.01,585,508978,买盘,000905,2025-10-17 22:51:14
09:42:24,8.7,-0.01,132,114840,卖盘,000905,2025-10-17 22:51:14
09:42:27,8.7,0.0,533,463710,卖盘,000905,2025-10-17 22:51:14
09:42:30,8.7,0.0,73,63497,买盘,000905,2025-10-17 22:51:14
09:42:33,8.7,0.0,184,160164,卖盘,000905,2025-10-17 22:51:14
09:42:36,8.72,0.02,2764,2410474,买盘,000905,2025-10-17 22:51:14
09:42:39,8.72,0.0,51,44479,卖盘,000905,2025-10-17 22:51:14
09:42:42,8.71,-0.01,162,141335,卖盘,000905,2025-10-17 22:51:14
09:42:45,8.74,0.03,48,41936,买盘,000905,2025-10-17 22:51:14
09:42:48,8.73,-0.01,181,158147,卖盘,000905,2025-10-17 22:51:14
09:42:51,8.73,0.0,186,162498,买盘,000905,2025-10-17 22:51:14
09:42:54,8.73,0.0,378,330205,买盘,000905,2025-10-17 22:51:14
09:42:57,8.74,0.01,212,185278,买盘,000905,2025-10-17 22:51:14
09:43:00,8.8,0.06,6752,5925104,买盘,000905,2025-10-17 22:51:14
09:43:03,8.77,-0.03,2863,2520209,卖盘,000905,2025-10-17 22:51:14
09:43:06,8.79,0.02,182,159892,买盘,000905,2025-10-17 22:51:14
09:43:09,8.79,0.0,532,468584,买盘,000905,2025-10-17 22:51:14
09:43:12,8.8,0.01,695,612621,中性盘,000905,2025-10-17 22:51:14
09:43:15,8.81,0.01,491,432449,买盘,000905,2025-10-17 22:51:14
09:43:18,8.82,0.01,1790,1577907,买盘,000905,2025-10-17 22:51:14
09:43:21,8.82,0.0,521,459403,卖盘,000905,2025-10-17 22:51:14
09:43:24,8.82,0.0,861,759253,买盘,000905,2025-10-17 22:51:14
09:43:27,8.83,0.01,1927,1700318,买盘,000905,2025-10-17 22:51:14
09:43:30,8.83,0.0,644,568565,买盘,000905,2025-10-17 22:51:14
09:43:33,8.83,0.0,437,386028,卖盘,000905,2025-10-17 22:51:14
09:43:36,8.83,0.0,673,594673,卖盘,000905,2025-10-17 22:51:14
09:43:39,8.83,0.0,537,474636,买盘,000905,2025-10-17 22:51:14
09:43:42,8.84,0.01,512,452512,买盘,000905,2025-10-17 22:51:14
09:43:45,8.83,-0.01,710,627028,卖盘,000905,2025-10-17 22:51:14
09:43:48,8.84,0.01,435,384622,买盘,000905,2025-10-17 22:51:14
09:43:51,8.83,-0.01,224,197978,卖盘,000905,2025-10-17 22:51:14
09:43:54,8.84,0.01,594,524836,买盘,000905,2025-10-17 22:51:14
09:43:57,8.85,0.01,474,419097,买盘,000905,2025-10-17 22:51:14
09:44:00,8.87,0.02,1487,1316391,买盘,000905,2025-10-17 22:51:14
09:44:03,8.86,-0.01,797,706900,卖盘,000905,2025-10-17 22:51:14
09:44:06,8.87,0.01,722,640769,中性盘,000905,2025-10-17 22:51:14
09:44:09,8.84,-0.03,896,793715,卖盘,000905,2025-10-17 22:51:14
09:44:12,8.84,0.0,349,308315,买盘,000905,2025-10-17 22:51:14
09:44:15,8.84,0.0,719,635372,买盘,000905,2025-10-17 22:51:14
09:44:18,8.8,-0.04,1179,1041461,卖盘,000905,2025-10-17 22:51:14
09:44:21,8.84,0.04,2832,2509210,买盘,000905,2025-10-17 22:51:14
09:44:24,8.84,0.0,370,327377,卖盘,000905,2025-10-17 22:51:14
09:44:27,8.84,0.0,237,209708,卖盘,000905,2025-10-17 22:51:14
09:44:30,8.84,0.0,1102,974439,卖盘,000905,2025-10-17 22:51:14
09:44:33,8.83,-0.01,155,136985,中性盘,000905,2025-10-17 22:51:14
09:44:36,8.83,0.0,776,685742,买盘,000905,2025-10-17 22:51:14
09:44:39,8.83,0.0,215,189840,卖盘,000905,2025-10-17 22:51:14
09:44:42,8.84,0.01,1026,907256,买盘,000905,2025-10-17 22:51:14
09:44:45,8.82,-0.02,273,241074,卖盘,000905,2025-10-17 22:51:14
09:44:48,8.83,0.01,865,763348,卖盘,000905,2025-10-17 22:51:14
09:44:51,8.82,-0.01,147,129850,卖盘,000905,2025-10-17 22:51:14
09:44:54,8.82,0.0,60,52979,卖盘,000905,2025-10-17 22:51:14
09:44:57,8.82,0.0,244,215580,卖盘,000905,2025-10-17 22:51:14
09:45:00,8.83,0.01,89,78515,中性盘,000905,2025-10-17 22:51:14
09:45:03,8.82,-0.01,111,97994,卖盘,000905,2025-10-17 22:51:14
09:45:06,8.82,0.0,651,574495,卖盘,000905,2025-10-17 22:51:14
09:45:09,8.82,0.0,93,82026,买盘,000905,2025-10-17 22:51:14
09:45:12,8.81,-0.01,133,117281,卖盘,000905,2025-10-17 22:51:14
09:45:15,8.81,0.0,478,421118,卖盘,000905,2025-10-17 22:51:14
09:45:18,8.8,-0.01,29,25522,卖盘,000905,2025-10-17 22:51:14
09:45:21,8.8,0.0,80,70428,卖盘,000905,2025-10-17 22:51:14
09:45:24,8.79,-0.01,364,320436,卖盘,000905,2025-10-17 22:51:14
09:45:27,8.8,0.01,114,100319,中性盘,000905,2025-10-17 22:51:14
09:45:30,8.8,0.0,155,136384,买盘,000905,2025-10-17 22:51:14
09:45:33,8.83,0.03,1795,1581184,买盘,000905,2025-10-17 22:51:14
09:45:36,8.83,0.0,500,441368,买盘,000905,2025-10-17 22:51:14
09:45:39,8.83,0.0,50,44150,中性盘,000905,2025-10-17 22:51:14
09:45:42,8.84,0.01,2198,1943173,买盘,000905,2025-10-17 22:51:14
09:45:45,8.85,0.01,576,509551,买盘,000905,2025-10-17 22:51:14
09:45:48,8.85,0.0,103,91161,买盘,000905,2025-10-17 22:51:14
09:45:51,8.85,0.0,137,121278,卖盘,000905,2025-10-17 22:51:14
09:45:54,8.86,0.01,817,723774,买盘,000905,2025-10-17 22:51:14
09:45:57,8.86,0.0,380,336441,买盘,000905,2025-10-17 22:51:14
09:46:00,8.86,0.0,729,645894,买盘,000905,2025-10-17 22:51:14
09:46:03,8.85,-0.01,494,437554,卖盘,000905,2025-10-17 22:51:14
09:46:06,8.86,0.01,210,185822,买盘,000905,2025-10-17 22:51:14
09:46:09,8.84,-0.02,275,243091,卖盘,000905,2025-10-17 22:51:14
09:46:12,8.85,0.01,211,186637,买盘,000905,2025-10-17 22:51:14
09:46:15,8.83,-0.02,478,422153,卖盘,000905,2025-10-17 22:51:14
09:46:18,8.84,0.01,87,76902,买盘,000905,2025-10-17 22:51:14
09:46:21,8.83,-0.01,155,136777,中性盘,000905,2025-10-17 22:51:14
09:46:24,8.81,-0.02,562,495685,卖盘,000905,2025-10-17 22:51:14
09:46:27,8.83,0.02,124,109398,中性盘,000905,2025-10-17 22:51:14
09:46:30,8.81,-0.02,41,36131,卖盘,000905,2025-10-17 22:51:14
09:46:33,8.81,0.0,101,89019,卖盘,000905,2025-10-17 22:51:14
09:46:36,8.82,0.01,199,175518,买盘,000905,2025-10-17 22:51:14
09:46:39,8.82,0.0,55,48476,卖盘,000905,2025-10-17 22:51:14
09:46:42,8.81,-0.01,68,59964,卖盘,000905,2025-10-17 22:51:14
09:46:45,8.82,0.01,6,5292,买盘,000905,2025-10-17 22:51:14
09:46:48,8.81,-0.01,182,160456,卖盘,000905,2025-10-17 22:51:14
09:46:51,8.81,0.0,221,194798,卖盘,000905,2025-10-17 22:51:14
09:46:54,8.81,0.0,91,80174,卖盘,000905,2025-10-17 22:51:14
09:46:57,8.81,0.0,466,410558,卖盘,000905,2025-10-17 22:51:14
09:47:00,8.81,0.0,168,147977,卖盘,000905,2025-10-17 22:51:14
09:47:03,8.81,0.0,309,272204,买盘,000905,2025-10-17 22:51:14
09:47:06,8.81,0.0,122,107448,买盘,000905,2025-10-17 22:51:14
09:47:09,8.8,-0.01,22,19361,卖盘,000905,2025-10-17 22:51:14
09:47:12,8.8,0.0,467,411137,卖盘,000905,2025-10-17 22:51:14
09:47:15,8.81,0.01,720,634142,买盘,000905,2025-10-17 22:51:14
09:47:18,8.82,0.01,55,48470,买盘,000905,2025-10-17 22:51:14
09:47:21,8.81,-0.01,252,221842,卖盘,000905,2025-10-17 22:51:14
09:47:24,8.82,0.01,127,111959,买盘,000905,2025-10-17 22:51:14
09:47:27,8.81,-0.01,264,232645,卖盘,000905,2025-10-17 22:51:14
09:47:30,8.81,0.0,7,6167,买盘,000905,2025-10-17 22:51:14
09:47:33,8.81,0.0,26,22896,买盘,000905,2025-10-17 22:51:14
09:47:36,8.81,0.0,31,27306,买盘,000905,2025-10-17 22:51:14
09:47:39,8.81,0.0,127,111762,买盘,000905,2025-10-17 22:51:14
09:47:42,8.79,-0.02,312,274558,卖盘,000905,2025-10-17 22:51:14
09:47:45,8.79,0.0,38,33439,卖盘,000905,2025-10-17 22:51:14
09:47:51,8.79,0.0,106,93179,卖盘,000905,2025-10-17 22:51:14
09:47:54,8.81,0.02,1639,1442893,买盘,000905,2025-10-17 22:51:14
09:47:57,8.82,0.01,30,26435,买盘,000905,2025-10-17 22:51:14
09:48:00,8.82,0.0,99,87209,买盘,000905,2025-10-17 22:51:14
09:48:03,8.8,-0.02,151,133144,卖盘,000905,2025-10-17 22:51:14
09:48:06,8.82,0.02,1149,1013714,买盘,000905,2025-10-17 22:51:14
09:48:09,8.82,0.0,266,234624,卖盘,000905,2025-10-17 22:51:14
09:48:12,8.83,0.01,306,270062,买盘,000905,2025-10-17 22:51:14
09:48:15,8.82,-0.01,52,45864,卖盘,000905,2025-10-17 22:51:14
09:48:18,8.82,0.0,111,97931,卖盘,000905,2025-10-17 22:51:14
09:48:21,8.81,-0.01,61,53792,卖盘,000905,2025-10-17 22:51:14
09:48:24,8.82,0.01,18,15864,买盘,000905,2025-10-17 22:51:14
09:48:27,8.82,0.0,381,336052,买盘,000905,2025-10-17 22:51:14
09:48:30,8.83,0.01,32,28231,买盘,000905,2025-10-17 22:51:14
09:48:33,8.82,-0.01,196,172872,卖盘,000905,2025-10-17 22:51:14
09:48:36,8.82,0.0,416,366912,卖盘,000905,2025-10-17 22:51:14
09:48:39,8.83,0.01,166,146434,买盘,000905,2025-10-17 22:51:14
09:48:42,8.82,-0.01,443,390726,卖盘,000905,2025-10-17 22:51:14
09:48:45,8.83,0.01,312,275468,买盘,000905,2025-10-17 22:51:14
09:48:48,8.83,0.0,189,166714,买盘,000905,2025-10-17 22:51:14
09:48:51,8.82,-0.01,235,207271,卖盘,000905,2025-10-17 22:51:14
09:48:54,8.82,0.0,184,162291,卖盘,000905,2025-10-17 22:51:14
09:49:00,8.82,0.0,146,128664,买盘,000905,2025-10-17 22:51:14
09:49:03,8.82,0.0,468,412776,买盘,000905,2025-10-17 22:51:14
09:49:06,8.82,0.0,259,228523,卖盘,000905,2025-10-17 22:51:14
09:49:09,8.82,0.0,124,109372,卖盘,000905,2025-10-17 22:51:14
09:49:12,8.82,0.0,11,9702,卖盘,000905,2025-10-17 22:51:14
09:49:15,8.82,0.0,425,374850,买盘,000905,2025-10-17 22:51:14
09:49:18,8.81,-0.01,716,631007,卖盘,000905,2025-10-17 22:51:14
09:49:21,8.81,0.0,120,105720,卖盘,000905,2025-10-17 22:51:14
09:49:27,8.8,-0.01,262,230647,卖盘,000905,2025-10-17 22:51:14
09:49:30,8.79,-0.01,1623,1428257,卖盘,000905,2025-10-17 22:51:14
09:49:33,8.79,0.0,32,28128,卖盘,000905,2025-10-17 22:51:14
09:49:36,8.79,0.0,376,330689,卖盘,000905,2025-10-17 22:51:14
09:49:39,8.79,0.0,22,19338,卖盘,000905,2025-10-17 22:51:14
09:49:42,8.79,0.0,17,14943,卖盘,000905,2025-10-17 22:51:14
09:49:45,8.79,0.0,71,62410,卖盘,000905,2025-10-17 22:51:14
09:49:48,8.79,0.0,53,46587,卖盘,000905,2025-10-17 22:51:14
09:49:51,8.79,0.0,38,33430,卖盘,000905,2025-10-17 22:51:14
09:49:54,8.8,0.01,1373,1208595,买盘,000905,2025-10-17 22:51:14
09:49:57,8.81,0.01,189,166497,买盘,000905,2025-10-17 22:51:14
09:50:00,8.8,-0.01,272,239623,卖盘,000905,2025-10-17 22:51:14
09:50:03,8.82,0.02,538,473934,买盘,000905,2025-10-17 22:51:14
09:50:06,8.82,0.0,357,314798,买盘,000905,2025-10-17 22:51:14
09:50:09,8.81,-0.01,343,302462,卖盘,000905,2025-10-17 22:51:14
09:50:12,8.82,0.01,25,22028,买盘,000905,2025-10-17 22:51:14
09:50:15,8.81,-0.01,12,10572,卖盘,000905,2025-10-17 22:51:14
09:50:18,8.85,0.04,4940,4366443,买盘,000905,2025-10-17 22:51:14
09:50:21,8.86,0.01,2876,2546877,买盘,000905,2025-10-17 22:51:14
09:50:24,8.86,0.0,2588,2294472,卖盘,000905,2025-10-17 22:51:14
09:50:27,8.9,0.04,3039,2699126,买盘,000905,2025-10-17 22:51:14
09:50:30,8.89,-0.01,365,324668,卖盘,000905,2025-10-17 22:51:14
09:50:33,8.9,0.01,554,492963,买盘,000905,2025-10-17 22:51:14
09:50:36,8.9,0.0,90,80074,买盘,000905,2025-10-17 22:51:14
09:50:39,8.9,0.0,992,882574,买盘,000905,2025-10-17 22:51:14
09:50:42,8.89,-0.01,445,395401,买盘,000905,2025-10-17 22:51:14
09:50:45,8.87,-0.02,135,119783,卖盘,000905,2025-10-17 22:51:14
09:50:48,8.87,0.0,590,523359,买盘,000905,2025-10-17 22:51:14
09:50:51,8.86,-0.01,687,609333,中性盘,000905,2025-10-17 22:51:14
09:50:54,8.88,0.02,74,65592,买盘,000905,2025-10-17 22:51:14
09:50:57,8.86,-0.02,266,236017,中性盘,000905,2025-10-17 22:51:14
09:51:00,8.86,0.0,82,72679,卖盘,000905,2025-10-17 22:51:14
09:51:03,8.86,0.0,473,419068,卖盘,000905,2025-10-17 22:51:14
09:51:06,8.86,0.0,166,147067,买盘,000905,2025-10-17 22:51:14
09:51:09,8.86,0.0,164,145240,买盘,000905,2025-10-17 22:51:14
09:51:12,8.86,0.0,56,49605,买盘,000905,2025-10-17 22:51:14
09:51:15,8.85,-0.01,64,56623,卖盘,000905,2025-10-17 22:51:14
09:51:18,8.85,0.0,180,159338,买盘,000905,2025-10-17 22:51:14
09:51:21,8.84,-0.01,368,324816,中性盘,000905,2025-10-17 22:51:14
09:51:24,8.84,0.0,794,702117,买盘,000905,2025-10-17 22:51:14
09:51:27,8.82,-0.02,21,18522,卖盘,000905,2025-10-17 22:51:14
09:51:30,8.82,0.0,10,8822,卖盘,000905,2025-10-17 22:51:14
09:51:36,8.83,0.01,94,82925,买盘,000905,2025-10-17 22:51:14
09:51:39,8.83,0.0,94,82931,买盘,000905,2025-10-17 22:51:14
09:51:42,8.83,0.0,67,59131,买盘,000905,2025-10-17 22:51:14
09:51:45,8.84,0.01,48,42369,买盘,000905,2025-10-17 22:51:14
09:51:48,8.82,-0.02,232,204694,卖盘,000905,2025-10-17 22:51:14
09:51:51,8.82,0.0,37,32634,卖盘,000905,2025-10-17 22:51:14
09:51:54,8.82,0.0,11,9702,买盘,000905,2025-10-17 22:51:14
09:51:57,8.82,0.0,118,104105,买盘,000905,2025-10-17 22:51:14
09:52:00,8.81,-0.01,22,19392,卖盘,000905,2025-10-17 22:51:14
09:52:03,8.82,0.01,138,121711,买盘,000905,2025-10-17 22:51:14
09:52:06,8.83,0.01,550,485454,买盘,000905,2025-10-17 22:51:14
09:52:09,8.82,-0.01,58,51129,卖盘,000905,2025-10-17 22:51:14
09:52:12,8.83,0.01,53,46799,买盘,000905,2025-10-17 22:51:14
09:52:15,8.82,-0.01,241,212738,卖盘,000905,2025-10-17 22:51:14
09:52:18,8.82,0.0,357,315072,卖盘,000905,2025-10-17 22:51:14
09:52:21,8.82,0.0,101,89082,卖盘,000905,2025-10-17 22:51:14
09:52:24,8.83,0.01,118,104129,买盘,000905,2025-10-17 22:51:14
09:52:27,8.82,-0.01,10,8820,卖盘,000905,2025-10-17 22:51:14
09:52:30,8.82,0.0,212,186984,卖盘,000905,2025-10-17 22:51:14
09:52:33,8.82,0.0,28,24696,买盘,000905,2025-10-17 22:51:14
09:52:36,8.81,-0.01,370,326144,卖盘,000905,2025-10-17 22:51:14
09:52:39,8.82,0.01,29,25578,买盘,000905,2025-10-17 22:51:14
09:52:42,8.81,-0.01,85,74900,卖盘,000905,2025-10-17 22:51:14
09:52:45,8.82,0.01,229,201778,买盘,000905,2025-10-17 22:51:14
09:52:48,8.81,-0.01,78,68764,卖盘,000905,2025-10-17 22:51:14
09:52:51,8.82,0.01,79,69679,买盘,000905,2025-10-17 22:51:14
09:52:54,8.82,0.0,12,10584,卖盘,000905,2025-10-17 22:51:14
09:52:57,8.83,0.01,963,850397,买盘,000905,2025-10-17 22:51:14
09:53:00,8.85,0.02,580,513166,买盘,000905,2025-10-17 22:51:14
09:53:03,8.86,0.01,568,503308,买盘,000905,2025-10-17 22:51:14
09:53:06,8.87,0.01,490,434525,买盘,000905,2025-10-17 22:51:14
09:53:09,8.87,0.0,79,70073,卖盘,000905,2025-10-17 22:51:14
09:53:12,8.88,0.01,577,512316,买盘,000905,2025-10-17 22:51:14
09:53:15,8.88,0.0,376,333768,买盘,000905,2025-10-17 22:51:14
09:53:18,8.88,0.0,1408,1250785,买盘,000905,2025-10-17 22:51:14
09:53:21,8.88,0.0,163,144710,买盘,000905,2025-10-17 22:51:14
09:53:24,8.88,0.0,413,366709,买盘,000905,2025-10-17 22:51:14
09:53:27,8.87,-0.01,100,88795,卖盘,000905,2025-10-17 22:51:14
09:53:30,8.88,0.01,221,196089,买盘,000905,2025-10-17 22:51:14
09:53:33,8.89,0.01,1443,1281521,买盘,000905,2025-10-17 22:51:14
09:53:36,8.88,-0.01,100,88770,中性盘,000905,2025-10-17 22:51:14
09:53:39,8.88,0.0,165,146402,买盘,000905,2025-10-17 22:51:14
09:53:42,8.88,0.0,206,182865,买盘,000905,2025-10-17 22:51:14
09:53:45,8.88,0.0,271,240498,买盘,000905,2025-10-17 22:51:14
09:53:48,8.88,0.0,231,205064,买盘,000905,2025-10-17 22:51:14
09:53:51,8.87,-0.01,1027,911964,卖盘,000905,2025-10-17 22:51:14
09:53:54,8.88,0.01,96,85248,买盘,000905,2025-10-17 22:51:14
09:53:57,8.88,0.0,123,109329,卖盘,000905,2025-10-17 22:51:14
09:54:00,8.89,0.01,1200,1066530,买盘,000905,2025-10-17 22:51:14
09:54:03,8.88,-0.01,148,131548,卖盘,000905,2025-10-17 22:51:14
09:54:06,8.89,0.01,320,284423,买盘,000905,2025-10-17 22:51:14
09:54:09,8.89,0.0,268,238274,卖盘,000905,2025-10-17 22:51:14
09:54:12,8.91,0.02,2862,2547723,买盘,000905,2025-10-17 22:51:14
09:54:15,8.92,0.01,139,123938,买盘,000905,2025-10-17 22:51:14
09:54:18,8.92,0.0,260,231838,买盘,000905,2025-10-17 22:51:14
09:54:21,8.91,-0.01,252,224658,中性盘,000905,2025-10-17 22:51:14
09:54:24,8.9,-0.01,201,179195,卖盘,000905,2025-10-17 22:51:14
09:54:27,8.9,0.0,314,279548,卖盘,000905,2025-10-17 22:51:14
09:54:30,8.9,0.0,1197,1067333,卖盘,000905,2025-10-17 22:51:14
09:54:33,8.9,0.0,255,227471,卖盘,000905,2025-10-17 22:51:14
09:54:36,8.93,0.03,336,299580,买盘,000905,2025-10-17 22:51:14
09:54:39,8.91,-0.02,107,95335,买盘,000905,2025-10-17 22:51:14
09:54:42,8.92,0.01,78,69570,买盘,000905,2025-10-17 22:51:14
09:54:45,8.92,0.0,464,413412,买盘,000905,2025-10-17 22:51:14
09:54:48,8.92,0.0,741,660245,买盘,000905,2025-10-17 22:51:14
09:54:51,8.94,0.02,435,388159,买盘,000905,2025-10-17 22:51:14
09:54:54,8.91,-0.03,512,457020,中性盘,000905,2025-10-17 22:51:14
09:54:57,8.93,0.02,303,270381,买盘,000905,2025-10-17 22:51:14
09:55:00,8.92,-0.01,481,428481,中性盘,000905,2025-10-17 22:51:14
09:55:03,8.93,0.01,219,195464,买盘,000905,2025-10-17 22:51:14
09:55:06,8.93,0.0,235,209775,卖盘,000905,2025-10-17 22:51:14
09:55:09,8.93,0.0,157,140091,买盘,000905,2025-10-17 22:51:14
09:55:12,8.92,-0.01,711,634104,卖盘,000905,2025-10-17 22:51:14
09:55:15,8.92,0.0,277,247246,买盘,000905,2025-10-17 22:51:14
09:55:18,8.9,-0.02,559,498843,卖盘,000905,2025-10-17 22:51:14
09:55:21,8.91,0.01,394,350790,中性盘,000905,2025-10-17 22:51:14
09:55:24,8.91,0.0,133,118415,买盘,000905,2025-10-17 22:51:14
09:55:27,8.9,-0.01,577,513789,卖盘,000905,2025-10-17 22:51:14
09:55:30,8.9,0.0,361,321571,卖盘,000905,2025-10-17 22:51:14
09:55:33,8.91,0.01,141,125621,买盘,000905,2025-10-17 22:51:14
09:55:36,8.91,0.0,173,154143,买盘,000905,2025-10-17 22:51:14
09:55:39,8.91,0.0,593,528819,卖盘,000905,2025-10-17 22:51:14
09:55:42,8.95,0.04,3543,3167634,买盘,000905,2025-10-17 22:51:14
09:55:45,8.96,0.01,272,243503,买盘,000905,2025-10-17 22:51:14
09:55:48,8.97,0.01,493,441815,买盘,000905,2025-10-17 22:51:14
09:55:51,8.97,0.0,175,156836,买盘,000905,2025-10-17 22:51:14
09:55:54,8.96,-0.01,1426,1279122,卖盘,000905,2025-10-17 22:51:14
09:55:57,9.09,0.13,13171,11857500,买盘,000905,2025-10-17 22:51:14
09:56:00,9.1,0.01,1984,1804700,买盘,000905,2025-10-17 22:51:14
09:56:03,9.06,-0.04,847,769983,卖盘,000905,2025-10-17 22:51:14
09:56:06,9.1,0.04,1157,1050603,买盘,000905,2025-10-17 22:51:14
09:56:09,9.07,-0.03,660,599810,中性盘,000905,2025-10-17 22:51:14
09:56:12,9.1,0.03,690,627438,买盘,000905,2025-10-17 22:51:14
09:56:15,9.09,-0.01,534,484467,中性盘,000905,2025-10-17 22:51:14
09:56:18,9.08,-0.01,638,579184,中性盘,000905,2025-10-17 22:51:14
09:56:21,9.07,-0.01,838,760899,卖盘,000905,2025-10-17 22:51:14
09:56:24,9.15,0.08,4468,4079570,买盘,000905,2025-10-17 22:51:14
09:56:27,9.18,0.03,1080,990682,买盘,000905,2025-10-17 22:51:14
09:56:30,9.18,0.0,2701,2482833,买盘,000905,2025-10-17 22:51:14
09:56:33,9.23,0.05,1413,1297303,买盘,000905,2025-10-17 22:51:14
09:56:36,9.31,0.08,8397,7804893,买盘,000905,2025-10-17 22:51:14
09:56:39,9.36,0.05,27659,25875977,买盘,000905,2025-10-17 22:51:14
09:56:42,9.36,0.0,2306,2158416,卖盘,000905,2025-10-17 22:51:14
09:56:45,9.36,0.0,4145,3879720,卖盘,000905,2025-10-17 22:51:14
09:56:48,9.36,0.0,2160,2021760,卖盘,000905,2025-10-17 22:51:14
09:56:51,9.36,0.0,1431,1339416,卖盘,000905,2025-10-17 22:51:14
09:56:54,9.36,0.0,1360,1272960,卖盘,000905,2025-10-17 22:51:14
09:56:57,9.36,0.0,3498,3274128,卖盘,000905,2025-10-17 22:51:14
09:57:00,9.36,0.0,767,717912,卖盘,000905,2025-10-17 22:51:14
09:57:03,9.36,0.0,1628,1523808,卖盘,000905,2025-10-17 22:51:14
09:57:06,9.36,0.0,5120,4792320,卖盘,000905,2025-10-17 22:51:14
09:57:09,9.36,0.0,3719,3480759,卖盘,000905,2025-10-17 22:51:14
09:57:12,9.36,0.0,3541,3314376,卖盘,000905,2025-10-17 22:51:14
09:57:15,9.36,0.0,4248,3976128,卖盘,000905,2025-10-17 22:51:14
09:57:18,9.22,-0.14,4633,4325973,卖盘,000905,2025-10-17 22:51:14
09:57:21,9.36,0.14,1107,1024598,买盘,000905,2025-10-17 22:51:14
09:57:24,9.33,-0.03,1773,1649304,中性盘,000905,2025-10-17 22:51:14
09:57:27,9.33,0.0,3624,3388220,买盘,000905,2025-10-17 22:51:14
09:57:30,9.33,0.0,938,872210,买盘,000905,2025-10-17 22:51:14
09:57:33,9.26,-0.07,926,861107,中性盘,000905,2025-10-17 22:51:14
09:57:36,9.26,0.0,792,736595,卖盘,000905,2025-10-17 22:51:14
09:57:39,9.26,0.0,2498,2330592,买盘,000905,2025-10-17 22:51:14
09:57:42,9.35,0.09,1020,949036,买盘,000905,2025-10-17 22:51:14
09:57:45,9.26,-0.09,841,781445,卖盘,000905,2025-10-17 22:51:14
09:57:48,9.33,0.07,1150,1067794,买盘,000905,2025-10-17 22:51:14
09:57:51,9.27,-0.06,1121,1042940,中性盘,000905,2025-10-17 22:51:14
09:57:54,9.3,0.03,1009,936004,买盘,000905,2025-10-17 22:51:14
09:57:57,9.29,-0.01,693,643588,买盘,000905,2025-10-17 22:51:14
09:58:00,9.3,0.01,1887,1749640,买盘,000905,2025-10-17 22:51:14
09:58:03,9.27,-0.03,282,261677,卖盘,000905,2025-10-17 22:51:14
09:58:06,9.27,0.0,2651,2455451,卖盘,000905,2025-10-17 22:51:14
09:58:09,9.29,0.02,888,824491,买盘,000905,2025-10-17 22:51:14
09:58:12,9.27,-0.02,1380,1280557,卖盘,000905,2025-10-17 22:51:14
09:58:15,9.27,0.0,784,727982,买盘,000905,2025-10-17 22:51:14
09:58:18,9.26,-0.01,323,299301,卖盘,000905,2025-10-17 22:51:14
09:58:21,9.29,0.03,707,655459,买盘,000905,2025-10-17 22:51:14
09:58:24,9.25,-0.04,1124,1042901,卖盘,000905,2025-10-17 22:51:14
09:58:27,9.29,0.04,1442,1335005,买盘,000905,2025-10-17 22:51:14
09:58:30,9.27,-0.02,129,119714,卖盘,000905,2025-10-17 22:51:14
09:58:33,9.25,-0.02,299,276740,卖盘,000905,2025-10-17 22:51:14
09:58:36,9.26,0.01,295,273067,买盘,000905,2025-10-17 22:51:14
09:58:39,9.24,-0.02,529,489020,卖盘,000905,2025-10-17 22:51:14
09:58:42,9.26,0.02,2005,1858924,买盘,000905,2025-10-17 22:51:14
09:58:45,9.25,-0.01,348,322298,卖盘,000905,2025-10-17 22:51:14
09:58:48,9.25,0.0,632,584287,卖盘,000905,2025-10-17 22:51:14
09:58:51,9.25,0.0,348,321731,买盘,000905,2025-10-17 22:51:14
09:58:54,9.24,-0.01,451,416996,卖盘,000905,2025-10-17 22:51:14
09:58:57,9.24,0.0,365,337035,中性盘,000905,2025-10-17 22:51:14
09:59:00,9.23,-0.01,514,474904,卖盘,000905,2025-10-17 22:51:14
09:59:03,9.23,0.0,147,135567,买盘,000905,2025-10-17 22:51:14
09:59:06,9.22,-0.01,590,544186,卖盘,000905,2025-10-17 22:51:14
09:59:09,9.23,0.01,287,264673,买盘,000905,2025-10-17 22:51:14
09:59:12,9.22,-0.01,138,127210,卖盘,000905,2025-10-17 22:51:14
09:59:15,9.22,0.0,630,580422,买盘,000905,2025-10-17 22:51:14
09:59:18,9.22,0.0,384,353867,买盘,000905,2025-10-17 22:51:14
09:59:21,9.21,-0.01,1758,1618932,卖盘,000905,2025-10-17 22:51:14
09:59:24,9.21,0.0,474,436368,买盘,000905,2025-10-17 22:51:14
09:59:27,9.2,-0.01,322,296390,卖盘,000905,2025-10-17 22:51:14
09:59:30,9.25,0.05,5220,4815395,买盘,000905,2025-10-17 22:51:14
09:59:33,9.27,0.02,668,618330,买盘,000905,2025-10-17 22:51:14
09:59:36,9.25,-0.02,1242,1150871,卖盘,000905,2025-10-17 22:51:14
09:59:39,9.25,0.0,246,227952,中性盘,000905,2025-10-17 22:51:14
09:59:42,9.27,0.02,1294,1200008,中性盘,000905,2025-10-17 22:51:14
09:59:45,9.28,0.01,819,759760,买盘,000905,2025-10-17 22:51:14
09:59:48,9.28,0.0,1824,1688775,买盘,000905,2025-10-17 22:51:14
09:59:51,9.28,0.0,938,870447,买盘,000905,2025-10-17 22:51:14
09:59:54,9.27,-0.01,737,683945,卖盘,000905,2025-10-17 22:51:14
09:59:57,9.28,0.01,394,365231,买盘,000905,2025-10-17 22:51:14
10:00:00,9.26,-0.02,177,163989,中性盘,000905,2025-10-17 22:51:14
10:00:03,9.25,-0.01,484,448170,卖盘,000905,2025-10-17 22:51:14
10:00:06,9.26,0.01,617,571395,买盘,000905,2025-10-17 22:51:14
10:00:09,9.26,0.0,293,271098,买盘,000905,2025-10-17 22:51:14
10:00:12,9.25,-0.01,612,567387,卖盘,000905,2025-10-17 22:51:14
10:00:15,9.26,0.01,905,838404,中性盘,000905,2025-10-17 22:51:14
10:00:18,9.3,0.04,3539,3285412,买盘,000905,2025-10-17 22:51:14
10:00:21,9.34,0.04,1676,1562118,买盘,000905,2025-10-17 22:51:14
10:00:24,9.35,0.01,2658,2484541,买盘,000905,2025-10-17 22:51:14
10:00:27,9.35,0.0,2467,2306399,买盘,000905,2025-10-17 22:51:14
10:00:30,9.35,0.0,1645,1537888,买盘,000905,2025-10-17 22:51:14
10:00:33,9.34,-0.01,1422,1329100,卖盘,000905,2025-10-17 22:51:14
10:00:36,9.34,0.0,1229,1149328,买盘,000905,2025-10-17 22:51:14
10:00:39,9.32,-0.02,591,551813,卖盘,000905,2025-10-17 22:51:14
10:00:42,9.32,0.0,647,602769,买盘,000905,2025-10-17 22:51:14
10:00:45,9.32,0.0,779,725324,买盘,000905,2025-10-17 22:51:14
10:00:48,9.3,-0.02,811,753456,中性盘,000905,2025-10-17 22:51:14
10:00:51,9.3,0.0,380,352914,买盘,000905,2025-10-17 22:51:14
10:00:54,9.28,-0.02,354,328989,卖盘,000905,2025-10-17 22:51:14
10:00:57,9.31,0.03,259,240827,买盘,000905,2025-10-17 22:51:14
10:01:00,9.27,-0.04,196,181944,卖盘,000905,2025-10-17 22:51:14
10:01:03,9.3,0.03,805,746331,买盘,000905,2025-10-17 22:51:14
10:01:06,9.26,-0.04,356,329967,卖盘,000905,2025-10-17 22:51:14
10:01:09,9.3,0.04,787,729249,买盘,000905,2025-10-17 22:51:14
10:01:12,9.26,-0.04,96,88858,卖盘,000905,2025-10-17 22:51:14
10:01:15,9.28,0.02,179,166108,买盘,000905,2025-10-17 22:51:14
10:01:18,9.28,0.0,149,138140,卖盘,000905,2025-10-17 22:51:14
10:01:21,9.28,0.0,348,322468,买盘,000905,2025-10-17 22:51:14
10:01:24,9.28,0.0,543,502738,买盘,000905,2025-10-17 22:51:14
10:01:27,9.28,0.0,1326,1230149,买盘,000905,2025-10-17 22:51:14
10:01:30,9.26,-0.02,1452,1348553,中性盘,000905,2025-10-17 22:51:14
10:01:33,9.26,0.0,241,223464,卖盘,000905,2025-10-17 22:51:14
10:01:36,9.28,0.02,185,171533,买盘,000905,2025-10-17 22:51:14
10:01:39,9.27,-0.01,545,505468,卖盘,000905,2025-10-17 22:51:14
10:01:42,9.26,-0.01,79,73205,卖盘,000905,2025-10-17 22:51:14
10:01:45,9.26,0.0,633,586671,卖盘,000905,2025-10-17 22:51:14
10:01:48,9.26,0.0,312,288926,买盘,000905,2025-10-17 22:51:14
10:01:51,9.25,-0.01,181,167523,卖盘,000905,2025-10-17 22:51:14
10:01:54,9.26,0.01,386,357416,买盘,000905,2025-10-17 22:51:14
10:01:57,9.28,0.02,96,88939,买盘,000905,2025-10-17 22:51:14
10:02:00,9.26,-0.02,88,81475,卖盘,000905,2025-10-17 22:51:14
10:02:03,9.27,0.01,443,410159,买盘,000905,2025-10-17 22:51:14
10:02:06,9.25,-0.02,381,352600,卖盘,000905,2025-10-17 22:51:14
10:02:09,9.26,0.01,259,239696,卖盘,000905,2025-10-17 22:51:14
10:02:12,9.26,0.0,53,49070,买盘,000905,2025-10-17 22:51:14
10:02:15,9.32,0.06,9080,8416991,买盘,000905,2025-10-17 22:51:14
10:02:18,9.35,0.03,1561,1456966,买盘,000905,2025-10-17 22:51:14
10:02:21,9.35,0.0,2886,2693195,买盘,000905,2025-10-17 22:51:14
10:02:24,9.32,-0.03,903,843465,卖盘,000905,2025-10-17 22:51:14
10:02:27,9.35,0.03,1527,1427548,买盘,000905,2025-10-17 22:51:14
10:02:30,9.31,-0.04,1769,1653141,卖盘,000905,2025-10-17 22:51:14
10:02:33,9.35,0.04,238,222138,买盘,000905,2025-10-17 22:51:14
10:02:36,9.34,-0.01,404,377668,中性盘,000905,2025-10-17 22:51:14
10:02:39,9.34,0.0,1260,1177953,卖盘,000905,2025-10-17 22:51:14
10:02:42,9.35,0.01,915,855655,买盘,000905,2025-10-17 22:51:14
10:02:45,9.35,0.0,2056,1922798,卖盘,000905,2025-10-17 22:51:14
10:02:48,9.35,0.0,965,902903,买盘,000905,2025-10-17 22:51:14
10:02:51,9.35,0.0,5348,5001988,买盘,000905,2025-10-17 22:51:14
10:02:54,9.35,0.0,3485,3261567,卖盘,000905,2025-10-17 22:51:14
10:02:57,9.36,0.01,2257,2111995,买盘,000905,2025-10-17 22:51:14
10:03:00,9.36,0.0,1509,1411871,买盘,000905,2025-10-17 22:51:14
10:03:03,9.36,0.0,1464,1370050,买盘,000905,2025-10-17 22:51:14
10:03:06,9.36,0.0,2907,2719867,买盘,000905,2025-10-17 22:51:14
10:03:09,9.36,0.0,900,842172,买盘,000905,2025-10-17 22:51:14
10:03:12,9.35,-0.01,830,776466,卖盘,000905,2025-10-17 22:51:14
10:03:15,9.35,0.0,974,911477,买盘,000905,2025-10-17 22:51:14
10:03:18,9.36,0.01,701,655912,买盘,000905,2025-10-17 22:51:14
10:03:21,9.34,-0.02,1764,1648130,卖盘,000905,2025-10-17 22:51:14
10:03:24,9.34,0.0,566,528636,买盘,000905,2025-10-17 22:51:14
10:03:27,9.35,0.01,406,379218,买盘,000905,2025-10-17 22:51:14
10:03:30,9.35,0.0,693,647778,买盘,000905,2025-10-17 22:51:14
10:03:33,9.35,0.0,174,162651,买盘,000905,2025-10-17 22:51:14
10:03:36,9.35,0.0,310,289690,买盘,000905,2025-10-17 22:51:14
10:03:39,9.35,0.0,330,308250,买盘,000905,2025-10-17 22:51:14
10:03:42,9.33,-0.02,289,269742,卖盘,000905,2025-10-17 22:51:14
10:03:45,9.33,0.0,198,184746,买盘,000905,2025-10-17 22:51:14
10:03:48,9.33,0.0,328,306305,买盘,000905,2025-10-17 22:51:14
10:03:51,9.32,-0.01,512,477253,卖盘,000905,2025-10-17 22:51:14
10:03:54,9.32,0.0,280,260916,买盘,000905,2025-10-17 22:51:14
10:03:57,9.31,-0.01,28,26076,卖盘,000905,2025-10-17 22:51:14
10:04:00,9.32,0.01,169,157475,买盘,000905,2025-10-17 22:51:14
10:04:03,9.33,0.01,657,612329,买盘,000905,2025-10-17 22:51:14
10:04:06,9.32,-0.01,901,839330,中性盘,000905,2025-10-17 22:51:14
10:04:09,9.33,0.01,537,500247,买盘,000905,2025-10-17 22:51:14
10:04:12,9.32,-0.01,189,176035,卖盘,000905,2025-10-17 22:51:14
10:04:15,9.33,0.01,168,156687,买盘,000905,2025-10-17 22:51:14
10:04:18,9.32,-0.01,688,641637,卖盘,000905,2025-10-17 22:51:14
10:04:21,9.33,0.01,107,99817,买盘,000905,2025-10-17 22:51:14
10:04:24,9.34,0.01,467,435811,买盘,000905,2025-10-17 22:51:14
10:04:27,9.34,0.0,362,337905,买盘,000905,2025-10-17 22:51:14
10:04:30,9.33,-0.01,139,129765,中性盘,000905,2025-10-17 22:51:14
10:04:33,9.33,0.0,629,587424,买盘,000905,2025-10-17 22:51:14
10:04:36,9.34,0.01,103,96094,买盘,000905,2025-10-17 22:51:14
10:04:39,9.33,-0.01,6703,6260916,卖盘,000905,2025-10-17 22:51:14
10:04:42,9.33,0.0,1047,977698,卖盘,000905,2025-10-17 22:51:14
10:04:45,9.33,0.0,1154,1077106,卖盘,000905,2025-10-17 22:51:14
10:04:48,9.34,0.01,423,394796,买盘,000905,2025-10-17 22:51:14
10:04:51,9.33,-0.01,216,201528,卖盘,000905,2025-10-17 22:51:14
10:04:54,9.33,0.0,1405,1312712,买盘,000905,2025-10-17 22:51:14
10:04:57,9.34,0.01,407,379964,中性盘,000905,2025-10-17 22:51:14
10:05:00,9.35,0.01,1114,1040890,买盘,000905,2025-10-17 22:51:14
10:05:03,9.35,0.0,6494,6077195,买盘,000905,2025-10-17 22:51:14
10:05:06,9.36,0.01,4256,3983485,买盘,000905,2025-10-17 22:51:14
10:05:09,9.36,0.0,4707,4404937,买盘,000905,2025-10-17 22:51:14
10:05:12,9.36,0.0,2484,2324994,买盘,000905,2025-10-17 22:51:14
10:05:15,9.36,0.0,18369,17193033,买盘,000905,2025-10-17 22:51:14
10:05:18,9.36,0.0,410,383760,卖盘,000905,2025-10-17 22:51:14
10:05:21,9.36,0.0,449,420264,卖盘,000905,2025-10-17 22:51:14
10:05:24,9.36,0.0,223,208728,卖盘,000905,2025-10-17 22:51:14
10:05:27,9.36,0.0,401,375336,卖盘,000905,2025-10-17 22:51:14
10:05:30,9.36,0.0,170,159120,卖盘,000905,2025-10-17 22:51:14
10:05:33,9.36,0.0,1052,984672,卖盘,000905,2025-10-17 22:51:14
10:05:36,9.36,0.0,105,98280,卖盘,000905,2025-10-17 22:51:14
10:05:39,9.36,0.0,85,79560,卖盘,000905,2025-10-17 22:51:14
10:05:42,9.36,0.0,211,197496,卖盘,000905,2025-10-17 22:51:14
10:05:45,9.36,0.0,392,366912,卖盘,000905,2025-10-17 22:51:14
10:05:48,9.36,0.0,108,101088,卖盘,000905,2025-10-17 22:51:14
10:05:51,9.36,0.0,107,100152,卖盘,000905,2025-10-17 22:51:14
10:05:54,9.36,0.0,172,160992,卖盘,000905,2025-10-17 22:51:14
10:05:57,9.36,0.0,550,514800,卖盘,000905,2025-10-17 22:51:14
10:06:00,9.36,0.0,124,116064,卖盘,000905,2025-10-17 22:51:14
10:06:03,9.36,0.0,398,372528,卖盘,000905,2025-10-17 22:51:14
10:06:06,9.36,0.0,154,144144,卖盘,000905,2025-10-17 22:51:14
10:06:09,9.36,0.0,42,39312,卖盘,000905,2025-10-17 22:51:14
10:06:12,9.36,0.0,304,284544,卖盘,000905,2025-10-17 22:51:14
10:06:15,9.36,0.0,39,36504,卖盘,000905,2025-10-17 22:51:14
10:06:18,9.36,0.0,213,199368,卖盘,000905,2025-10-17 22:51:14
10:06:21,9.36,0.0,121,113256,卖盘,000905,2025-10-17 22:51:14
10:06:24,9.36,0.0,25,23400,卖盘,000905,2025-10-17 22:51:14
10:06:27,9.36,0.0,190,177840,卖盘,000905,2025-10-17 22:51:14
10:06:30,9.36,0.0,63,58968,卖盘,000905,2025-10-17 22:51:14
10:06:33,9.36,0.0,58,54288,卖盘,000905,2025-10-17 22:51:14
10:06:36,9.36,0.0,74,69264,卖盘,000905,2025-10-17 22:51:14
10:06:39,9.36,0.0,81,75816,卖盘,000905,2025-10-17 22:51:14
10:06:42,9.36,0.0,98,91728,卖盘,000905,2025-10-17 22:51:14
10:06:45,9.36,0.0,203,190008,卖盘,000905,2025-10-17 22:51:14
10:06:48,9.36,0.0,195,182520,卖盘,000905,2025-10-17 22:51:14
10:06:51,9.36,0.0,35,32760,卖盘,000905,2025-10-17 22:51:14
10:06:54,9.36,0.0,23,21528,卖盘,000905,2025-10-17 22:51:14
10:06:57,9.36,0.0,1481,1386216,卖盘,000905,2025-10-17 22:51:14
10:07:00,9.36,0.0,27,25272,卖盘,000905,2025-10-17 22:51:14
10:07:03,9.36,0.0,154,144144,卖盘,000905,2025-10-17 22:51:14
10:07:06,9.36,0.0,31,29016,卖盘,000905,2025-10-17 22:51:14
10:07:09,9.36,0.0,88,82368,卖盘,000905,2025-10-17 22:51:14
10:07:12,9.36,0.0,394,368784,卖盘,000905,2025-10-17 22:51:14
10:07:15,9.36,0.0,74,69264,卖盘,000905,2025-10-17 22:51:14
10:07:18,9.36,0.0,250,234000,卖盘,000905,2025-10-17 22:51:14
10:07:21,9.36,0.0,29,27144,卖盘,000905,2025-10-17 22:51:14
10:07:24,9.36,0.0,53,49608,卖盘,000905,2025-10-17 22:51:14
10:07:27,9.36,0.0,2584,2418624,卖盘,000905,2025-10-17 22:51:14
10:07:30,9.36,0.0,144,134784,卖盘,000905,2025-10-17 22:51:14
10:07:33,9.36,0.0,84,78624,卖盘,000905,2025-10-17 22:51:14
10:07:36,9.36,0.0,360,336960,卖盘,000905,2025-10-17 22:51:14
10:07:39,9.36,0.0,87,81432,卖盘,000905,2025-10-17 22:51:14
10:07:42,9.36,0.0,21,19656,卖盘,000905,2025-10-17 22:51:14
10:07:45,9.36,0.0,43,40248,卖盘,000905,2025-10-17 22:51:14
10:07:48,9.36,0.0,91,85176,卖盘,000905,2025-10-17 22:51:14
10:07:51,9.36,0.0,100,93600,卖盘,000905,2025-10-17 22:51:14
10:07:54,9.36,0.0,1935,1811160,卖盘,000905,2025-10-17 22:51:14
10:07:57,9.36,0.0,91,85176,卖盘,000905,2025-10-17 22:51:14
10:08:00,9.36,0.0,73,68328,卖盘,000905,2025-10-17 22:51:14
10:08:03,9.36,0.0,320,299520,卖盘,000905,2025-10-17 22:51:14
10:08:06,9.36,0.0,12,11232,卖盘,000905,2025-10-17 22:51:14
10:08:09,9.36,0.0,374,350064,卖盘,000905,2025-10-17 22:51:14
10:08:12,9.36,0.0,13,12168,卖盘,000905,2025-10-17 22:51:14
10:08:15,9.36,0.0,5,4680,卖盘,000905,2025-10-17 22:51:14
10:08:18,9.36,0.0,32,29952,卖盘,000905,2025-10-17 22:51:14
10:08:21,9.36,0.0,33,30888,卖盘,000905,2025-10-17 22:51:14
10:08:24,9.36,0.0,37,34632,卖盘,000905,2025-10-17 22:51:14
10:08:27,9.36,0.0,6,5616,卖盘,000905,2025-10-17 22:51:14
10:08:30,9.36,0.0,172,160992,卖盘,000905,2025-10-17 22:51:14
10:08:33,9.36,0.0,1988,1860768,卖盘,000905,2025-10-17 22:51:14
10:08:36,9.36,0.0,106,99216,卖盘,000905,2025-10-17 22:51:14
10:08:39,9.36,0.0,81,75816,卖盘,000905,2025-10-17 22:51:14
10:08:42,9.36,0.0,101,94536,卖盘,000905,2025-10-17 22:51:14
10:08:45,9.36,0.0,63,58968,卖盘,000905,2025-10-17 22:51:14
10:08:48,9.36,0.0,30,28080,卖盘,000905,2025-10-17 22:51:14
10:08:51,9.36,0.0,170,159120,卖盘,000905,2025-10-17 22:51:14
10:08:54,9.36,0.0,37,34632,卖盘,000905,2025-10-17 22:51:14
10:08:57,9.36,0.0,10,9360,卖盘,000905,2025-10-17 22:51:14
10:09:00,9.36,0.0,38,35568,卖盘,000905,2025-10-17 22:51:14
10:09:06,9.36,0.0,11,10296,卖盘,000905,2025-10-17 22:51:14
10:09:09,9.36,0.0,71,66456,卖盘,000905,2025-10-17 22:51:14
10:09:12,9.36,0.0,3,2808,卖盘,000905,2025-10-17 22:51:14
10:09:15,9.36,0.0,1111,1039896,卖盘,000905,2025-10-17 22:51:14
10:09:18,9.36,0.0,2,1872,卖盘,000905,2025-10-17 22:51:14
10:09:21,9.36,0.0,28,26208,卖盘,000905,2025-10-17 22:51:14
10:09:24,9.36,0.0,83,77688,卖盘,000905,2025-10-17 22:51:14
10:09:27,9.36,0.0,96,89856,卖盘,000905,2025-10-17 22:51:14
10:09:30,9.36,0.0,117,109512,卖盘,000905,2025-10-17 22:51:14
10:09:33,9.36,0.0,104,97344,卖盘,000905,2025-10-17 22:51:14
10:09:36,9.36,0.0,15,14040,卖盘,000905,2025-10-17 22:51:14
10:09:39,9.36,0.0,11,10296,卖盘,000905,2025-10-17 22:51:14
10:09:42,9.36,0.0,2320,2171520,卖盘,000905,2025-10-17 22:51:14
10:09:45,9.36,0.0,96,89856,卖盘,000905,2025-10-17 22:51:14
10:09:51,9.36,0.0,168,157248,卖盘,000905,2025-10-17 22:51:14
10:09:54,9.36,0.0,2393,2239848,卖盘,000905,2025-10-17 22:51:14
10:09:57,9.36,0.0,119,111384,卖盘,000905,2025-10-17 22:51:14
10:10:00,9.36,0.0,62,58032,卖盘,000905,2025-10-17 22:51:14
10:10:03,9.36,0.0,70,65520,卖盘,000905,2025-10-17 22:51:14
10:10:06,9.36,0.0,7,6552,卖盘,000905,2025-10-17 22:51:14
10:10:09,9.36,0.0,6,5616,卖盘,000905,2025-10-17 22:51:14
10:10:12,9.36,0.0,151,141336,卖盘,000905,2025-10-17 22:51:14
10:10:18,9.36,0.0,110,102960,卖盘,000905,2025-10-17 22:51:14
10:10:21,9.36,0.0,752,703872,卖盘,000905,2025-10-17 22:51:14
10:10:24,9.36,0.0,377,352872,卖盘,000905,2025-10-17 22:51:14
10:10:27,9.36,0.0,42,39312,卖盘,000905,2025-10-17 22:51:14
10:10:30,9.36,0.0,150,140400,卖盘,000905,2025-10-17 22:51:14
10:10:33,9.36,0.0,293,274248,卖盘,000905,2025-10-17 22:51:14
10:10:36,9.36,0.0,38,35568,卖盘,000905,2025-10-17 22:51:14
10:10:39,9.36,0.0,58,54288,卖盘,000905,2025-10-17 22:51:14
10:10:42,9.36,0.0,36,33696,卖盘,000905,2025-10-17 22:51:14
10:10:45,9.36,0.0,31,29016,卖盘,000905,2025-10-17 22:51:14
10:10:48,9.36,0.0,255,238680,卖盘,000905,2025-10-17 22:51:14
10:10:51,9.36,0.0,63,58968,卖盘,000905,2025-10-17 22:51:14
10:10:54,9.36,0.0,4,3744,卖盘,000905,2025-10-17 22:51:14
10:10:57,9.36,0.0,23,21528,卖盘,000905,2025-10-17 22:51:14
10:11:00,9.36,0.0,277,259272,卖盘,000905,2025-10-17 22:51:14
10:11:03,9.36,0.0,112,104832,卖盘,000905,2025-10-17 22:51:14
10:11:06,9.36,0.0,11,10296,卖盘,000905,2025-10-17 22:51:14
10:11:09,9.36,0.0,65,60840,卖盘,000905,2025-10-17 22:51:14
10:11:15,9.36,0.0,39,36504,卖盘,000905,2025-10-17 22:51:14
10:11:18,9.36,0.0,60,56160,卖盘,000905,2025-10-17 22:51:14
10:11:21,9.36,0.0,78,73008,卖盘,000905,2025-10-17 22:51:14
10:11:24,9.36,0.0,45,42120,卖盘,000905,2025-10-17 22:51:14
10:11:27,9.36,0.0,59,55224,卖盘,000905,2025-10-17 22:51:14
10:11:30,9.36,0.0,72,67392,卖盘,000905,2025-10-17 22:51:14
10:11:33,9.36,0.0,210,196560,卖盘,000905,2025-10-17 22:51:14
10:11:36,9.36,0.0,9,8424,卖盘,000905,2025-10-17 22:51:14
10:11:42,9.36,0.0,26,24336,卖盘,000905,2025-10-17 22:51:14
10:11:45,9.36,0.0,44,41184,卖盘,000905,2025-10-17 22:51:14
10:11:48,9.36,0.0,19,17784,卖盘,000905,2025-10-17 22:51:14
10:11:51,9.36,0.0,200,187200,卖盘,000905,2025-10-17 22:51:14
10:11:54,9.36,0.0,3,2808,卖盘,000905,2025-10-17 22:51:14
10:11:57,9.36,0.0,14,13104,卖盘,000905,2025-10-17 22:51:14
10:12:00,9.36,0.0,164,153504,卖盘,000905,2025-10-17 22:51:14
10:12:03,9.36,0.0,12,11232,卖盘,000905,2025-10-17 22:51:14
10:12:09,9.36,0.0,30,28080,卖盘,000905,2025-10-17 22:51:14
10:12:12,9.36,0.0,48,44928,卖盘,000905,2025-10-17 22:51:14
10:12:15,9.36,0.0,50,46800,卖盘,000905,2025-10-17 22:51:14
10:12:18,9.36,0.0,15,14040,卖盘,000905,2025-10-17 22:51:14
10:12:21,9.36,0.0,892,834912,卖盘,000905,2025-10-17 22:51:14
10:12:24,9.36,0.0,50,46800,卖盘,000905,2025-10-17 22:51:14
10:12:27,9.36,0.0,40,37440,卖盘,000905,2025-10-17 22:51:14
10:12:30,9.36,0.0,20,18720,卖盘,000905,2025-10-17 22:51:14
10:12:33,9.36,0.0,77,72072,卖盘,000905,2025-10-17 22:51:14
10:12:36,9.36,0.0,16,14976,卖盘,000905,2025-10-17 22:51:14
10:12:39,9.36,0.0,10,9360,卖盘,000905,2025-10-17 22:51:14
10:12:42,9.36,0.0,24,22464,卖盘,000905,2025-10-17 22:51:14
10:12:45,9.36,0.0,30,28080,卖盘,000905,2025-10-17 22:51:14
10:12:51,9.36,0.0,79,73944,卖盘,000905,2025-10-17 22:51:14
10:12:54,9.36,0.0,22,20592,卖盘,000905,2025-10-17 22:51:14
10:12:57,9.36,0.0,2,1872,卖盘,000905,2025-10-17 22:51:14
10:13:00,9.36,0.0,226,211536,卖盘,000905,2025-10-17 22:51:14
10:13:03,9.36,0.0,10,9360,卖盘,000905,2025-10-17 22:51:14
10:13:09,9.36,0.0,57,53352,卖盘,000905,2025-10-17 22:51:14
10:13:12,9.36,0.0,10,9360,卖盘,000905,2025-10-17 22:51:14
10:13:15,9.36,0.0,129,120744,卖盘,000905,2025-10-17 22:51:14
10:13:18,9.36,0.0,72,67392,卖盘,000905,2025-10-17 22:51:14
10:13:24,9.36,0.0,697,652392,卖盘,000905,2025-10-17 22:51:14
10:13:27,9.36,0.0,182,170352,卖盘,000905,2025-10-17 22:51:14
10:13:30,9.36,0.0,192,179712,卖盘,000905,2025-10-17 22:51:14
10:13:33,9.36,0.0,312,292032,卖盘,000905,2025-10-17 22:51:14
10:13:36,9.36,0.0,6,5616,卖盘,000905,2025-10-17 22:51:14
10:13:42,9.36,0.0,17,15912,卖盘,000905,2025-10-17 22:51:14
10:13:45,9.36,0.0,100,93600,卖盘,000905,2025-10-17 22:51:14
10:13:51,9.36,0.0,517,483912,卖盘,000905,2025-10-17 22:51:14
10:13:54,9.36,0.0,12,11232,卖盘,000905,2025-10-17 22:51:14
10:13:57,9.36,0.0,27,25272,卖盘,000905,2025-10-17 22:51:14
10:14:00,9.36,0.0,171,160056,卖盘,000905,2025-10-17 22:51:14
10:14:03,9.36,0.0,70,65520,卖盘,000905,2025-10-17 22:51:14
10:14:06,9.36,0.0,140,131040,卖盘,000905,2025-10-17 22:51:14
10:14:09,9.36,0.0,118,110448,卖盘,000905,2025-10-17 22:51:14
10:14:12,9.36,0.0,71,66456,卖盘,000905,2025-10-17 22:51:14
10:14:15,9.36,0.0,91,85176,卖盘,000905,2025-10-17 22:51:14
10:14:18,9.36,0.0,51,47736,卖盘,000905,2025-10-17 22:51:14
10:14:24,9.36,0.0,20,18720,卖盘,000905,2025-10-17 22:51:14
10:14:27,9.36,0.0,34,31824,卖盘,000905,2025-10-17 22:51:14
10:14:30,9.36,0.0,56,52416,卖盘,000905,2025-10-17 22:51:14
10:14:33,9.36,0.0,3,2808,卖盘,000905,2025-10-17 22:51:14
10:14:36,9.36,0.0,148,138528,卖盘,000905,2025-10-17 22:51:14
10:14:39,9.36,0.0,21,19656,卖盘,000905,2025-10-17 22:51:14
10:14:42,9.36,0.0,142,132912,卖盘,000905,2025-10-17 22:51:14
10:14:45,9.36,0.0,91,85176,卖盘,000905,2025-10-17 22:51:14
10:14:48,9.36,0.0,1233,1154088,卖盘,000905,2025-10-17 22:51:14
10:14:54,9.36,0.0,24,22464,卖盘,000905,2025-10-17 22:51:14
10:14:57,9.36,0.0,228,213408,卖盘,000905,2025-10-17 22:51:14
10:15:00,9.36,0.0,30,28080,卖盘,000905,2025-10-17 22:51:14
10:15:06,9.36,0.0,44,41184,卖盘,000905,2025-10-17 22:51:14
10:15:09,9.36,0.0,31,29016,卖盘,000905,2025-10-17 22:51:14
10:15:12,9.36,0.0,11,10296,卖盘,000905,2025-10-17 22:51:14
10:15:15,9.36,0.0,37,34632,卖盘,000905,2025-10-17 22:51:14
10:15:24,9.36,0.0,24,22464,卖盘,000905,2025-10-17 22:51:14
10:15:27,9.36,0.0,40,37440,卖盘,000905,2025-10-17 22:51:14
10:15:30,9.36,0.0,31,29016,卖盘,000905,2025-10-17 22:51:14
10:15:36,9.36,0.0,211,197496,卖盘,000905,2025-10-17 22:51:14
10:15:39,9.36,0.0,4,3744,卖盘,000905,2025-10-17 22:51:14
10:15:42,9.36,0.0,17,15912,卖盘,000905,2025-10-17 22:51:14
10:15:45,9.36,0.0,3,2808,卖盘,000905,2025-10-17 22:51:14
10:15:48,9.36,0.0,274,256464,卖盘,000905,2025-10-17 22:51:14
10:15:54,9.36,0.0,809,757224,卖盘,000905,2025-10-17 22:51:14
10:15:57,9.36,0.0,606,567216,卖盘,000905,2025-10-17 22:51:14
10:16:00,9.36,0.0,1,936,卖盘,000905,2025-10-17 22:51:14
10:16:03,9.36,0.0,6,5616,卖盘,000905,2025-10-17 22:51:14
10:16:06,9.36,0.0,282,263952,卖盘,000905,2025-10-17 22:51:14
10:16:09,9.36,0.0,135,126360,卖盘,000905,2025-10-17 22:51:14
10:16:12,9.36,0.0,6,5616,卖盘,000905,2025-10-17 22:51:14
10:16:15,9.36,0.0,82,76752,卖盘,000905,2025-10-17 22:51:14
10:16:18,9.36,0.0,15,14040,卖盘,000905,2025-10-17 22:51:14
10:16:21,9.36,0.0,288,269568,卖盘,000905,2025-10-17 22:51:14
10:16:24,9.36,0.0,10,9360,卖盘,000905,2025-10-17 22:51:14
10:16:27,9.36,0.0,34,31824,卖盘,000905,2025-10-17 22:51:14
10:16:30,9.36,0.0,56,52416,卖盘,000905,2025-10-17 22:51:14
10:16:33,9.36,0.0,34,31824,卖盘,000905,2025-10-17 22:51:14
10:16:36,9.36,0.0,11,10296,卖盘,000905,2025-10-17 22:51:14
10:16:39,9.36,0.0,18,16848,卖盘,000905,2025-10-17 22:51:14
10:16:42,9.36,0.0,22,20592,卖盘,000905,2025-10-17 22:51:14
10:16:48,9.36,0.0,3,2808,卖盘,000905,2025-10-17 22:51:14
10:16:51,9.36,0.0,45,42120,卖盘,000905,2025-10-17 22:51:14
10:16:54,9.36,0.0,858,803088,卖盘,000905,2025-10-17 22:51:14
10:16:57,9.36,0.0,29,27144,卖盘,000905,2025-10-17 22:51:14
10:17:03,9.36,0.0,70,65520,卖盘,000905,2025-10-17 22:51:14
10:17:06,9.36,0.0,57,53352,卖盘,000905,2025-10-17 22:51:14
10:17:09,9.36,0.0,13,12168,卖盘,000905,2025-10-17 22:51:14
10:17:12,9.36,0.0,38,35568,卖盘,000905,2025-10-17 22:51:14
10:17:15,9.36,0.0,35,32760,卖盘,000905,2025-10-17 22:51:14
10:17:18,9.36,0.0,6,5616,卖盘,000905,2025-10-17 22:51:14
10:17:21,9.36,0.0,10,9360,卖盘,000905,2025-10-17 22:51:14
10:17:24,9.36,0.0,11,10296,卖盘,000905,2025-10-17 22:51:14
10:17:27,9.36,0.0,179,167544,卖盘,000905,2025-10-17 22:51:14
10:17:33,9.36,0.0,110,102960,卖盘,000905,2025-10-17 22:51:14
10:17:42,9.36,0.0,1,936,卖盘,000905,2025-10-17 22:51:14
10:17:45,9.36,0.0,20,18720,卖盘,000905,2025-10-17 22:51:14
10:17:48,9.36,0.0,2,1872,卖盘,000905,2025-10-17 22:51:14
10:17:51,9.36,0.0,42,39312,卖盘,000905,2025-10-17 22:51:14
10:17:54,9.36,0.0,30,28080,卖盘,000905,2025-10-17 22:51:14
10:17:57,9.36,0.0,25,23400,卖盘,000905,2025-10-17 22:51:14
10:18:03,9.36,0.0,30,28080,卖盘,000905,2025-10-17 22:51:14
10:18:06,9.36,0.0,10,9360,卖盘,000905,2025-10-17 22:51:14
10:18:09,9.36,0.0,90,84240,卖盘,000905,2025-10-17 22:51:14
10:18:12,9.36,0.0,70,65520,卖盘,000905,2025-10-17 22:51:14
10:18:15,9.36,0.0,34,31824,卖盘,000905,2025-10-17 22:51:14
10:18:18,9.36,0.0,36,33696,卖盘,000905,2025-10-17 22:51:14
10:18:27,9.36,0.0,10,9360,卖盘,000905,2025-10-17 22:51:14
10:18:30,9.36,0.0,1,936,卖盘,000905,2025-10-17 22:51:14
10:18:39,9.36,0.0,11,10296,卖盘,000905,2025-10-17 22:51:14
10:18:42,9.36,0.0,25,23400,卖盘,000905,2025-10-17 22:51:14
10:18:45,9.36,0.0,25,23400,卖盘,000905,2025-10-17 22:51:14
10:18:48,9.36,0.0,96,89856,卖盘,000905,2025-10-17 22:51:14
10:18:54,9.36,0.0,31,29016,卖盘,000905,2025-10-17 22:51:14
10:19:00,9.36,0.0,46,43056,卖盘,000905,2025-10-17 22:51:14
10:19:03,9.36,0.0,38,35568,卖盘,000905,2025-10-17 22:51:14
10:19:06,9.36,0.0,5,4680,卖盘,000905,2025-10-17 22:51:14
10:19:09,9.36,0.0,34,31824,卖盘,000905,2025-10-17 22:51:14
10:19:12,9.36,0.0,16,14976,卖盘,000905,2025-10-17 22:51:14
10:19:18,9.36,0.0,162,151632,卖盘,000905,2025-10-17 22:51:14
10:19:21,9.36,0.0,13,12168,卖盘,000905,2025-10-17 22:51:14
10:19:24,9.36,0.0,4,3744,卖盘,000905,2025-10-17 22:51:14
10:19:27,9.36,0.0,12,11232,卖盘,000905,2025-10-17 22:51:14
10:19:30,9.36,0.0,46,43056,卖盘,000905,2025-10-17 22:51:14
10:19:33,9.36,0.0,3,2808,卖盘,000905,2025-10-17 22:51:14
10:19:36,9.36,0.0,61,57096,卖盘,000905,2025-10-17 22:51:14
10:19:39,9.36,0.0,20,18720,卖盘,000905,2025-10-17 22:51:14
10:19:42,9.36,0.0,51,47736,卖盘,000905,2025-10-17 22:51:14
10:19:48,9.36,0.0,20,18720,卖盘,000905,2025-10-17 22:51:14
10:19:51,9.36,0.0,1,936,卖盘,000905,2025-10-17 22:51:14
10:19:57,9.36,0.0,7,6552,卖盘,000905,2025-10-17 22:51:14
10:20:00,9.36,0.0,5,4680,卖盘,000905,2025-10-17 22:51:14
10:20:06,9.36,0.0,1,936,卖盘,000905,2025-10-17 22:51:14
10:20:09,9.36,0.0,21,19656,卖盘,000905,2025-10-17 22:51:14
10:20:12,9.36,0.0,3,2808,卖盘,000905,2025-10-17 22:51:14
10:20:15,9.36,0.0,18,16848,卖盘,000905,2025-10-17 22:51:14
10:20:18,9.36,0.0,52,48672,卖盘,000905,2025-10-17 22:51:14
10:20:21,9.36,0.0,295,276120,卖盘,000905,2025-10-17 22:51:14
10:20:24,9.36,0.0,46,43056,卖盘,000905,2025-10-17 22:51:14
10:20:27,9.36,0.0,33,30888,卖盘,000905,2025-10-17 22:51:14
10:20:30,9.36,0.0,80,74880,卖盘,000905,2025-10-17 22:51:14
10:20:36,9.36,0.0,22,20592,卖盘,000905,2025-10-17 22:51:14
10:20:39,9.36,0.0,258,241488,卖盘,000905,2025-10-17 22:51:14
10:20:42,9.36,0.0,361,337896,卖盘,000905,2025-10-17 22:51:14
10:20:45,9.36,0.0,5,4680,卖盘,000905,2025-10-17 22:51:14
10:20:51,9.36,0.0,10,9360,卖盘,000905,2025-10-17 22:51:14
10:20:54,9.36,0.0,111,103896,卖盘,000905,2025-10-17 22:51:14
10:20:57,9.36,0.0,32,29952,卖盘,000905,2025-10-17 22:51:14
10:21:00,9.36,0.0,117,109512,卖盘,000905,2025-10-17 22:51:14
10:21:03,9.36,0.0,12,11232,卖盘,000905,2025-10-17 22:51:14
10:21:06,9.36,0.0,11,10296,卖盘,000905,2025-10-17 22:51:14
10:21:09,9.36,0.0,21,19656,卖盘,000905,2025-10-17 22:51:14
10:21:12,9.36,0.0,38,35568,卖盘,000905,2025-10-17 22:51:14
10:21:15,9.36,0.0,3,2808,卖盘,000905,2025-10-17 22:51:14
10:21:18,9.36,0.0,294,275184,卖盘,000905,2025-10-17 22:51:14
10:21:21,9.36,0.0,655,613080,卖盘,000905,2025-10-17 22:51:14
10:21:24,9.36,0.0,350,327600,卖盘,000905,2025-10-17 22:51:14
10:21:27,9.36,0.0,43,40248,卖盘,000905,2025-10-17 22:51:14
10:21:30,9.36,0.0,17,15912,卖盘,000905,2025-10-17 22:51:14
10:21:36,9.36,0.0,4,3744,卖盘,000905,2025-10-17 22:51:14
10:21:39,9.36,0.0,40,37440,卖盘,000905,2025-10-17 22:51:14
10:21:42,9.36,0.0,2,1872,卖盘,000905,2025-10-17 22:51:14
10:21:45,9.36,0.0,1,936,卖盘,000905,2025-10-17 22:51:14
10:21:51,9.36,0.0,473,442728,卖盘,000905,2025-10-17 22:51:14
10:21:54,9.36,0.0,41,38376,卖盘,000905,2025-10-17 22:51:14
10:21:57,9.36,0.0,213,199368,卖盘,000905,2025-10-17 22:51:14
10:22:00,9.36,0.0,10,9360,卖盘,000905,2025-10-17 22:51:14
10:22:03,9.36,0.0,294,275184,卖盘,000905,2025-10-17 22:51:14
10:22:06,9.36,0.0,110,102960,卖盘,000905,2025-10-17 22:51:14
10:22:09,9.36,0.0,40,37440,卖盘,000905,2025-10-17 22:51:14
10:22:12,9.36,0.0,12,11232,卖盘,000905,2025-10-17 22:51:14
10:22:15,9.36,0.0,133,124488,卖盘,000905,2025-10-17 22:51:14
10:22:18,9.36,0.0,2,1872,卖盘,000905,2025-10-17 22:51:14
10:22:21,9.36,0.0,11,10296,卖盘,000905,2025-10-17 22:51:14
10:22:24,9.36,0.0,101,94536,卖盘,000905,2025-10-17 22:51:14
10:22:27,9.36,0.0,233,218088,卖盘,000905,2025-10-17 22:51:14
10:22:33,9.36,0.0,100,93600,卖盘,000905,2025-10-17 22:51:14
10:22:39,9.36,0.0,74,69264,卖盘,000905,2025-10-17 22:51:14
10:22:42,9.36,0.0,6,5616,卖盘,000905,2025-10-17 22:51:14
10:22:48,9.36,0.0,53,49608,卖盘,000905,2025-10-17 22:51:14
10:22:51,9.36,0.0,20,18720,卖盘,000905,2025-10-17 22:51:14
10:22:54,9.36,0.0,15,14040,卖盘,000905,2025-10-17 22:51:14
10:22:57,9.36,0.0,26,24336,卖盘,000905,2025-10-17 22:51:14
10:23:06,9.36,0.0,10,9360,卖盘,000905,2025-10-17 22:51:14
10:23:09,9.36,0.0,7,6552,卖盘,000905,2025-10-17 22:51:14
10:23:12,9.36,0.0,150,140400,卖盘,000905,2025-10-17 22:51:14
10:23:15,9.36,0.0,10,9360,卖盘,000905,2025-10-17 22:51:14
10:23:18,9.36,0.0,40,37440,卖盘,000905,2025-10-17 22:51:14
10:23:21,9.36,0.0,127,118872,卖盘,000905,2025-10-17 22:51:14
10:23:24,9.36,0.0,57,53352,卖盘,000905,2025-10-17 22:51:14
10:23:27,9.36,0.0,122,114192,卖盘,000905,2025-10-17 22:51:14
10:23:33,9.36,0.0,5,4680,卖盘,000905,2025-10-17 22:51:14
10:23:36,9.36,0.0,116,108576,卖盘,000905,2025-10-17 22:51:14
10:23:42,9.36,0.0,114,106704,卖盘,000905,2025-10-17 22:51:14
10:23:48,9.36,0.0,143,133848,卖盘,000905,2025-10-17 22:51:14
10:23:57,9.36,0.0,78,73008,卖盘,000905,2025-10-17 22:51:14
10:24:00,9.36,0.0,71,66456,卖盘,000905,2025-10-17 22:51:14
10:24:03,9.36,0.0,45,42120,卖盘,000905,2025-10-17 22:51:14
10:24:09,9.36,0.0,35,32760,卖盘,000905,2025-10-17 22:51:14
10:24:12,9.36,0.0,5,4680,卖盘,000905,2025-10-17 22:51:14
10:24:15,9.36,0.0,5,4680,卖盘,000905,2025-10-17 22:51:14
10:24:24,9.36,0.0,32,29952,卖盘,000905,2025-10-17 22:51:14
10:24:27,9.36,0.0,5,4680,卖盘,000905,2025-10-17 22:51:14
10:24:33,9.36,0.0,11,10296,卖盘,000905,2025-10-17 22:51:14
10:24:36,9.36,0.0,70,65520,卖盘,000905,2025-10-17 22:51:14
10:24:39,9.36,0.0,2,1872,卖盘,000905,2025-10-17 22:51:14
10:24:45,9.36,0.0,10,9360,卖盘,000905,2025-10-17 22:51:14
10:24:51,9.36,0.0,10,9360,卖盘,000905,2025-10-17 22:51:14
10:24:54,9.36,0.0,192,179712,卖盘,000905,2025-10-17 22:51:14
10:24:57,9.36,0.0,236,220896,卖盘,000905,2025-10-17 22:51:14
10:25:00,9.36,0.0,39,36504,卖盘,000905,2025-10-17 22:51:14
10:25:06,9.36,0.0,55,51480,卖盘,000905,2025-10-17 22:51:14
10:25:09,9.36,0.0,10,9360,卖盘,000905,2025-10-17 22:51:14
10:25:12,9.36,0.0,78,73008,卖盘,000905,2025-10-17 22:51:14
10:25:15,9.36,0.0,15,14040,卖盘,000905,2025-10-17 22:51:14
10:25:18,9.36,0.0,27,25272,卖盘,000905,2025-10-17 22:51:14
10:25:21,9.36,0.0,31,29016,卖盘,000905,2025-10-17 22:51:14
10:25:24,9.36,0.0,1531,1433016,卖盘,000905,2025-10-17 22:51:14
10:25:27,9.36,0.0,1,1030,卖盘,000905,2025-10-17 22:51:14
10:25:30,9.36,0.0,141,131976,卖盘,000905,2025-10-17 22:51:14
10:25:33,9.36,0.0,13,12168,卖盘,000905,2025-10-17 22:51:14
10:25:39,9.36,0.0,810,758160,卖盘,000905,2025-10-17 22:51:14
10:25:42,9.36,0.0,60,56160,卖盘,000905,2025-10-17 22:51:14
10:25:48,9.36,0.0,4,3744,卖盘,000905,2025-10-17 22:51:14
10:25:54,9.36,0.0,1,936,卖盘,000905,2025-10-17 22:51:14
10:25:57,9.36,0.0,1,936,卖盘,000905,2025-10-17 22:51:14
10:26:00,9.36,0.0,12,11232,卖盘,000905,2025-10-17 22:51:14
10:26:03,9.36,0.0,61,57096,卖盘,000905,2025-10-17 22:51:14
10:26:06,9.36,0.0,134,125424,卖盘,000905,2025-10-17 22:51:14
10:26:09,9.36,0.0,17,15912,卖盘,000905,2025-10-17 22:51:14
10:26:12,9.36,0.0,65,60840,卖盘,000905,2025-10-17 22:51:14
10:26:15,9.36,0.0,200,187200,卖盘,000905,2025-10-17 22:51:14
10:26:18,9.36,0.0,78,73008,卖盘,000905,2025-10-17 22:51:14
10:26:27,9.36,0.0,505,472680,卖盘,000905,2025-10-17 22:51:14
10:26:30,9.36,0.0,14,13104,卖盘,000905,2025-10-17 22:51:14
10:26:33,9.36,0.0,510,477360,卖盘,000905,2025-10-17 22:51:14
10:26:39,9.36,0.0,50,46800,卖盘,000905,2025-10-17 22:51:14
10:26:42,9.36,0.0,51,47736,卖盘,000905,2025-10-17 22:51:14
10:26:45,9.36,0.0,205,191880,卖盘,000905,2025-10-17 22:51:14
10:26:51,9.36,0.0,50,46800,卖盘,000905,2025-10-17 22:51:14
10:26:57,9.36,0.0,1,936,卖盘,000905,2025-10-17 22:51:14
10:27:00,9.36,0.0,600,561600,卖盘,000905,2025-10-17 22:51:14
10:27:09,9.36,0.0,124,116064,卖盘,000905,2025-10-17 22:51:14
10:27:15,9.36,0.0,10,9360,卖盘,000905,2025-10-17 22:51:14
10:27:21,9.36,0.0,100,93600,卖盘,000905,2025-10-17 22:51:14
10:27:24,9.36,0.0,72,67392,卖盘,000905,2025-10-17 22:51:14
10:27:30,9.36,0.0,14,13104,卖盘,000905,2025-10-17 22:51:14
10:27:33,9.36,0.0,20,18720,卖盘,000905,2025-10-17 22:51:14
10:27:39,9.36,0.0,16,14976,卖盘,000905,2025-10-17 22:51:14
10:27:42,9.36,0.0,26,24336,卖盘,000905,2025-10-17 22:51:14
10:27:48,9.36,0.0,14,13104,卖盘,000905,2025-10-17 22:51:14
10:27:54,9.36,0.0,7,6552,卖盘,000905,2025-10-17 22:51:14
10:27:57,9.36,0.0,8,7488,卖盘,000905,2025-10-17 22:51:14
10:28:00,9.36,0.0,15,14040,卖盘,000905,2025-10-17 22:51:14
10:28:03,9.36,0.0,12,11232,卖盘,000905,2025-10-17 22:51:14
10:28:06,9.36,0.0,324,303264,卖盘,000905,2025-10-17 22:51:14
10:28:09,9.36,0.0,86,80496,卖盘,000905,2025-10-17 22:51:14
10:28:15,9.36,0.0,42,39312,卖盘,000905,2025-10-17 22:51:14
10:28:18,9.36,0.0,5,4680,卖盘,000905,2025-10-17 22:51:14
10:28:21,9.36,0.0,94,87984,卖盘,000905,2025-10-17 22:51:14
10:28:24,9.36,0.0,39,36504,卖盘,000905,2025-10-17 22:51:14
10:28:27,9.36,0.0,11,10296,卖盘,000905,2025-10-17 22:51:14
10:28:30,9.36,0.0,13,12168,卖盘,000905,2025-10-17 22:51:14
10:28:36,9.36,0.0,308,288288,卖盘,000905,2025-10-17 22:51:14
10:28:39,9.36,0.0,25,23400,卖盘,000905,2025-10-17 22:51:14
10:28:42,9.36,0.0,608,569088,卖盘,000905,2025-10-17 22:51:14
10:28:45,9.36,0.0,2,1872,卖盘,000905,2025-10-17 22:51:14
10:28:54,9.36,0.0,1,936,卖盘,000905,2025-10-17 22:51:14
10:28:57,9.36,0.0,7,6552,卖盘,000905,2025-10-17 22:51:14
10:29:00,9.36,0.0,9,8424,卖盘,000905,2025-10-17 22:51:14
10:29:03,9.36,0.0,54,50544,卖盘,000905,2025-10-17 22:51:14
10:29:06,9.36,0.0,4,3744,卖盘,000905,2025-10-17 22:51:14
10:29:09,9.36,0.0,20,18720,卖盘,000905,2025-10-17 22:51:14
10:29:18,9.36,0.0,37,34632,卖盘,000905,2025-10-17 22:51:14
10:29:21,9.36,0.0,13,12168,卖盘,000905,2025-10-17 22:51:14
10:29:24,9.36,0.0,18,16848,卖盘,000905,2025-10-17 22:51:14
10:29:30,9.36,0.0,134,125424,卖盘,000905,2025-10-17 22:51:14
10:29:33,9.36,0.0,60,56160,卖盘,000905,2025-10-17 22:51:14
10:29:36,9.36,0.0,301,281736,卖盘,000905,2025-10-17 22:51:14
10:29:39,9.36,0.0,200,187200,卖盘,000905,2025-10-17 22:51:14
10:29:42,9.36,0.0,19,17784,卖盘,000905,2025-10-17 22:51:14
10:29:45,9.36,0.0,50,46800,卖盘,000905,2025-10-17 22:51:14
10:29:48,9.36,0.0,7,6552,卖盘,000905,2025-10-17 22:51:14
10:29:51,9.36,0.0,19,17784,卖盘,000905,2025-10-17 22:51:14
10:29:54,9.36,0.0,270,252720,卖盘,000905,2025-10-17 22:51:14
10:30:06,9.36,0.0,22,20592,卖盘,000905,2025-10-17 22:51:14
10:30:09,9.36,0.0,108,101088,卖盘,000905,2025-10-17 22:51:14
10:30:12,9.36,0.0,54,50544,卖盘,000905,2025-10-17 22:51:14
10:30:15,9.36,0.0,101,94536,卖盘,000905,2025-10-17 22:51:14
10:30:21,9.36,0.0,6,5616,卖盘,000905,2025-10-17 22:51:14
10:30:24,9.36,0.0,30,28080,卖盘,000905,2025-10-17 22:51:14
10:30:27,9.36,0.0,34,31824,卖盘,000905,2025-10-17 22:51:14
10:30:33,9.36,0.0,9,8424,卖盘,000905,2025-10-17 22:51:14
10:30:42,9.36,0.0,40,37440,卖盘,000905,2025-10-17 22:51:14
10:30:45,9.36,0.0,13,12168,卖盘,000905,2025-10-17 22:51:14
10:30:48,9.36,0.0,102,95472,卖盘,000905,2025-10-17 22:51:14
10:30:51,9.36,0.0,20,18720,卖盘,000905,2025-10-17 22:51:14
10:30:54,9.36,0.0,4,3744,卖盘,000905,2025-10-17 22:51:14
10:30:57,9.36,0.0,5,4680,卖盘,000905,2025-10-17 22:51:14
10:31:00,9.36,0.0,5,4680,卖盘,000905,2025-10-17 22:51:14
10:31:03,9.36,0.0,61,57096,卖盘,000905,2025-10-17 22:51:14
10:31:06,9.36,0.0,5,4680,卖盘,000905,2025-10-17 22:51:14
10:31:09,9.36,0.0,10,9360,卖盘,000905,2025-10-17 22:51:14
10:31:12,9.36,0.0,10,9360,卖盘,000905,2025-10-17 22:51:14
10:31:24,9.36,0.0,81,75816,卖盘,000905,2025-10-17 22:51:14
10:31:27,9.36,0.0,12,11232,卖盘,000905,2025-10-17 22:51:14
10:31:42,9.36,0.0,5,4680,卖盘,000905,2025-10-17 22:51:14
10:31:45,9.36,0.0,12,11232,卖盘,000905,2025-10-17 22:51:14
10:31:48,9.36,0.0,1,936,卖盘,000905,2025-10-17 22:51:14
10:31:51,9.36,0.0,13,12168,卖盘,000905,2025-10-17 22:51:14
10:31:54,9.36,0.0,10,9360,卖盘,000905,2025-10-17 22:51:14
10:32:00,9.36,0.0,8,7488,卖盘,000905,2025-10-17 22:51:14
10:32:03,9.36,0.0,45,42120,卖盘,000905,2025-10-17 22:51:14
10:32:06,9.36,0.0,8,7488,卖盘,000905,2025-10-17 22:51:14
10:32:18,9.36,0.0,6,5616,卖盘,000905,2025-10-17 22:51:14
10:32:21,9.36,0.0,8,7488,卖盘,000905,2025-10-17 22:51:14
10:32:24,9.36,0.0,65,60840,卖盘,000905,2025-10-17 22:51:14
10:32:27,9.36,0.0,5,4680,卖盘,000905,2025-10-17 22:51:14
10:32:30,9.36,0.0,109,102024,卖盘,000905,2025-10-17 22:51:14
10:32:33,9.36,0.0,20,18720,卖盘,000905,2025-10-17 22:51:14
10:32:36,9.36,0.0,3,2808,卖盘,000905,2025-10-17 22:51:14
10:32:48,9.36,0.0,64,59904,卖盘,000905,2025-10-17 22:51:14
10:32:51,9.36,0.0,5,4680,卖盘,000905,2025-10-17 22:51:14
10:32:54,9.36,0.0,72,67392,卖盘,000905,2025-10-17 22:51:14
10:33:06,9.36,0.0,4,3744,卖盘,000905,2025-10-17 22:51:14
10:33:09,9.36,0.0,25,23400,卖盘,000905,2025-10-17 22:51:14
10:33:15,9.36,0.0,10,9360,卖盘,000905,2025-10-17 22:51:14
10:33:24,9.36,0.0,8,7488,卖盘,000905,2025-10-17 22:51:14
10:33:30,9.36,0.0,24,22464,卖盘,000905,2025-10-17 22:51:14
10:33:33,9.36,0.0,10,9360,卖盘,000905,2025-10-17 22:51:14
10:33:39,9.36,0.0,31,29016,卖盘,000905,2025-10-17 22:51:14
10:33:42,9.36,0.0,1,936,卖盘,000905,2025-10-17 22:51:14
10:33:45,9.36,0.0,18,16848,卖盘,000905,2025-10-17 22:51:14
10:33:57,9.36,0.0,16,14976,卖盘,000905,2025-10-17 22:51:14
10:34:00,9.36,0.0,10,9360,卖盘,000905,2025-10-17 22:51:14
10:34:12,9.36,0.0,2,1872,卖盘,000905,2025-10-17 22:51:14
10:34:15,9.36,0.0,7,6552,卖盘,000905,2025-10-17 22:51:14
10:34:21,9.36,0.0,16,14976,卖盘,000905,2025-10-17 22:51:14
10:34:27,9.36,0.0,10,9360,卖盘,000905,2025-10-17 22:51:14
10:34:30,9.36,0.0,1,936,卖盘,000905,2025-10-17 22:51:14
10:34:36,9.36,0.0,6,5616,卖盘,000905,2025-10-17 22:51:14
10:34:39,9.36,0.0,5,4680,卖盘,000905,2025-10-17 22:51:14
10:34:42,9.36,0.0,41,38376,卖盘,000905,2025-10-17 22:51:14
10:34:48,9.36,0.0,5,4680,卖盘,000905,2025-10-17 22:51:14
10:34:57,9.36,0.0,150,140400,卖盘,000905,2025-10-17 22:51:14
10:35:00,9.36,0.0,116,108576,卖盘,000905,2025-10-17 22:51:14
10:35:03,9.36,0.0,20,18720,卖盘,000905,2025-10-17 22:51:14
10:35:06,9.36,0.0,2,1872,卖盘,000905,2025-10-17 22:51:14
10:35:09,9.36,0.0,13,12168,卖盘,000905,2025-10-17 22:51:14
10:35:24,9.36,0.0,15,14040,卖盘,000905,2025-10-17 22:51:14
10:35:27,9.36,0.0,8,7488,卖盘,000905,2025-10-17 22:51:14
10:35:30,9.36,0.0,31,29016,卖盘,000905,2025-10-17 22:51:14
10:35:36,9.36,0.0,8,7488,卖盘,000905,2025-10-17 22:51:14
10:35:39,9.36,0.0,5,4680,卖盘,000905,2025-10-17 22:51:14
10:35:45,9.36,0.0,12,11232,卖盘,000905,2025-10-17 22:51:14
10:35:48,9.36,0.0,2,1872,卖盘,000905,2025-10-17 22:51:14
10:35:54,9.36,0.0,3,2808,卖盘,000905,2025-10-17 22:51:14
10:35:57,9.36,0.0,103,96408,卖盘,000905,2025-10-17 22:51:14
10:36:00,9.36,0.0,20,18720,卖盘,000905,2025-10-17 22:51:14
10:36:09,9.36,0.0,13,12168,卖盘,000905,2025-10-17 22:51:14
10:36:12,9.36,0.0,30,28080,卖盘,000905,2025-10-17 22:51:14
10:36:18,9.36,0.0,40,37440,卖盘,000905,2025-10-17 22:51:14
10:36:21,9.36,0.0,30,28080,卖盘,000905,2025-10-17 22:51:14
10:36:27,9.36,0.0,35,32760,卖盘,000905,2025-10-17 22:51:14
10:36:33,9.36,0.0,6,5616,卖盘,000905,2025-10-17 22:51:14
10:36:36,9.36,0.0,137,128232,卖盘,000905,2025-10-17 22:51:14
10:36:42,9.36,0.0,3,2808,卖盘,000905,2025-10-17 22:51:14
10:36:45,9.36,0.0,1080,1010880,卖盘,000905,2025-10-17 22:51:14
10:36:54,9.36,0.0,2,1872,卖盘,000905,2025-10-17 22:51:14
10:37:06,9.36,0.0,40,37440,卖盘,000905,2025-10-17 22:51:14
10:37:09,9.36,0.0,11,10296,卖盘,000905,2025-10-17 22:51:14
10:37:12,9.36,0.0,32,29952,卖盘,000905,2025-10-17 22:51:14
10:37:24,9.36,0.0,2,1872,卖盘,000905,2025-10-17 22:51:14
10:37:27,9.36,0.0,128,119808,卖盘,000905,2025-10-17 22:51:14
10:37:39,9.36,0.0,2042,1911312,卖盘,000905,2025-10-17 22:51:14
10:37:48,9.36,0.0,30,28080,卖盘,000905,2025-10-17 22:51:14
10:37:54,9.36,0.0,8,7488,卖盘,000905,2025-10-17 22:51:14
10:37:57,9.36,0.0,27,25272,卖盘,000905,2025-10-17 22:51:14
10:38:03,9.36,0.0,11,10296,卖盘,000905,2025-10-17 22:51:14
10:38:09,9.36,0.0,1,936,卖盘,000905,2025-10-17 22:51:14
10:38:12,9.36,0.0,4,3744,卖盘,000905,2025-10-17 22:51:14
10:38:15,9.36,0.0,60,56160,卖盘,000905,2025-10-17 22:51:14
10:38:18,9.36,0.0,4,3744,卖盘,000905,2025-10-17 22:51:14
10:38:21,9.36,0.0,61,57096,卖盘,000905,2025-10-17 22:51:14
10:38:24,9.36,0.0,10,9360,卖盘,000905,2025-10-17 22:51:14
10:38:30,9.36,0.0,25,23400,卖盘,000905,2025-10-17 22:51:14
10:38:33,9.36,0.0,1,936,卖盘,000905,2025-10-17 22:51:14
10:38:45,9.36,0.0,1,936,卖盘,000905,2025-10-17 22:51:14
10:38:51,9.36,0.0,128,119808,卖盘,000905,2025-10-17 22:51:14
10:38:54,9.36,0.0,113,105768,卖盘,000905,2025-10-17 22:51:14
10:39:00,9.36,0.0,6,5616,卖盘,000905,2025-10-17 22:51:14
10:39:03,9.36,0.0,11,10296,卖盘,000905,2025-10-17 22:51:14
10:39:12,9.36,0.0,47,43992,卖盘,000905,2025-10-17 22:51:14
10:39:15,9.36,0.0,10,9360,卖盘,000905,2025-10-17 22:51:14
10:39:21,9.36,0.0,7,6552,卖盘,000905,2025-10-17 22:51:14
10:39:24,9.36,0.0,43,40248,卖盘,000905,2025-10-17 22:51:14
10:39:27,9.36,0.0,7,6552,卖盘,000905,2025-10-17 22:51:14
10:39:30,9.36,0.0,35,32760,卖盘,000905,2025-10-17 22:51:14
10:39:39,9.36,0.0,3,2808,卖盘,000905,2025-10-17 22:51:14
10:39:42,9.36,0.0,75,70200,卖盘,000905,2025-10-17 22:51:14
10:39:48,9.36,0.0,2,1872,卖盘,000905,2025-10-17 22:51:14
10:39:54,9.36,0.0,11,10296,卖盘,000905,2025-10-17 22:51:14
10:39:57,9.36,0.0,10,9360,卖盘,000905,2025-10-17 22:51:14
10:40:00,9.36,0.0,5,4680,卖盘,000905,2025-10-17 22:51:14
10:40:06,9.36,0.0,40,37440,卖盘,000905,2025-10-17 22:51:14
10:40:09,9.36,0.0,8,7488,卖盘,000905,2025-10-17 22:51:14
10:40:21,9.36,0.0,5,4680,卖盘,000905,2025-10-17 22:51:14
10:40:24,9.36,0.0,31,29016,卖盘,000905,2025-10-17 22:51:14
10:40:27,9.36,0.0,5,4680,卖盘,000905,2025-10-17 22:51:14
10:40:33,9.36,0.0,10,9360,卖盘,000905,2025-10-17 22:51:14
10:40:42,9.36,0.0,13,12168,卖盘,000905,2025-10-17 22:51:14
10:40:45,9.36,0.0,5,4680,卖盘,000905,2025-10-17 22:51:14
10:40:48,9.36,0.0,3,2808,卖盘,000905,2025-10-17 22:51:14
10:40:51,9.36,0.0,39,36504,卖盘,000905,2025-10-17 22:51:14
10:40:57,9.36,0.0,112,104832,卖盘,000905,2025-10-17 22:51:14
10:41:06,9.36,0.0,4,3744,卖盘,000905,2025-10-17 22:51:14
10:41:15,9.36,0.0,13,12168,卖盘,000905,2025-10-17 22:51:14
10:41:18,9.36,0.0,3,2808,卖盘,000905,2025-10-17 22:51:14
10:41:21,9.36,0.0,10,9360,卖盘,000905,2025-10-17 22:51:14
10:41:24,9.36,0.0,43,40248,卖盘,000905,2025-10-17 22:51:14
10:41:33,9.36,0.0,32,29952,卖盘,000905,2025-10-17 22:51:14
10:41:39,9.36,0.0,41,38376,卖盘,000905,2025-10-17 22:51:14
10:41:45,9.36,0.0,5,4680,卖盘,000905,2025-10-17 22:51:14
10:41:48,9.36,0.0,32,29952,卖盘,000905,2025-10-17 22:51:14
10:41:51,9.36,0.0,62,58032,卖盘,000905,2025-10-17 22:51:14
10:41:57,9.36,0.0,10,9360,卖盘,000905,2025-10-17 22:51:14
10:42:00,9.36,0.0,10,9360,卖盘,000905,2025-10-17 22:51:14
10:42:03,9.36,0.0,6,5616,卖盘,000905,2025-10-17 22:51:14
10:42:09,9.36,0.0,24,22464,卖盘,000905,2025-10-17 22:51:14
10:42:24,9.36,0.0,15,14040,卖盘,000905,2025-10-17 22:51:14
10:42:33,9.36,0.0,24,22464,卖盘,000905,2025-10-17 22:51:14
10:42:45,9.36,0.0,2,1872,卖盘,000905,2025-10-17 22:51:14
10:42:51,9.36,0.0,10,9360,卖盘,000905,2025-10-17 22:51:14
10:42:54,9.36,0.0,15,14040,卖盘,000905,2025-10-17 22:51:14
10:43:00,9.36,0.0,3,2808,卖盘,000905,2025-10-17 22:51:14
10:43:03,9.36,0.0,30,28080,卖盘,000905,2025-10-17 22:51:14
10:43:15,9.36,0.0,6,5616,卖盘,000905,2025-10-17 22:51:14
10:43:27,9.36,0.0,24,22464,卖盘,000905,2025-10-17 22:51:14
10:43:36,9.36,0.0,31,29016,卖盘,000905,2025-10-17 22:51:14
10:43:39,9.36,0.0,1,936,卖盘,000905,2025-10-17 22:51:14
10:43:42,9.36,0.0,3,2808,卖盘,000905,2025-10-17 22:51:14
10:43:48,9.36,0.0,210,196560,卖盘,000905,2025-10-17 22:51:14
10:43:57,9.36,0.0,20,18720,卖盘,000905,2025-10-17 22:51:14
10:44:00,9.36,0.0,1,936,卖盘,000905,2025-10-17 22:51:14
10:44:03,9.36,0.0,124,116064,卖盘,000905,2025-10-17 22:51:14
10:44:06,9.36,0.0,215,201240,卖盘,000905,2025-10-17 22:51:14
10:44:12,9.36,0.0,6,5616,卖盘,000905,2025-10-17 22:51:14
10:44:15,9.36,0.0,20,18720,卖盘,000905,2025-10-17 22:51:14
10:44:21,9.36,0.0,2,1872,卖盘,000905,2025-10-17 22:51:14
10:44:30,9.36,0.0,36,33696,卖盘,000905,2025-10-17 22:51:14
10:44:33,9.36,0.0,4,3744,卖盘,000905,2025-10-17 22:51:14
10:44:36,9.36,0.0,11,10296,卖盘,000905,2025-10-17 22:51:14
10:44:39,9.36,0.0,3,2808,卖盘,000905,2025-10-17 22:51:14
10:44:48,9.36,0.0,2,1872,卖盘,000905,2025-10-17 22:51:14
10:44:51,9.36,0.0,1,936,卖盘,000905,2025-10-17 22:51:14
10:44:54,9.36,0.0,15,14040,卖盘,000905,2025-10-17 22:51:14
10:44:57,9.36,0.0,27,25272,卖盘,000905,2025-10-17 22:51:14
10:45:00,9.36,0.0,61,57096,卖盘,000905,2025-10-17 22:51:14
10:45:03,9.36,0.0,6,5616,卖盘,000905,2025-10-17 22:51:14
10:45:12,9.36,0.0,40,37440,卖盘,000905,2025-10-17 22:51:14
10:45:21,9.36,0.0,3,2808,卖盘,000905,2025-10-17 22:51:14
10:45:27,9.36,0.0,2,1872,卖盘,000905,2025-10-17 22:51:14
10:45:30,9.36,0.0,5,4680,卖盘,000905,2025-10-17 22:51:14
10:45:36,9.36,0.0,5,4680,卖盘,000905,2025-10-17 22:51:14
10:45:39,9.36,0.0,112,104832,卖盘,000905,2025-10-17 22:51:14
10:45:45,9.36,0.0,3,2808,卖盘,000905,2025-10-17 22:51:14
10:45:51,9.36,0.0,30,28080,卖盘,000905,2025-10-17 22:51:14
10:45:54,9.36,0.0,5,4680,卖盘,000905,2025-10-17 22:51:14
10:45:57,9.36,0.0,6,5616,卖盘,000905,2025-10-17 22:51:14
10:46:09,9.36,0.0,31,29016,卖盘,000905,2025-10-17 22:51:14
10:46:18,9.36,0.0,10,9360,卖盘,000905,2025-10-17 22:51:14
10:46:21,9.36,0.0,1,936,卖盘,000905,2025-10-17 22:51:14
10:46:30,9.36,0.0,111,103896,卖盘,000905,2025-10-17 22:51:14
10:46:36,9.36,0.0,20,18720,卖盘,000905,2025-10-17 22:51:14
10:46:39,9.36,0.0,5,4680,卖盘,000905,2025-10-17 22:51:14
10:46:45,9.36,0.0,33,30888,卖盘,000905,2025-10-17 22:51:14
10:46:48,9.36,0.0,7,6552,卖盘,000905,2025-10-17 22:51:14
10:46:54,9.36,0.0,40,37440,卖盘,000905,2025-10-17 22:51:14
10:46:57,9.36,0.0,3,2808,卖盘,000905,2025-10-17 22:51:14
10:47:00,9.36,0.0,14,13104,卖盘,000905,2025-10-17 22:51:14
10:47:03,9.36,0.0,5,4680,卖盘,000905,2025-10-17 22:51:14
10:47:06,9.36,0.0,60,56160,卖盘,000905,2025-10-17 22:51:14
10:47:15,9.36,0.0,50,46800,卖盘,000905,2025-10-17 22:51:14
10:47:18,9.36,0.0,5,4680,卖盘,000905,2025-10-17 22:51:14
10:47:21,9.36,0.0,16,14976,卖盘,000905,2025-10-17 22:51:14
10:47:24,9.36,0.0,110,102960,卖盘,000905,2025-10-17 22:51:14
10:47:30,9.36,0.0,6,5616,卖盘,000905,2025-10-17 22:51:14
10:47:36,9.36,0.0,50,46800,卖盘,000905,2025-10-17 22:51:14
10:47:39,9.36,0.0,10,9360,卖盘,000905,2025-10-17 22:51:14
10:47:42,9.36,0.0,20,18720,卖盘,000905,2025-10-17 22:51:14
10:47:51,9.36,0.0,104,97344,卖盘,000905,2025-10-17 22:51:14
10:47:54,9.36,0.0,23,21528,卖盘,000905,2025-10-17 22:51:14
10:47:57,9.36,0.0,4,3744,卖盘,000905,2025-10-17 22:51:14
10:48:03,9.36,0.0,18,16848,卖盘,000905,2025-10-17 22:51:14
10:48:09,9.36,0.0,206,192816,卖盘,000905,2025-10-17 22:51:14
10:48:12,9.36,0.0,11,10296,卖盘,000905,2025-10-17 22:51:14
10:48:15,9.36,0.0,1,936,卖盘,000905,2025-10-17 22:51:14
10:48:18,9.36,0.0,10,9360,卖盘,000905,2025-10-17 22:51:14
10:48:24,9.36,0.0,50,46800,卖盘,000905,2025-10-17 22:51:14
10:48:33,9.36,0.0,20,18720,卖盘,000905,2025-10-17 22:51:14
10:48:54,9.36,0.0,83,77688,卖盘,000905,2025-10-17 22:51:14
10:48:57,9.36,0.0,53,49608,卖盘,000905,2025-10-17 22:51:14
10:49:00,9.36,0.0,72,67392,卖盘,000905,2025-10-17 22:51:14
10:49:06,9.36,0.0,11,10296,卖盘,000905,2025-10-17 22:51:14
10:49:12,9.36,0.0,5,4680,卖盘,000905,2025-10-17 22:51:14
10:49:15,9.36,0.0,2,1872,卖盘,000905,2025-10-17 22:51:14
10:49:21,9.36,0.0,1,936,卖盘,000905,2025-10-17 22:51:14
10:49:27,9.36,0.0,205,191880,卖盘,000905,2025-10-17 22:51:14
10:49:33,9.36,0.0,25,23400,卖盘,000905,2025-10-17 22:51:14
10:49:36,9.36,0.0,65,60840,卖盘,000905,2025-10-17 22:51:14
10:49:39,9.36,0.0,25,23400,卖盘,000905,2025-10-17 22:51:14
10:49:42,9.36,0.0,3,2808,卖盘,000905,2025-10-17 22:51:14
10:49:48,9.36,0.0,190,177840,卖盘,000905,2025-10-17 22:51:14
10:49:57,9.36,0.0,12,11232,卖盘,000905,2025-10-17 22:51:14
10:50:15,9.36,0.0,29,27144,卖盘,000905,2025-10-17 22:51:14
10:50:18,9.36,0.0,8,7488,卖盘,000905,2025-10-17 22:51:14
10:50:21,9.36,0.0,9,8424,卖盘,000905,2025-10-17 22:51:14
10:50:24,9.36,0.0,67,62712,卖盘,000905,2025-10-17 22:51:14
10:50:30,9.36,0.0,43,40248,卖盘,000905,2025-10-17 22:51:14
10:50:33,9.36,0.0,14,13104,卖盘,000905,2025-10-17 22:51:14
10:50:36,9.36,0.0,25,23400,卖盘,000905,2025-10-17 22:51:14
10:50:39,9.36,0.0,26,24336,卖盘,000905,2025-10-17 22:51:14
10:50:42,9.36,0.0,417,390312,卖盘,000905,2025-10-17 22:51:14
10:50:45,9.36,0.0,2,1872,卖盘,000905,2025-10-17 22:51:14
10:50:51,9.36,0.0,2,1872,卖盘,000905,2025-10-17 22:51:14
10:51:06,9.36,0.0,4,3744,卖盘,000905,2025-10-17 22:51:14
10:51:09,9.36,0.0,5,4680,卖盘,000905,2025-10-17 22:51:14
10:51:15,9.36,0.0,56,52416,卖盘,000905,2025-10-17 22:51:14
10:51:18,9.36,0.0,6,5616,卖盘,000905,2025-10-17 22:51:14
10:51:24,9.36,0.0,14,13104,卖盘,000905,2025-10-17 22:51:14
10:51:27,9.36,0.0,24,22464,卖盘,000905,2025-10-17 22:51:14
10:51:33,9.36,0.0,2,1872,卖盘,000905,2025-10-17 22:51:14
10:51:45,9.36,0.0,35,32760,卖盘,000905,2025-10-17 22:51:14
10:51:48,9.36,0.0,1,936,卖盘,000905,2025-10-17 22:51:14
10:52:03,9.36,0.0,21,19656,卖盘,000905,2025-10-17 22:51:14
10:52:09,9.36,0.0,1,936,卖盘,000905,2025-10-17 22:51:14
10:52:18,9.36,0.0,1,936,卖盘,000905,2025-10-17 22:51:14
10:52:33,9.36,0.0,50,46800,卖盘,000905,2025-10-17 22:51:14
10:52:36,9.36,0.0,16,14976,卖盘,000905,2025-10-17 22:51:14
10:52:39,9.36,0.0,15,14040,卖盘,000905,2025-10-17 22:51:14
10:52:45,9.36,0.0,17,15912,卖盘,000905,2025-10-17 22:51:14
10:53:00,9.36,0.0,2,1872,卖盘,000905,2025-10-17 22:51:14
10:53:03,9.36,0.0,98,91728,卖盘,000905,2025-10-17 22:51:14
10:53:09,9.36,0.0,1,936,卖盘,000905,2025-10-17 22:51:14
10:53:12,9.36,0.0,12,11232,卖盘,000905,2025-10-17 22:51:14
10:53:30,9.36,0.0,10,9360,卖盘,000905,2025-10-17 22:51:14
10:53:42,9.36,0.0,23,21528,卖盘,000905,2025-10-17 22:51:14
10:53:51,9.36,0.0,7,6552,卖盘,000905,2025-10-17 22:51:14
10:54:00,9.36,0.0,32,29952,卖盘,000905,2025-10-17 22:51:14
10:54:06,9.36,0.0,6,5616,卖盘,000905,2025-10-17 22:51:14
10:54:12,9.36,0.0,1,936,卖盘,000905,2025-10-17 22:51:14
10:54:39,9.36,0.0,133,124488,卖盘,000905,2025-10-17 22:51:14
10:54:45,9.36,0.0,11,10296,卖盘,000905,2025-10-17 22:51:14
10:54:51,9.36,0.0,10,9360,卖盘,000905,2025-10-17 22:51:14
10:55:00,9.36,0.0,28,26208,卖盘,000905,2025-10-17 22:51:14
10:55:09,9.36,0.0,1,936,卖盘,000905,2025-10-17 22:51:14
10:55:18,9.36,0.0,20,18720,卖盘,000905,2025-10-17 22:51:14
10:55:30,9.36,0.0,15,14040,卖盘,000905,2025-10-17 22:51:14
10:55:39,9.36,0.0,11,10296,卖盘,000905,2025-10-17 22:51:14
10:55:42,9.36,0.0,1,936,卖盘,000905,2025-10-17 22:51:14
10:55:51,9.36,0.0,15,14040,卖盘,000905,2025-10-17 22:51:14
10:56:03,9.36,0.0,12,11232,卖盘,000905,2025-10-17 22:51:14
10:56:12,9.36,0.0,4,3744,卖盘,000905,2025-10-17 22:51:14
10:56:24,9.36,0.0,4,3744,卖盘,000905,2025-10-17 22:51:14
10:56:27,9.36,0.0,51,47736,卖盘,000905,2025-10-17 22:51:14
10:56:30,9.36,0.0,18,16848,卖盘,000905,2025-10-17 22:51:14
10:56:39,9.36,0.0,5,4680,卖盘,000905,2025-10-17 22:51:14
10:56:51,9.36,0.0,11,10296,卖盘,000905,2025-10-17 22:51:14
10:56:54,9.36,0.0,3,2808,卖盘,000905,2025-10-17 22:51:14
10:57:21,9.36,0.0,3,2808,卖盘,000905,2025-10-17 22:51:14
10:57:24,9.36,0.0,11,10296,卖盘,000905,2025-10-17 22:51:14
10:57:33,9.36,0.0,37,34632,卖盘,000905,2025-10-17 22:51:14
10:57:39,9.36,0.0,20,18720,卖盘,000905,2025-10-17 22:51:14
10:57:54,9.36,0.0,20,18720,卖盘,000905,2025-10-17 22:51:14
10:57:57,9.36,0.0,50,46800,卖盘,000905,2025-10-17 22:51:14
10:58:00,9.36,0.0,300,280800,卖盘,000905,2025-10-17 22:51:14
10:58:03,9.36,0.0,20,18720,卖盘,000905,2025-10-17 22:51:14
10:58:24,9.36,0.0,2,1872,卖盘,000905,2025-10-17 22:51:14
10:58:27,9.36,0.0,40,37440,卖盘,000905,2025-10-17 22:51:14
10:58:36,9.36,0.0,68,63648,卖盘,000905,2025-10-17 22:51:14
10:58:45,9.36,0.0,34,31824,卖盘,000905,2025-10-17 22:51:14
10:58:54,9.36,0.0,144,134784,卖盘,000905,2025-10-17 22:51:14
10:58:57,9.36,0.0,30,28080,卖盘,000905,2025-10-17 22:51:14
10:59:00,9.36,0.0,11,10296,卖盘,000905,2025-10-17 22:51:14
10:59:09,9.36,0.0,32,29952,卖盘,000905,2025-10-17 22:51:14
10:59:12,9.36,0.0,300,280800,卖盘,000905,2025-10-17 22:51:14
10:59:15,9.36,0.0,400,374400,卖盘,000905,2025-10-17 22:51:14
10:59:24,9.36,0.0,10,9360,卖盘,000905,2025-10-17 22:51:14
10:59:27,9.36,0.0,53,49608,卖盘,000905,2025-10-17 22:51:14
10:59:42,9.36,0.0,3,2808,卖盘,000905,2025-10-17 22:51:14
10:59:48,9.36,0.0,11,10296,卖盘,000905,2025-10-17 22:51:14
10:59:57,9.36,0.0,103,96408,卖盘,000905,2025-10-17 22:51:14
11:00:00,9.36,0.0,2,1872,卖盘,000905,2025-10-17 22:51:14
11:00:03,9.36,0.0,40,37440,卖盘,000905,2025-10-17 22:51:14
11:00:06,9.36,0.0,8,7488,卖盘,000905,2025-10-17 22:51:14
11:00:15,9.36,0.0,10,9360,卖盘,000905,2025-10-17 22:51:14
11:00:18,9.36,0.0,50,46800,卖盘,000905,2025-10-17 22:51:14
11:00:27,9.36,0.0,103,96408,卖盘,000905,2025-10-17 22:51:14
11:00:30,9.36,0.0,10,9360,卖盘,000905,2025-10-17 22:51:14
11:00:42,9.36,0.0,33,30888,卖盘,000905,2025-10-17 22:51:14
11:00:45,9.36,0.0,10,9360,卖盘,000905,2025-10-17 22:51:14
11:00:51,9.36,0.0,1,936,卖盘,000905,2025-10-17 22:51:14
11:00:54,9.36,0.0,50,46800,卖盘,000905,2025-10-17 22:51:14
11:01:00,9.36,0.0,2,1872,卖盘,000905,2025-10-17 22:51:14
11:01:06,9.36,0.0,1,936,卖盘,000905,2025-10-17 22:51:14
11:01:12,9.36,0.0,30,28080,卖盘,000905,2025-10-17 22:51:14
11:01:39,9.36,0.0,6,5616,卖盘,000905,2025-10-17 22:51:14
11:01:42,9.36,0.0,12,11232,卖盘,000905,2025-10-17 22:51:14
11:01:54,9.36,0.0,20,18720,卖盘,000905,2025-10-17 22:51:14
11:02:12,9.36,0.0,6,5616,卖盘,000905,2025-10-17 22:51:14
11:02:15,9.36,0.0,5,4680,卖盘,000905,2025-10-17 22:51:14
11:02:18,9.36,0.0,10,9360,卖盘,000905,2025-10-17 22:51:14
11:02:21,9.36,0.0,5,4680,卖盘,000905,2025-10-17 22:51:14
11:02:27,9.36,0.0,2,1872,卖盘,000905,2025-10-17 22:51:14
11:02:30,9.36,0.0,38,35568,卖盘,000905,2025-10-17 22:51:14
11:02:36,9.36,0.0,4,3744,卖盘,000905,2025-10-17 22:51:14
11:02:48,9.36,0.0,10,9360,卖盘,000905,2025-10-17 22:51:14
11:02:51,9.36,0.0,1,936,卖盘,000905,2025-10-17 22:51:14
11:03:00,9.36,0.0,7,6552,卖盘,000905,2025-10-17 22:51:14
11:03:06,9.36,0.0,4,3744,卖盘,000905,2025-10-17 22:51:14
11:03:09,9.36,0.0,1,936,卖盘,000905,2025-10-17 22:51:14
11:03:12,9.36,0.0,1,936,卖盘,000905,2025-10-17 22:51:14
11:03:21,9.36,0.0,11,10296,卖盘,000905,2025-10-17 22:51:14
11:03:39,9.36,0.0,2,1872,卖盘,000905,2025-10-17 22:51:14
11:03:57,9.36,0.0,1,936,卖盘,000905,2025-10-17 22:51:14
11:04:00,9.36,0.0,128,119808,卖盘,000905,2025-10-17 22:51:14
11:04:15,9.36,0.0,19,17784,卖盘,000905,2025-10-17 22:51:14
11:04:21,9.36,0.0,5,4680,卖盘,000905,2025-10-17 22:51:14
11:04:30,9.36,0.0,3,2808,卖盘,000905,2025-10-17 22:51:14
11:04:36,9.36,0.0,15,14040,卖盘,000905,2025-10-17 22:51:14
11:04:45,9.36,0.0,320,299520,卖盘,000905,2025-10-17 22:51:14
11:04:48,9.36,0.0,27,25272,卖盘,000905,2025-10-17 22:51:14
11:04:54,9.36,0.0,1,936,卖盘,000905,2025-10-17 22:51:14
11:05:12,9.36,0.0,15,14040,卖盘,000905,2025-10-17 22:51:14
11:05:24,9.36,0.0,3,2808,卖盘,000905,2025-10-17 22:51:14
11:05:27,9.36,0.0,8,7488,卖盘,000905,2025-10-17 22:51:14
11:05:30,9.36,0.0,116,108576,卖盘,000905,2025-10-17 22:51:14
11:05:33,9.36,0.0,12,11232,卖盘,000905,2025-10-17 22:51:14
11:05:42,9.36,0.0,6,5616,卖盘,000905,2025-10-17 22:51:14
11:05:48,9.36,0.0,30,28080,卖盘,000905,2025-10-17 22:51:14
11:05:51,9.36,0.0,2,1872,卖盘,000905,2025-10-17 22:51:14
11:05:54,9.36,0.0,2,1872,卖盘,000905,2025-10-17 22:51:14
11:06:09,9.36,0.0,48,44928,卖盘,000905,2025-10-17 22:51:14
11:06:33,9.36,0.0,11,10296,卖盘,000905,2025-10-17 22:51:14
11:06:36,9.36,0.0,4,3744,卖盘,000905,2025-10-17 22:51:14
11:06:45,9.36,0.0,20,18720,卖盘,000905,2025-10-17 22:51:14
11:06:54,9.36,0.0,38,35568,卖盘,000905,2025-10-17 22:51:14
11:07:03,9.36,0.0,3,2808,卖盘,000905,2025-10-17 22:51:14
11:08:06,9.36,0.0,30,28080,卖盘,000905,2025-10-17 22:51:14
11:08:12,9.36,0.0,20,18720,卖盘,000905,2025-10-17 22:51:14
11:08:21,9.36,0.0,10,9360,卖盘,000905,2025-10-17 22:51:14
11:08:27,9.36,0.0,2,1872,卖盘,000905,2025-10-17 22:51:14
11:08:54,9.36,0.0,27,25272,卖盘,000905,2025-10-17 22:51:14
11:08:57,9.36,0.0,1,936,卖盘,000905,2025-10-17 22:51:14
11:09:03,9.36,0.0,21,19656,卖盘,000905,2025-10-17 22:51:14
11:09:09,9.36,0.0,5,4680,卖盘,000905,2025-10-17 22:51:14
11:09:27,9.36,0.0,10,9360,卖盘,000905,2025-10-17 22:51:14
11:09:30,9.36,0.0,10,9360,卖盘,000905,2025-10-17 22:51:14
11:09:45,9.36,0.0,10,9360,卖盘,000905,2025-10-17 22:51:14
11:09:57,9.36,0.0,37,34632,卖盘,000905,2025-10-17 22:51:14
11:10:03,9.36,0.0,5,4680,卖盘,000905,2025-10-17 22:51:14
11:10:06,9.36,0.0,43,40248,卖盘,000905,2025-10-17 22:51:14
11:10:12,9.36,0.0,4,3744,卖盘,000905,2025-10-17 22:51:14
11:10:18,9.36,0.0,1,936,卖盘,000905,2025-10-17 22:51:14
11:10:21,9.36,0.0,33,30888,卖盘,000905,2025-10-17 22:51:14
11:10:33,9.36,0.0,37,34632,卖盘,000905,2025-10-17 22:51:14
11:10:36,9.36,0.0,10,9360,卖盘,000905,2025-10-17 22:51:14
11:10:42,9.36,0.0,41,38376,卖盘,000905,2025-10-17 22:51:14
11:10:45,9.36,0.0,9,8424,卖盘,000905,2025-10-17 22:51:14
11:11:00,9.36,0.0,300,280800,卖盘,000905,2025-10-17 22:51:14
11:11:03,9.36,0.0,21,19656,卖盘,000905,2025-10-17 22:51:14
11:11:27,9.36,0.0,24,22464,卖盘,000905,2025-10-17 22:51:14
11:11:39,9.36,0.0,30,28080,卖盘,000905,2025-10-17 22:51:14
11:11:42,9.36,0.0,100,93600,卖盘,000905,2025-10-17 22:51:14
11:12:00,9.36,0.0,110,102960,卖盘,000905,2025-10-17 22:51:14
11:12:12,9.36,0.0,10,9360,卖盘,000905,2025-10-17 22:51:14
11:12:21,9.36,0.0,10,9360,卖盘,000905,2025-10-17 22:51:14
11:12:27,9.36,0.0,4,3744,卖盘,000905,2025-10-17 22:51:14
11:12:30,9.36,0.0,20,18720,卖盘,000905,2025-10-17 22:51:14
11:12:36,9.36,0.0,772,722592,卖盘,000905,2025-10-17 22:51:14
11:12:39,9.36,0.0,26,24336,卖盘,000905,2025-10-17 22:51:14
11:12:42,9.36,0.0,6,5616,卖盘,000905,2025-10-17 22:51:14
11:12:51,9.36,0.0,5,4680,卖盘,000905,2025-10-17 22:51:14
11:13:00,9.36,0.0,100,93600,卖盘,000905,2025-10-17 22:51:14
11:13:03,9.36,0.0,5,4680,卖盘,000905,2025-10-17 22:51:14
11:13:09,9.36,0.0,15,14040,卖盘,000905,2025-10-17 22:51:14
11:13:15,9.36,0.0,100,93600,卖盘,000905,2025-10-17 22:51:14
11:13:18,9.36,0.0,205,191880,卖盘,000905,2025-10-17 22:51:14
11:13:24,9.36,0.0,1,936,卖盘,000905,2025-10-17 22:51:14
11:13:48,9.36,0.0,3,2808,卖盘,000905,2025-10-17 22:51:14
11:14:00,9.36,0.0,3,2808,卖盘,000905,2025-10-17 22:51:14
11:14:03,9.36,0.0,43,40248,卖盘,000905,2025-10-17 22:51:14
11:14:24,9.36,0.0,49,45864,卖盘,000905,2025-10-17 22:51:14
11:14:36,9.36,0.0,8,7488,卖盘,000905,2025-10-17 22:51:14
11:14:39,9.36,0.0,20,18720,卖盘,000905,2025-10-17 22:51:14
11:14:42,9.36,0.0,32,29952,卖盘,000905,2025-10-17 22:51:14
11:14:51,9.36,0.0,20,18720,卖盘,000905,2025-10-17 22:51:14
11:15:00,9.36,0.0,10,9360,卖盘,000905,2025-10-17 22:51:14
11:15:06,9.36,0.0,200,187200,卖盘,000905,2025-10-17 22:51:14
11:15:09,9.36,0.0,2,1872,卖盘,000905,2025-10-17 22:51:14
11:15:12,9.36,0.0,31,29016,卖盘,000905,2025-10-17 22:51:14
11:15:21,9.36,0.0,5,4680,卖盘,000905,2025-10-17 22:51:14
11:15:24,9.36,0.0,6,5616,卖盘,000905,2025-10-17 22:51:14
11:15:27,9.36,0.0,5,4680,卖盘,000905,2025-10-17 22:51:14
11:15:54,9.36,0.0,3,2808,卖盘,000905,2025-10-17 22:51:14
11:16:00,9.36,0.0,3,2808,卖盘,000905,2025-10-17 22:51:14
11:16:03,9.36,0.0,35,32760,卖盘,000905,2025-10-17 22:51:14
11:16:06,9.36,0.0,13,12168,卖盘,000905,2025-10-17 22:51:14
11:16:12,9.36,0.0,11,10296,卖盘,000905,2025-10-17 22:51:14
11:16:15,9.36,0.0,371,347256,卖盘,000905,2025-10-17 22:51:14
11:16:27,9.36,0.0,10,9360,卖盘,000905,2025-10-17 22:51:14
11:16:33,9.36,0.0,302,282672,卖盘,000905,2025-10-17 22:51:14
11:16:39,9.36,0.0,1,936,卖盘,000905,2025-10-17 22:51:14
11:16:42,9.36,0.0,15,14040,卖盘,000905,2025-10-17 22:51:14
11:16:45,9.36,0.0,5,4680,卖盘,000905,2025-10-17 22:51:14
11:16:48,9.36,0.0,22,20592,卖盘,000905,2025-10-17 22:51:14
11:16:51,9.36,0.0,20,18720,卖盘,000905,2025-10-17 22:51:14
11:16:57,9.36,0.0,1,936,卖盘,000905,2025-10-17 22:51:14
11:17:00,9.36,0.0,20,18720,卖盘,000905,2025-10-17 22:51:14
11:17:03,9.36,0.0,20,18720,卖盘,000905,2025-10-17 22:51:14
11:17:09,9.36,0.0,2,1872,卖盘,000905,2025-10-17 22:51:14
11:17:12,9.36,0.0,5,4680,卖盘,000905,2025-10-17 22:51:14
11:17:15,9.36,0.0,1,936,卖盘,000905,2025-10-17 22:51:14
11:17:21,9.36,0.0,6,5616,卖盘,000905,2025-10-17 22:51:14
11:17:27,9.36,0.0,20,18720,卖盘,000905,2025-10-17 22:51:14
11:17:33,9.36,0.0,7,6552,卖盘,000905,2025-10-17 22:51:14
11:17:42,9.36,0.0,1,936,卖盘,000905,2025-10-17 22:51:14
11:17:45,9.36,0.0,50,46800,卖盘,000905,2025-10-17 22:51:14
11:17:48,9.36,0.0,3,2808,卖盘,000905,2025-10-17 22:51:14
11:18:00,9.36,0.0,15,14040,卖盘,000905,2025-10-17 22:51:14
11:18:06,9.36,0.0,6,5616,卖盘,000905,2025-10-17 22:51:14
11:18:09,9.36,0.0,1,936,卖盘,000905,2025-10-17 22:51:14
11:18:12,9.36,0.0,42,39312,卖盘,000905,2025-10-17 22:51:14
11:18:15,9.36,0.0,5,4680,卖盘,000905,2025-10-17 22:51:14
11:18:21,9.36,0.0,388,363168,卖盘,000905,2025-10-17 22:51:14
11:18:42,9.36,0.0,19,17784,卖盘,000905,2025-10-17 22:51:14
11:18:45,9.36,0.0,42,39312,卖盘,000905,2025-10-17 22:51:14
11:18:57,9.36,0.0,5,4680,卖盘,000905,2025-10-17 22:51:14
11:19:12,9.36,0.0,20,18720,卖盘,000905,2025-10-17 22:51:14
11:19:15,9.36,0.0,31,29016,卖盘,000905,2025-10-17 22:51:14
11:19:24,9.36,0.0,100,93600,卖盘,000905,2025-10-17 22:51:14
11:19:27,9.36,0.0,10,9360,卖盘,000905,2025-10-17 22:51:14
11:19:33,9.36,0.0,10,9360,卖盘,000905,2025-10-17 22:51:14
11:19:39,9.36,0.0,7,6552,卖盘,000905,2025-10-17 22:51:14
11:19:57,9.36,0.0,6,5616,卖盘,000905,2025-10-17 22:51:14
11:20:09,9.36,0.0,2,1872,卖盘,000905,2025-10-17 22:51:14
11:20:12,9.36,0.0,8,7488,卖盘,000905,2025-10-17 22:51:14
11:20:21,9.36,0.0,10,9360,卖盘,000905,2025-10-17 22:51:14
11:20:24,9.36,0.0,34,31824,卖盘,000905,2025-10-17 22:51:14
11:20:39,9.36,0.0,11,10296,卖盘,000905,2025-10-17 22:51:14
11:20:42,9.36,0.0,10,9360,卖盘,000905,2025-10-17 22:51:14
11:20:45,9.36,0.0,127,118872,卖盘,000905,2025-10-17 22:51:14
11:20:51,9.36,0.0,5,4680,卖盘,000905,2025-10-17 22:51:14
11:20:54,9.36,0.0,3,2808,卖盘,000905,2025-10-17 22:51:14
11:21:15,9.36,0.0,106,99216,卖盘,000905,2025-10-17 22:51:14
11:21:27,9.36,0.0,242,226512,卖盘,000905,2025-10-17 22:51:14
11:21:33,9.36,0.0,2,1872,卖盘,000905,2025-10-17 22:51:14
11:21:48,9.36,0.0,10,9360,卖盘,000905,2025-10-17 22:51:14
11:21:51,9.36,0.0,70,65520,卖盘,000905,2025-10-17 22:51:14
11:22:00,9.36,0.0,50,46800,卖盘,000905,2025-10-17 22:51:14
11:22:09,9.36,0.0,50,46800,卖盘,000905,2025-10-17 22:51:14
11:22:15,9.36,0.0,8,7488,卖盘,000905,2025-10-17 22:51:14
11:22:39,9.36,0.0,696,651456,卖盘,000905,2025-10-17 22:51:14
11:23:21,9.36,0.0,10,9360,卖盘,000905,2025-10-17 22:51:14
11:23:24,9.36,0.0,5,4680,卖盘,000905,2025-10-17 22:51:14
11:23:36,9.36,0.0,7,6552,卖盘,000905,2025-10-17 22:51:14
11:23:42,9.36,0.0,2,1872,卖盘,000905,2025-10-17 22:51:14
11:23:54,9.36,0.0,21,19656,卖盘,000905,2025-10-17 22:51:14
11:23:57,9.36,0.0,8,7488,卖盘,000905,2025-10-17 22:51:14
11:24:33,9.36,0.0,4,3744,卖盘,000905,2025-10-17 22:51:14
11:24:48,9.36,0.0,129,120744,卖盘,000905,2025-10-17 22:51:14
11:24:51,9.36,0.0,27,25272,卖盘,000905,2025-10-17 22:51:14
11:25:12,9.36,0.0,10,9360,卖盘,000905,2025-10-17 22:51:14
11:25:27,9.36,0.0,3,2808,卖盘,000905,2025-10-17 22:51:14
11:25:30,9.36,0.0,13,12168,卖盘,000905,2025-10-17 22:51:14
11:25:51,9.36,0.0,150,140400,卖盘,000905,2025-10-17 22:51:14
11:25:54,9.36,0.0,10,9360,卖盘,000905,2025-10-17 22:51:14
11:26:09,9.36,0.0,10,9360,卖盘,000905,2025-10-17 22:51:14
11:26:18,9.36,0.0,134,125424,卖盘,000905,2025-10-17 22:51:14
11:26:21,9.36,0.0,3,2808,卖盘,000905,2025-10-17 22:51:14
11:26:30,9.36,0.0,4,3744,卖盘,000905,2025-10-17 22:51:14
11:26:33,9.36,0.0,2,1872,卖盘,000905,2025-10-17 22:51:14
11:26:54,9.36,0.0,3,2808,卖盘,000905,2025-10-17 22:51:14
11:27:15,9.36,0.0,20,18720,卖盘,000905,2025-10-17 22:51:14
11:27:27,9.36,0.0,52,48672,卖盘,000905,2025-10-17 22:51:14
11:27:30,9.36,0.0,5,4680,卖盘,000905,2025-10-17 22:51:14
11:27:33,9.36,0.0,50,46800,卖盘,000905,2025-10-17 22:51:14
11:27:36,9.36,0.0,6,5616,卖盘,000905,2025-10-17 22:51:14
11:27:45,9.36,0.0,5,4680,卖盘,000905,2025-10-17 22:51:14
11:27:54,9.36,0.0,4,3744,卖盘,000905,2025-10-17 22:51:14
11:28:18,9.36,0.0,10,9360,卖盘,000905,2025-10-17 22:51:14
11:28:27,9.36,0.0,39,36504,卖盘,000905,2025-10-17 22:51:14
11:28:54,9.36,0.0,1,936,卖盘,000905,2025-10-17 22:51:14
11:29:12,9.36,0.0,10,9360,卖盘,000905,2025-10-17 22:51:14
11:29:33,9.36,0.0,10,9360,卖盘,000905,2025-10-17 22:51:14
11:29:36,9.36,0.0,33,30888,卖盘,000905,2025-10-17 22:51:14
11:29:45,9.36,0.0,22,20592,卖盘,000905,2025-10-17 22:51:14
13:00:00,9.36,0.0,1199,1122358,卖盘,000905,2025-10-17 22:51:14
13:00:03,9.36,0.0,2313,2164968,卖盘,000905,2025-10-17 22:51:14
13:00:06,9.36,0.0,87,81432,卖盘,000905,2025-10-17 22:51:14
13:00:09,9.36,0.0,22,20592,卖盘,000905,2025-10-17 22:51:14
13:00:15,9.36,0.0,2,1872,卖盘,000905,2025-10-17 22:51:14
13:00:24,9.36,0.0,10,9360,卖盘,000905,2025-10-17 22:51:14
13:00:30,9.36,0.0,13,12168,卖盘,000905,2025-10-17 22:51:14
13:00:36,9.36,0.0,50,46800,卖盘,000905,2025-10-17 22:51:14
13:00:39,9.36,0.0,2,1872,卖盘,000905,2025-10-17 22:51:14
13:00:45,9.36,0.0,10,9360,卖盘,000905,2025-10-17 22:51:14
13:00:48,9.36,0.0,5,4680,卖盘,000905,2025-10-17 22:51:14
13:00:57,9.36,0.0,180,168480,卖盘,000905,2025-10-17 22:51:14
13:01:03,9.36,0.0,180,168480,卖盘,000905,2025-10-17 22:51:14
13:01:15,9.36,0.0,35,32760,卖盘,000905,2025-10-17 22:51:14
13:01:21,9.36,0.0,10,9360,卖盘,000905,2025-10-17 22:51:14
13:01:24,9.36,0.0,25,23400,卖盘,000905,2025-10-17 22:51:14
13:01:39,9.36,0.0,520,486720,卖盘,000905,2025-10-17 22:51:14
13:01:42,9.36,0.0,19,17784,卖盘,000905,2025-10-17 22:51:14
13:01:48,9.36,0.0,38,35568,卖盘,000905,2025-10-17 22:51:14
13:01:51,9.36,0.0,11,10296,卖盘,000905,2025-10-17 22:51:14
13:01:57,9.36,0.0,32,29952,卖盘,000905,2025-10-17 22:51:14
13:02:06,9.36,0.0,22,20592,卖盘,000905,2025-10-17 22:51:14
13:02:18,9.36,0.0,50,46800,卖盘,000905,2025-10-17 22:51:14
13:02:24,9.36,0.0,10,9360,卖盘,000905,2025-10-17 22:51:14
13:02:27,9.36,0.0,28,26040,卖盘,000905,2025-10-17 22:51:14
13:02:30,9.36,0.0,6,5616,卖盘,000905,2025-10-17 22:51:14
13:02:33,9.36,0.0,14,13104,卖盘,000905,2025-10-17 22:51:14
13:02:36,9.36,0.0,8,7488,卖盘,000905,2025-10-17 22:51:14
13:02:42,9.36,0.0,5,4680,卖盘,000905,2025-10-17 22:51:14
13:02:45,9.36,0.0,13,12168,卖盘,000905,2025-10-17 22:51:14
13:02:51,9.36,0.0,30,28080,卖盘,000905,2025-10-17 22:51:14
13:03:00,9.36,0.0,2,1872,卖盘,000905,2025-10-17 22:51:14
13:03:12,9.36,0.0,30,28080,卖盘,000905,2025-10-17 22:51:14
13:03:15,9.36,0.0,7,6552,卖盘,000905,2025-10-17 22:51:14
13:03:24,9.36,0.0,12,11232,卖盘,000905,2025-10-17 22:51:14
13:03:27,9.36,0.0,40,37440,卖盘,000905,2025-10-17 22:51:14
13:03:33,9.36,0.0,40,37440,卖盘,000905,2025-10-17 22:51:14
13:03:39,9.36,0.0,14,13104,卖盘,000905,2025-10-17 22:51:14
13:03:42,9.36,0.0,50,46800,卖盘,000905,2025-10-17 22:51:14
13:04:00,9.36,0.0,58,54288,卖盘,000905,2025-10-17 22:51:14
13:04:03,9.36,0.0,142,132912,卖盘,000905,2025-10-17 22:51:14
13:04:06,9.36,0.0,23,21528,卖盘,000905,2025-10-17 22:51:14
13:04:09,9.36,0.0,20,18720,卖盘,000905,2025-10-17 22:51:14
13:04:15,9.36,0.0,2,1872,卖盘,000905,2025-10-17 22:51:14
13:04:18,9.36,0.0,20,18720,卖盘,000905,2025-10-17 22:51:14
13:04:24,9.36,0.0,3,2808,卖盘,000905,2025-10-17 22:51:14
13:04:27,9.36,0.0,12,11232,卖盘,000905,2025-10-17 22:51:14
13:04:30,9.36,0.0,127,118872,卖盘,000905,2025-10-17 22:51:14
13:04:48,9.36,0.0,156,146016,卖盘,000905,2025-10-17 22:51:14
13:04:51,9.36,0.0,10,9360,卖盘,000905,2025-10-17 22:51:14
13:05:03,9.36,0.0,15,14040,卖盘,000905,2025-10-17 22:51:14
13:05:09,9.36,0.0,6,5616,卖盘,000905,2025-10-17 22:51:14
13:05:12,9.36,0.0,25,23400,卖盘,000905,2025-10-17 22:51:14
13:05:15,9.36,0.0,26,24336,卖盘,000905,2025-10-17 22:51:14
13:05:24,9.36,0.0,5,4680,卖盘,000905,2025-10-17 22:51:14
13:05:27,9.36,0.0,40,37440,卖盘,000905,2025-10-17 22:51:14
13:05:30,9.36,0.0,5,4680,卖盘,000905,2025-10-17 22:51:14
13:05:33,9.36,0.0,1,936,卖盘,000905,2025-10-17 22:51:14
13:05:36,9.36,0.0,500,468000,卖盘,000905,2025-10-17 22:51:14
13:05:42,9.36,0.0,43,40248,卖盘,000905,2025-10-17 22:51:14
13:05:48,9.36,0.0,11,10296,卖盘,000905,2025-10-17 22:51:14
13:05:51,9.36,0.0,39,36504,卖盘,000905,2025-10-17 22:51:14
13:05:57,9.36,0.0,50,46800,卖盘,000905,2025-10-17 22:51:14
13:06:06,9.36,0.0,10,9360,卖盘,000905,2025-10-17 22:51:14
13:06:12,9.36,0.0,6,5616,卖盘,000905,2025-10-17 22:51:14
13:06:18,9.36,0.0,100,93600,卖盘,000905,2025-10-17 22:51:14
13:06:27,9.36,0.0,5,4680,卖盘,000905,2025-10-17 22:51:14
13:06:39,9.36,0.0,2,1872,卖盘,000905,2025-10-17 22:51:14
13:06:54,9.36,0.0,10,9360,卖盘,000905,2025-10-17 22:51:14
13:07:00,9.36,0.0,27,25272,卖盘,000905,2025-10-17 22:51:14
13:07:30,9.36,0.0,24,22464,卖盘,000905,2025-10-17 22:51:14
13:07:42,9.36,0.0,68,63648,卖盘,000905,2025-10-17 22:51:14
13:07:54,9.36,0.0,43,40248,卖盘,000905,2025-10-17 22:51:14
13:07:57,9.36,0.0,30,28080,卖盘,000905,2025-10-17 22:51:14
13:08:03,9.36,0.0,60,56160,卖盘,000905,2025-10-17 22:51:14
13:08:06,9.36,0.0,1,936,卖盘,000905,2025-10-17 22:51:14
13:08:09,9.36,0.0,4,3744,卖盘,000905,2025-10-17 22:51:14
13:08:15,9.36,0.0,20,18720,卖盘,000905,2025-10-17 22:51:14
13:08:18,9.36,0.0,294,275184,卖盘,000905,2025-10-17 22:51:14
13:08:24,9.36,0.0,8,7488,卖盘,000905,2025-10-17 22:51:14
13:08:30,9.36,0.0,35,32760,卖盘,000905,2025-10-17 22:51:14
13:08:36,9.36,0.0,178,166608,卖盘,000905,2025-10-17 22:51:14
13:08:42,9.36,0.0,10,9360,卖盘,000905,2025-10-17 22:51:14
13:08:45,9.36,0.0,25,23400,卖盘,000905,2025-10-17 22:51:14
13:08:48,9.36,0.0,15,14040,卖盘,000905,2025-10-17 22:51:14
13:08:54,9.36,0.0,20,18720,卖盘,000905,2025-10-17 22:51:14
13:09:09,9.36,0.0,64,59904,卖盘,000905,2025-10-17 22:51:14
13:09:18,9.36,0.0,25,23400,卖盘,000905,2025-10-17 22:51:14
13:09:21,9.36,0.0,55,51480,卖盘,000905,2025-10-17 22:51:14
13:09:36,9.36,0.0,23,21528,卖盘,000905,2025-10-17 22:51:14
13:09:45,9.36,0.0,15,14040,卖盘,000905,2025-10-17 22:51:14
13:09:51,9.36,0.0,1,936,卖盘,000905,2025-10-17 22:51:14
13:10:00,9.36,0.0,2,1872,卖盘,000905,2025-10-17 22:51:14
13:10:09,9.36,0.0,7,6552,卖盘,000905,2025-10-17 22:51:14
13:10:15,9.36,0.0,24,22464,卖盘,000905,2025-10-17 22:51:14
13:10:24,9.36,0.0,29,27144,卖盘,000905,2025-10-17 22:51:14
13:10:27,9.36,0.0,4,3744,卖盘,000905,2025-10-17 22:51:14
13:10:30,9.36,0.0,29,27144,卖盘,000905,2025-10-17 22:51:14
13:10:36,9.36,0.0,2,1872,卖盘,000905,2025-10-17 22:51:14
13:10:39,9.36,0.0,18,16848,卖盘,000905,2025-10-17 22:51:14
13:10:42,9.36,0.0,3,2808,卖盘,000905,2025-10-17 22:51:14
13:10:45,9.36,0.0,32,29952,卖盘,000905,2025-10-17 22:51:14
13:10:54,9.36,0.0,20,18720,卖盘,000905,2025-10-17 22:51:14
13:10:57,9.36,0.0,9,8424,卖盘,000905,2025-10-17 22:51:14
13:11:00,9.36,0.0,50,46800,卖盘,000905,2025-10-17 22:51:14
13:11:03,9.36,0.0,40,37440,卖盘,000905,2025-10-17 22:51:14
13:11:06,9.36,0.0,50,46800,卖盘,000905,2025-10-17 22:51:14
13:11:09,9.36,0.0,31,29016,卖盘,000905,2025-10-17 22:51:14
13:11:15,9.36,0.0,132,123552,卖盘,000905,2025-10-17 22:51:14
13:11:18,9.36,0.0,1,936,卖盘,000905,2025-10-17 22:51:14
13:11:36,9.36,0.0,50,46800,卖盘,000905,2025-10-17 22:51:14
13:12:03,9.36,0.0,105,98280,卖盘,000905,2025-10-17 22:51:14
