时间,成交价,价格变动,成交量,成交额,买卖盘性质,股票代码,采集时间
09:25:00,19.96,0.46,65351,130440596,买盘,000969,2025-10-17 22:51:02
09:30:00,20.2,0.24,13820,27766908,买盘,000969,2025-10-17 22:51:02
09:30:03,20.43,0.23,12650,25626916,买盘,000969,2025-10-17 22:51:02
09:30:06,20.29,-0.14,3731,7599981,卖盘,000969,2025-10-17 22:51:02
09:30:09,20.35,0.06,4374,8895274,买盘,000969,2025-10-17 22:51:02
09:30:12,20.44,0.09,3614,7374458,买盘,000969,2025-10-17 22:51:02
09:30:15,20.48,0.04,3739,7655741,买盘,000969,2025-10-17 22:51:02
09:30:18,20.5,0.02,4586,9401403,买盘,000969,2025-10-17 22:51:02
09:30:21,20.52,0.02,3999,8209607,买盘,000969,2025-10-17 22:51:02
09:30:24,20.55,0.03,3610,7417364,卖盘,000969,2025-10-17 22:51:02
09:30:27,20.52,-0.03,8605,17699534,卖盘,000969,2025-10-17 22:51:02
09:30:30,20.48,-0.04,10007,20513966,卖盘,000969,2025-10-17 22:51:02
09:30:33,20.27,-0.21,14306,29194334,卖盘,000969,2025-10-17 22:51:02
09:30:36,20.26,-0.01,2547,5157528,卖盘,000969,2025-10-17 22:51:02
09:30:39,20.18,-0.08,2699,5461492,卖盘,000969,2025-10-17 22:51:02
09:30:42,20.18,0.0,3907,7897460,卖盘,000969,2025-10-17 22:51:02
09:30:45,20.22,0.04,2449,4959116,中性盘,000969,2025-10-17 22:51:02
09:30:48,20.24,0.02,2143,4346201,中性盘,000969,2025-10-17 22:51:02
09:30:51,20.27,0.03,3124,6322227,买盘,000969,2025-10-17 22:51:02
09:30:54,20.13,-0.14,3698,7456215,卖盘,000969,2025-10-17 22:51:02
09:30:57,20.16,0.03,1795,3612849,买盘,000969,2025-10-17 22:51:02
09:31:00,20.0,-0.16,12838,25707436,卖盘,000969,2025-10-17 22:51:02
09:31:03,19.97,-0.03,4535,9068832,卖盘,000969,2025-10-17 22:51:02
09:31:06,19.95,-0.02,9440,18851794,卖盘,000969,2025-10-17 22:51:02
09:31:09,19.92,-0.03,2596,5170498,卖盘,000969,2025-10-17 22:51:02
09:31:12,19.88,-0.04,3659,7267322,卖盘,000969,2025-10-17 22:51:02
09:31:15,19.82,-0.06,6429,12768813,中性盘,000969,2025-10-17 22:51:02
09:31:18,19.91,0.09,6915,13762620,买盘,000969,2025-10-17 22:51:02
09:31:21,19.92,0.01,5180,10330819,中性盘,000969,2025-10-17 22:51:02
09:31:24,20.06,0.14,2408,4805391,买盘,000969,2025-10-17 22:51:02
09:31:27,20.0,-0.06,1147,2295161,中性盘,000969,2025-10-17 22:51:02
09:31:30,20.04,0.04,2699,5405561,中性盘,000969,2025-10-17 22:51:02
09:31:33,20.0,-0.04,1637,3275641,卖盘,000969,2025-10-17 22:51:02
09:31:36,20.03,0.03,1799,3602708,买盘,000969,2025-10-17 22:51:02
09:31:39,20.0,-0.03,3632,7276891,卖盘,000969,2025-10-17 22:51:02
09:31:42,20.17,0.17,2210,4437346,买盘,000969,2025-10-17 22:51:02
09:31:45,20.22,0.05,1765,3551167,买盘,000969,2025-10-17 22:51:02
09:31:48,20.24,0.02,1668,3373754,买盘,000969,2025-10-17 22:51:02
09:31:51,20.23,-0.01,1146,2320759,中性盘,000969,2025-10-17 22:51:02
09:31:54,20.33,0.1,1901,3852540,买盘,000969,2025-10-17 22:51:02
09:31:57,20.36,0.03,1209,2459182,买盘,000969,2025-10-17 22:51:02
09:32:00,20.4,0.04,1019,2076914,买盘,000969,2025-10-17 22:51:02
09:32:03,20.44,0.04,1485,3032765,买盘,000969,2025-10-17 22:51:02
09:32:06,20.44,0.0,1798,3677178,买盘,000969,2025-10-17 22:51:02
09:32:09,20.43,-0.01,3785,7740131,卖盘,000969,2025-10-17 22:51:02
09:32:12,20.43,0.0,3527,7204594,买盘,000969,2025-10-17 22:51:02
09:32:15,20.4,-0.03,4221,8605032,卖盘,000969,2025-10-17 22:51:02
09:32:18,20.34,-0.06,3843,7820768,卖盘,000969,2025-10-17 22:51:02
09:32:21,20.18,-0.16,4500,9109619,卖盘,000969,2025-10-17 22:51:02
09:32:24,20.32,0.14,1499,3034523,买盘,000969,2025-10-17 22:51:02
09:32:27,20.24,-0.08,1171,2373810,买盘,000969,2025-10-17 22:51:02
09:32:30,20.3,0.06,849,1723249,买盘,000969,2025-10-17 22:51:02
09:32:33,20.31,0.01,676,1371451,买盘,000969,2025-10-17 22:51:02
09:32:36,20.32,0.01,820,1666364,买盘,000969,2025-10-17 22:51:02
09:32:39,20.32,0.0,2344,4762408,买盘,000969,2025-10-17 22:51:02
09:32:42,20.37,0.05,3570,7281748,买盘,000969,2025-10-17 22:51:02
09:32:45,20.48,0.11,2952,6032960,买盘,000969,2025-10-17 22:51:02
09:32:48,20.5,0.02,828,1695907,买盘,000969,2025-10-17 22:51:02
09:32:51,20.51,0.01,2162,4432183,买盘,000969,2025-10-17 22:51:02
09:32:54,20.56,0.05,1709,3511089,买盘,000969,2025-10-17 22:51:02
09:32:57,20.6,0.04,1615,3324699,买盘,000969,2025-10-17 22:51:02
09:33:00,20.63,0.03,1933,3986114,买盘,000969,2025-10-17 22:51:02
09:33:03,20.68,0.05,3812,7869490,买盘,000969,2025-10-17 22:51:02
09:33:06,20.69,0.01,2501,5170783,买盘,000969,2025-10-17 22:51:02
09:33:09,20.69,0.0,6783,14013346,买盘,000969,2025-10-17 22:51:02
09:33:12,20.67,-0.02,3488,7199844,卖盘,000969,2025-10-17 22:51:02
09:33:15,20.56,-0.11,1789,3682613,卖盘,000969,2025-10-17 22:51:02
09:33:18,20.46,-0.1,4764,9802651,卖盘,000969,2025-10-17 22:51:02
09:33:21,20.44,-0.02,1929,3949963,中性盘,000969,2025-10-17 22:51:02
09:33:24,20.44,0.0,2191,4488351,卖盘,000969,2025-10-17 22:51:02
09:33:27,20.45,0.01,1234,2525972,买盘,000969,2025-10-17 22:51:02
09:33:30,20.55,0.1,1312,2690971,买盘,000969,2025-10-17 22:51:02
09:33:33,20.6,0.05,821,1688969,买盘,000969,2025-10-17 22:51:02
09:33:36,20.64,0.04,1529,3155542,买盘,000969,2025-10-17 22:51:02
09:33:39,20.67,0.03,1459,3014943,买盘,000969,2025-10-17 22:51:02
09:33:42,20.7,0.03,2875,5947693,买盘,000969,2025-10-17 22:51:02
09:33:45,20.79,0.09,2366,4903010,买盘,000969,2025-10-17 22:51:02
09:33:48,20.79,0.0,1615,3355199,买盘,000969,2025-10-17 22:51:02
09:33:51,20.81,0.02,3945,8205041,买盘,000969,2025-10-17 22:51:02
09:33:54,20.8,-0.01,4282,8913130,卖盘,000969,2025-10-17 22:51:02
09:33:57,20.77,-0.03,4750,9885174,卖盘,000969,2025-10-17 22:51:02
09:34:00,20.7,-0.07,2376,4924560,卖盘,000969,2025-10-17 22:51:02
09:34:03,20.6,-0.1,1798,3713054,卖盘,000969,2025-10-17 22:51:02
09:34:06,20.5,-0.1,1563,3212845,卖盘,000969,2025-10-17 22:51:02
09:34:09,20.56,0.06,3084,6339189,买盘,000969,2025-10-17 22:51:02
09:34:12,20.66,0.1,2753,5656583,买盘,000969,2025-10-17 22:51:02
09:34:15,20.67,0.01,1569,3235689,买盘,000969,2025-10-17 22:51:02
09:34:18,20.67,0.0,2707,5579713,买盘,000969,2025-10-17 22:51:02
09:34:21,20.55,-0.12,2158,4444666,卖盘,000969,2025-10-17 22:51:02
09:34:24,20.56,0.01,3071,6306500,买盘,000969,2025-10-17 22:51:02
09:34:27,20.56,0.0,1763,3625204,买盘,000969,2025-10-17 22:51:02
09:34:30,20.47,-0.09,3089,6341420,卖盘,000969,2025-10-17 22:51:02
09:34:33,20.46,-0.01,1512,3095178,卖盘,000969,2025-10-17 22:51:02
09:34:36,20.46,0.0,1582,3236187,买盘,000969,2025-10-17 22:51:02
09:34:39,20.46,0.0,1318,2694093,买盘,000969,2025-10-17 22:51:02
09:34:42,20.47,0.01,1500,3067370,中性盘,000969,2025-10-17 22:51:02
09:34:45,20.47,0.0,2381,4872480,买盘,000969,2025-10-17 22:51:02
09:34:48,20.46,-0.01,3025,6191109,卖盘,000969,2025-10-17 22:51:02
09:34:51,20.42,-0.04,2100,4296140,卖盘,000969,2025-10-17 22:51:02
09:34:54,20.42,0.0,1376,2808766,买盘,000969,2025-10-17 22:51:02
09:34:57,20.4,-0.02,648,1322170,卖盘,000969,2025-10-17 22:51:02
09:35:00,20.38,-0.02,948,1932058,卖盘,000969,2025-10-17 22:51:02
09:35:03,20.35,-0.03,1150,2340573,卖盘,000969,2025-10-17 22:51:02
09:35:06,20.34,-0.01,1748,3557556,卖盘,000969,2025-10-17 22:51:02
09:35:09,20.37,0.03,1794,3651693,买盘,000969,2025-10-17 22:51:02
09:35:12,20.41,0.04,2120,4323175,买盘,000969,2025-10-17 22:51:02
09:35:15,20.46,0.05,1307,2669804,买盘,000969,2025-10-17 22:51:02
09:35:18,20.48,0.02,3087,6318742,买盘,000969,2025-10-17 22:51:02
09:35:21,20.48,0.0,1946,3984052,买盘,000969,2025-10-17 22:51:02
09:35:24,20.51,0.03,1306,2674651,买盘,000969,2025-10-17 22:51:02
09:35:27,20.53,0.02,1208,2478349,买盘,000969,2025-10-17 22:51:02
09:35:30,20.55,0.02,1278,2624978,买盘,000969,2025-10-17 22:51:02
09:35:33,20.58,0.03,1077,2214754,买盘,000969,2025-10-17 22:51:02
09:35:36,20.61,0.03,1152,2371802,买盘,000969,2025-10-17 22:51:02
09:35:39,20.61,0.0,1347,2775828,买盘,000969,2025-10-17 22:51:02
09:35:42,20.62,0.01,1807,3724636,买盘,000969,2025-10-17 22:51:02
09:35:45,20.58,-0.04,3359,6912035,卖盘,000969,2025-10-17 22:51:02
09:35:48,20.52,-0.06,2646,5431392,卖盘,000969,2025-10-17 22:51:02
09:35:51,20.49,-0.03,1794,3679966,卖盘,000969,2025-10-17 22:51:02
09:35:54,20.45,-0.04,1357,2778002,卖盘,000969,2025-10-17 22:51:02
09:35:57,20.43,-0.02,1151,2351517,卖盘,000969,2025-10-17 22:51:02
09:36:00,20.4,-0.03,1361,2780246,卖盘,000969,2025-10-17 22:51:02
09:36:03,20.34,-0.06,2536,5168607,卖盘,000969,2025-10-17 22:51:02
09:36:06,20.33,-0.01,1499,3050292,卖盘,000969,2025-10-17 22:51:02
09:36:09,20.31,-0.02,1765,3584286,卖盘,000969,2025-10-17 22:51:02
09:36:12,20.29,-0.02,3124,6341386,卖盘,000969,2025-10-17 22:51:02
09:36:15,20.25,-0.04,1083,2191756,卖盘,000969,2025-10-17 22:51:02
09:36:18,20.2,-0.05,797,1610563,卖盘,000969,2025-10-17 22:51:02
09:36:21,20.17,-0.03,2537,5118154,卖盘,000969,2025-10-17 22:51:02
09:36:24,20.16,-0.01,2022,4078056,买盘,000969,2025-10-17 22:51:02
09:36:27,20.26,0.1,2092,4239802,买盘,000969,2025-10-17 22:51:02
09:36:30,20.3,0.04,4100,8317578,买盘,000969,2025-10-17 22:51:02
09:36:33,20.34,0.04,698,1418206,买盘,000969,2025-10-17 22:51:02
09:36:36,20.34,0.0,1841,3744506,买盘,000969,2025-10-17 22:51:02
09:36:39,20.37,0.03,1525,3102819,买盘,000969,2025-10-17 22:51:02
09:36:42,20.32,-0.05,1343,2732973,卖盘,000969,2025-10-17 22:51:02
09:36:45,20.3,-0.02,1322,2686022,卖盘,000969,2025-10-17 22:51:02
09:36:48,20.26,-0.04,587,1190052,卖盘,000969,2025-10-17 22:51:02
09:36:51,20.24,-0.02,820,1661008,卖盘,000969,2025-10-17 22:51:02
09:36:54,20.22,-0.02,720,1455512,中性盘,000969,2025-10-17 22:51:02
09:36:57,20.19,-0.03,347,700750,卖盘,000969,2025-10-17 22:51:02
09:37:00,20.17,-0.02,576,1162241,卖盘,000969,2025-10-17 22:51:02
09:37:03,20.15,-0.02,696,1403222,卖盘,000969,2025-10-17 22:51:02
09:37:06,20.14,-0.01,1609,3243895,卖盘,000969,2025-10-17 22:51:02
09:37:09,20.17,0.03,1597,3217554,买盘,000969,2025-10-17 22:51:02
09:37:12,20.17,0.0,1472,2970154,买盘,000969,2025-10-17 22:51:02
09:37:15,20.21,0.04,1107,2235199,买盘,000969,2025-10-17 22:51:02
09:37:18,20.24,0.03,645,1304154,买盘,000969,2025-10-17 22:51:02
09:37:21,20.26,0.02,845,1709407,买盘,000969,2025-10-17 22:51:02
09:37:24,20.27,0.01,793,1605996,买盘,000969,2025-10-17 22:51:02
09:37:27,20.26,-0.01,2637,5340735,卖盘,000969,2025-10-17 22:51:02
09:37:30,20.27,0.01,1228,2489641,买盘,000969,2025-10-17 22:51:02
09:37:33,20.28,0.01,1235,2502852,买盘,000969,2025-10-17 22:51:02
09:37:36,20.29,0.01,1041,2111085,买盘,000969,2025-10-17 22:51:02
09:37:39,20.27,-0.02,1220,2474877,卖盘,000969,2025-10-17 22:51:02
09:37:42,20.28,0.01,991,2008742,买盘,000969,2025-10-17 22:51:02
09:37:45,20.26,-0.02,839,1700487,卖盘,000969,2025-10-17 22:51:02
09:37:48,20.26,0.0,1197,2425970,买盘,000969,2025-10-17 22:51:02
09:37:51,20.26,0.0,1266,2564327,卖盘,000969,2025-10-17 22:51:02
09:37:54,20.25,-0.01,657,1331297,卖盘,000969,2025-10-17 22:51:02
09:37:57,20.22,-0.03,609,1232737,卖盘,000969,2025-10-17 22:51:02
09:38:00,20.21,-0.01,429,867584,卖盘,000969,2025-10-17 22:51:02
09:38:03,20.19,-0.02,1228,2482228,卖盘,000969,2025-10-17 22:51:02
09:38:06,20.17,-0.02,1268,2560295,卖盘,000969,2025-10-17 22:51:02
09:38:09,20.13,-0.04,1786,3594444,卖盘,000969,2025-10-17 22:51:02
09:38:12,20.12,-0.01,1153,2317704,中性盘,000969,2025-10-17 22:51:02
09:38:15,20.07,-0.05,1625,3264388,卖盘,000969,2025-10-17 22:51:02
09:38:18,20.16,0.09,5477,11027115,买盘,000969,2025-10-17 22:51:02
09:38:21,20.18,0.02,1573,3174054,中性盘,000969,2025-10-17 22:51:02
09:38:24,20.13,-0.05,1723,3473689,卖盘,000969,2025-10-17 22:51:02
09:38:27,20.18,0.05,1146,2311521,买盘,000969,2025-10-17 22:51:02
09:38:30,20.18,0.0,1079,2176400,买盘,000969,2025-10-17 22:51:02
09:38:33,20.18,0.0,681,1373480,卖盘,000969,2025-10-17 22:51:02
09:38:36,20.16,-0.02,1086,2189851,卖盘,000969,2025-10-17 22:51:02
09:38:39,20.15,-0.01,213,429146,卖盘,000969,2025-10-17 22:51:02
09:38:42,20.15,0.0,1094,2204474,卖盘,000969,2025-10-17 22:51:02
09:38:45,20.14,-0.01,840,1691666,卖盘,000969,2025-10-17 22:51:02
09:38:48,20.11,-0.03,1238,2491462,卖盘,000969,2025-10-17 22:51:02
09:38:51,20.1,-0.01,1130,2272662,卖盘,000969,2025-10-17 22:51:02
09:38:54,20.12,0.02,1697,3415424,买盘,000969,2025-10-17 22:51:02
09:38:57,20.12,0.0,1190,2395798,卖盘,000969,2025-10-17 22:51:02
09:39:00,20.17,0.05,1772,3567641,中性盘,000969,2025-10-17 22:51:02
09:39:03,20.27,0.1,1768,3572164,买盘,000969,2025-10-17 22:51:02
09:39:06,20.26,-0.01,1288,2613089,卖盘,000969,2025-10-17 22:51:02
09:39:09,20.34,0.08,746,1515947,买盘,000969,2025-10-17 22:51:02
09:39:12,20.34,0.0,544,1106512,买盘,000969,2025-10-17 22:51:02
09:39:15,20.36,0.02,805,1637570,买盘,000969,2025-10-17 22:51:02
09:39:18,20.33,-0.03,1028,2090500,卖盘,000969,2025-10-17 22:51:02
09:39:21,20.31,-0.02,1067,2166705,中性盘,000969,2025-10-17 22:51:02
09:39:24,20.26,-0.05,606,1228918,卖盘,000969,2025-10-17 22:51:02
09:39:27,20.26,0.0,643,1302953,中性盘,000969,2025-10-17 22:51:02
09:39:30,20.26,0.0,1335,2699269,买盘,000969,2025-10-17 22:51:02
09:39:33,20.21,-0.05,697,1409645,卖盘,000969,2025-10-17 22:51:02
09:39:36,20.2,-0.01,541,1093646,卖盘,000969,2025-10-17 22:51:02
09:39:39,20.2,0.0,1624,3274807,卖盘,000969,2025-10-17 22:51:02
09:39:42,20.2,0.0,433,874316,买盘,000969,2025-10-17 22:51:02
09:39:45,20.2,0.0,567,1145571,买盘,000969,2025-10-17 22:51:02
09:39:48,20.21,0.01,421,850656,买盘,000969,2025-10-17 22:51:02
09:39:51,20.23,0.02,503,1016069,中性盘,000969,2025-10-17 22:51:02
09:39:54,20.21,-0.02,627,1268323,卖盘,000969,2025-10-17 22:51:02
09:39:57,20.24,0.03,496,1003899,买盘,000969,2025-10-17 22:51:02
09:40:00,20.23,-0.01,643,1302661,卖盘,000969,2025-10-17 22:51:02
09:40:03,20.23,0.0,944,1907226,卖盘,000969,2025-10-17 22:51:02
09:40:06,20.27,0.04,779,1577484,买盘,000969,2025-10-17 22:51:02
09:40:09,20.22,-0.05,1697,3440178,卖盘,000969,2025-10-17 22:51:02
09:40:12,20.22,0.0,334,676305,卖盘,000969,2025-10-17 22:51:02
09:40:15,20.2,-0.02,526,1063138,卖盘,000969,2025-10-17 22:51:02
09:40:18,20.16,-0.04,920,1855819,卖盘,000969,2025-10-17 22:51:02
09:40:21,20.14,-0.02,321,646878,卖盘,000969,2025-10-17 22:51:02
09:40:24,20.13,-0.01,327,658295,卖盘,000969,2025-10-17 22:51:02
09:40:27,20.11,-0.02,1111,2234873,卖盘,000969,2025-10-17 22:51:02
09:40:30,20.03,-0.08,3866,7762273,卖盘,000969,2025-10-17 22:51:02
09:40:33,20.03,0.0,435,871963,卖盘,000969,2025-10-17 22:51:02
09:40:36,20.02,-0.01,2473,4948760,卖盘,000969,2025-10-17 22:51:02
09:40:39,20.0,-0.02,1975,3950427,卖盘,000969,2025-10-17 22:51:02
09:40:42,19.96,-0.04,1201,2400514,卖盘,000969,2025-10-17 22:51:02
09:40:45,19.95,-0.01,670,1337132,卖盘,000969,2025-10-17 22:51:02
09:40:48,19.92,-0.03,1302,2596231,卖盘,000969,2025-10-17 22:51:02
09:40:51,19.9,-0.02,1255,2499845,卖盘,000969,2025-10-17 22:51:02
09:40:54,19.88,-0.02,1343,2669804,卖盘,000969,2025-10-17 22:51:02
09:40:57,19.84,-0.04,1626,3226283,卖盘,000969,2025-10-17 22:51:02
09:41:00,19.83,-0.01,2835,5623233,中性盘,000969,2025-10-17 22:51:02
09:41:03,19.88,0.05,3072,6088750,买盘,000969,2025-10-17 22:51:02
09:41:06,19.94,0.06,3868,7697267,买盘,000969,2025-10-17 22:51:02
09:41:09,19.95,0.01,1065,2121200,买盘,000969,2025-10-17 22:51:02
09:41:12,19.95,0.0,1214,2422692,卖盘,000969,2025-10-17 22:51:02
09:41:15,19.9,-0.05,1209,2412631,卖盘,000969,2025-10-17 22:51:02
09:41:18,19.92,0.02,1919,3821156,买盘,000969,2025-10-17 22:51:02
09:41:21,19.9,-0.02,1583,3150497,卖盘,000969,2025-10-17 22:51:02
09:41:24,19.92,0.02,1472,2928483,买盘,000969,2025-10-17 22:51:02
09:41:27,19.92,0.0,2680,5331327,买盘,000969,2025-10-17 22:51:02
09:41:30,19.93,0.01,1648,3283488,买盘,000969,2025-10-17 22:51:02
09:41:33,19.98,0.05,1708,3405789,买盘,000969,2025-10-17 22:51:02
09:41:36,19.98,0.0,764,1524242,买盘,000969,2025-10-17 22:51:02
09:41:39,19.93,-0.05,1036,2067240,卖盘,000969,2025-10-17 22:51:02
09:41:42,20.0,0.07,1960,3913327,买盘,000969,2025-10-17 22:51:02
09:41:45,19.95,-0.05,1151,2295955,中性盘,000969,2025-10-17 22:51:02
09:41:48,19.96,0.01,889,1773622,买盘,000969,2025-10-17 22:51:02
09:41:51,19.95,-0.01,2287,4559669,卖盘,000969,2025-10-17 22:51:02
09:41:54,19.95,0.0,1234,2460894,买盘,000969,2025-10-17 22:51:02
09:41:57,19.9,-0.05,591,1177358,卖盘,000969,2025-10-17 22:51:02
09:42:00,19.9,0.0,961,1913554,卖盘,000969,2025-10-17 22:51:02
09:42:03,19.89,-0.01,1298,2579947,卖盘,000969,2025-10-17 22:51:02
09:42:06,19.88,-0.01,542,1076978,卖盘,000969,2025-10-17 22:51:02
09:42:09,19.84,-0.04,7626,15099815,卖盘,000969,2025-10-17 22:51:02
09:42:12,19.71,-0.13,1035,2044947,卖盘,000969,2025-10-17 22:51:02
09:42:15,19.66,-0.05,1867,3676217,卖盘,000969,2025-10-17 22:51:02
09:42:18,19.66,0.0,3889,7646028,卖盘,000969,2025-10-17 22:51:02
09:42:21,19.66,0.0,6240,12267392,卖盘,000969,2025-10-17 22:51:02
09:42:24,19.62,-0.04,5182,10172018,中性盘,000969,2025-10-17 22:51:02
09:42:27,19.61,-0.01,4031,7918590,卖盘,000969,2025-10-17 22:51:02
09:42:30,19.61,0.0,4106,8053338,卖盘,000969,2025-10-17 22:51:02
09:42:33,19.56,-0.05,3572,7006548,卖盘,000969,2025-10-17 22:51:02
09:42:36,19.66,0.1,4636,9076208,买盘,000969,2025-10-17 22:51:02
09:42:39,19.62,-0.04,3000,5874112,卖盘,000969,2025-10-17 22:51:02
09:42:42,19.7,0.08,1485,2924756,买盘,000969,2025-10-17 22:51:02
09:42:45,19.78,0.08,1368,2702331,买盘,000969,2025-10-17 22:51:02
09:42:48,19.8,0.02,878,1738249,中性盘,000969,2025-10-17 22:51:02
09:42:51,19.78,-0.02,1460,2892246,卖盘,000969,2025-10-17 22:51:02
09:42:54,19.74,-0.04,1462,2891003,卖盘,000969,2025-10-17 22:51:02
09:42:57,19.74,0.0,750,1479479,买盘,000969,2025-10-17 22:51:02
09:43:00,19.71,-0.03,1485,2926110,卖盘,000969,2025-10-17 22:51:02
09:43:03,19.68,-0.03,1165,2295413,卖盘,000969,2025-10-17 22:51:02
09:43:06,19.67,-0.01,2179,4287279,卖盘,000969,2025-10-17 22:51:02
09:43:09,19.7,0.03,2453,4829432,买盘,000969,2025-10-17 22:51:02
09:43:12,19.71,0.01,4257,8391083,买盘,000969,2025-10-17 22:51:02
09:43:15,19.8,0.09,1758,3471954,买盘,000969,2025-10-17 22:51:02
09:43:18,19.85,0.05,1313,2600362,买盘,000969,2025-10-17 22:51:02
09:43:21,19.88,0.03,320,635197,买盘,000969,2025-10-17 22:51:02
09:43:24,19.9,0.02,507,1009181,买盘,000969,2025-10-17 22:51:02
09:43:27,19.9,0.0,1116,2221333,卖盘,000969,2025-10-17 22:51:02
09:43:30,19.9,0.0,1858,3691533,买盘,000969,2025-10-17 22:51:02
09:43:33,19.89,-0.01,573,1139343,中性盘,000969,2025-10-17 22:51:02
09:43:36,19.84,-0.05,736,1462829,卖盘,000969,2025-10-17 22:51:02
09:43:39,19.93,0.09,4172,8291486,买盘,000969,2025-10-17 22:51:02
09:43:42,19.88,-0.05,1268,2519008,卖盘,000969,2025-10-17 22:51:02
09:43:45,19.88,0.0,519,1032185,卖盘,000969,2025-10-17 22:51:02
09:43:48,19.89,0.01,1094,2177899,中性盘,000969,2025-10-17 22:51:02
09:43:51,19.89,0.0,1402,2788663,卖盘,000969,2025-10-17 22:51:02
09:43:54,19.91,0.02,457,910264,买盘,000969,2025-10-17 22:51:02
09:43:57,19.93,0.02,364,724957,买盘,000969,2025-10-17 22:51:02
09:44:00,19.93,0.0,174,346862,卖盘,000969,2025-10-17 22:51:02
09:44:03,19.93,0.0,1162,2315795,卖盘,000969,2025-10-17 22:51:02
09:44:06,19.92,-0.01,557,1109430,中性盘,000969,2025-10-17 22:51:02
09:44:09,19.82,-0.1,2587,5135300,卖盘,000969,2025-10-17 22:51:02
09:44:12,19.8,-0.02,1125,2230833,卖盘,000969,2025-10-17 22:51:02
09:44:15,19.8,0.0,2987,5912225,卖盘,000969,2025-10-17 22:51:02
09:44:18,19.83,0.03,1702,3377784,买盘,000969,2025-10-17 22:51:02
09:44:21,19.87,0.04,1272,2528187,中性盘,000969,2025-10-17 22:51:02
09:44:24,19.95,0.08,2217,4417277,买盘,000969,2025-10-17 22:51:02
09:44:27,19.95,0.0,675,1346227,卖盘,000969,2025-10-17 22:51:02
09:44:30,19.95,0.0,1662,3318975,买盘,000969,2025-10-17 22:51:02
09:44:33,19.97,0.02,1112,2220197,买盘,000969,2025-10-17 22:51:02
09:44:36,19.97,0.0,755,1507943,卖盘,000969,2025-10-17 22:51:02
09:44:39,20.0,0.03,2148,4292697,买盘,000969,2025-10-17 22:51:02
09:44:42,20.02,0.02,321,642750,买盘,000969,2025-10-17 22:51:02
09:44:45,20.03,0.01,158,316570,买盘,000969,2025-10-17 22:51:02
09:44:48,20.04,0.01,814,1631027,卖盘,000969,2025-10-17 22:51:02
09:44:51,20.03,-0.01,445,890735,卖盘,000969,2025-10-17 22:51:02
09:44:54,20.02,-0.01,628,1256590,买盘,000969,2025-10-17 22:51:02
09:44:57,19.97,-0.05,398,794507,卖盘,000969,2025-10-17 22:51:02
09:45:00,19.94,-0.03,617,1230611,卖盘,000969,2025-10-17 22:51:02
09:45:03,19.93,-0.01,560,1116311,卖盘,000969,2025-10-17 22:51:02
09:45:06,19.9,-0.03,1037,2062780,卖盘,000969,2025-10-17 22:51:02
09:45:09,19.89,-0.01,878,1745626,卖盘,000969,2025-10-17 22:51:02
09:45:12,19.83,-0.06,366,726421,卖盘,000969,2025-10-17 22:51:02
09:45:15,19.82,-0.01,877,1737315,卖盘,000969,2025-10-17 22:51:02
09:45:18,19.78,-0.04,379,749764,卖盘,000969,2025-10-17 22:51:02
09:45:21,19.73,-0.05,631,1246985,卖盘,000969,2025-10-17 22:51:02
09:45:24,19.73,0.0,1710,3377998,卖盘,000969,2025-10-17 22:51:02
09:45:27,19.73,0.0,1078,2128137,卖盘,000969,2025-10-17 22:51:02
09:45:30,19.73,0.0,980,1935222,卖盘,000969,2025-10-17 22:51:02
09:45:33,19.75,0.02,1501,2964905,中性盘,000969,2025-10-17 22:51:02
09:45:36,19.75,0.0,1698,3352581,卖盘,000969,2025-10-17 22:51:02
09:45:39,19.76,0.01,384,760440,中性盘,000969,2025-10-17 22:51:02
09:45:42,19.79,0.03,1867,3699304,买盘,000969,2025-10-17 22:51:02
09:45:45,19.9,0.11,1043,2067083,买盘,000969,2025-10-17 22:51:02
09:45:48,19.9,0.0,447,888893,卖盘,000969,2025-10-17 22:51:02
09:45:51,19.82,-0.08,409,811523,中性盘,000969,2025-10-17 22:51:02
09:45:54,19.81,-0.01,407,808575,卖盘,000969,2025-10-17 22:51:02
09:45:57,19.81,0.0,706,1399463,卖盘,000969,2025-10-17 22:51:02
09:46:00,19.8,-0.01,755,1496509,卖盘,000969,2025-10-17 22:51:02
09:46:03,19.85,0.05,674,1336095,中性盘,000969,2025-10-17 22:51:02
09:46:06,19.8,-0.05,5407,10713519,卖盘,000969,2025-10-17 22:51:02
09:46:09,19.8,0.0,1227,2429918,买盘,000969,2025-10-17 22:51:02
09:46:12,19.81,0.01,533,1055875,卖盘,000969,2025-10-17 22:51:02
09:46:15,19.8,-0.01,413,818052,卖盘,000969,2025-10-17 22:51:02
09:46:18,19.81,0.01,605,1198388,买盘,000969,2025-10-17 22:51:02
09:46:21,19.8,-0.01,1158,2293442,卖盘,000969,2025-10-17 22:51:02
09:46:24,19.8,0.0,1473,2916753,卖盘,000969,2025-10-17 22:51:02
09:46:27,19.8,0.0,1000,1979880,买盘,000969,2025-10-17 22:51:02
09:46:30,19.8,0.0,786,1556115,买盘,000969,2025-10-17 22:51:02
09:46:33,19.79,-0.01,733,1450566,卖盘,000969,2025-10-17 22:51:02
09:46:36,19.79,0.0,583,1154289,买盘,000969,2025-10-17 22:51:02
09:46:39,19.8,0.01,380,752132,中性盘,000969,2025-10-17 22:51:02
09:46:42,19.79,-0.01,381,754093,卖盘,000969,2025-10-17 22:51:02
09:46:45,19.8,0.01,303,599749,买盘,000969,2025-10-17 22:51:02
09:46:48,19.78,-0.02,710,1404369,卖盘,000969,2025-10-17 22:51:02
09:46:51,19.78,0.0,419,828639,买盘,000969,2025-10-17 22:51:02
09:46:54,19.76,-0.02,783,1547481,卖盘,000969,2025-10-17 22:51:02
09:46:57,19.75,-0.01,390,770604,卖盘,000969,2025-10-17 22:51:02
09:47:00,19.75,0.0,770,1520556,卖盘,000969,2025-10-17 22:51:02
09:47:03,19.75,0.0,436,860908,买盘,000969,2025-10-17 22:51:02
09:47:06,19.73,-0.02,1800,3552990,卖盘,000969,2025-10-17 22:51:02
09:47:09,19.74,0.01,536,1057582,买盘,000969,2025-10-17 22:51:02
09:47:12,19.73,-0.01,882,1739511,卖盘,000969,2025-10-17 22:51:02
09:47:15,19.72,-0.01,446,879687,中性盘,000969,2025-10-17 22:51:02
09:47:18,19.71,-0.01,921,1816553,卖盘,000969,2025-10-17 22:51:02
09:47:21,19.71,0.0,701,1381923,卖盘,000969,2025-10-17 22:51:02
09:47:24,19.71,0.0,1133,2233445,卖盘,000969,2025-10-17 22:51:02
09:47:27,19.67,-0.04,3337,6570796,卖盘,000969,2025-10-17 22:51:02
09:47:30,19.62,-0.05,725,1424315,卖盘,000969,2025-10-17 22:51:02
09:47:33,19.62,0.0,1048,2056883,卖盘,000969,2025-10-17 22:51:02
09:47:36,19.61,-0.01,842,1651206,卖盘,000969,2025-10-17 22:51:02
09:47:39,19.6,-0.01,1469,2880215,卖盘,000969,2025-10-17 22:51:02
09:47:42,19.59,-0.01,2734,5358121,卖盘,000969,2025-10-17 22:51:02
09:47:45,19.59,0.0,1113,2180250,卖盘,000969,2025-10-17 22:51:02
09:47:48,19.57,-0.02,965,1888950,卖盘,000969,2025-10-17 22:51:02
09:47:51,19.56,-0.01,2706,5292899,卖盘,000969,2025-10-17 22:51:02
09:47:54,19.51,-0.05,3922,7661031,卖盘,000969,2025-10-17 22:51:02
09:47:57,19.5,-0.01,1775,3462330,卖盘,000969,2025-10-17 22:51:02
09:48:00,19.5,0.0,2212,4313807,卖盘,000969,2025-10-17 22:51:02
09:48:03,19.48,-0.02,2256,4398618,卖盘,000969,2025-10-17 22:51:02
09:48:06,19.47,-0.01,1569,3058000,卖盘,000969,2025-10-17 22:51:02
09:48:09,19.47,0.0,2460,4791312,买盘,000969,2025-10-17 22:51:02
09:48:12,19.51,0.04,3162,6160034,买盘,000969,2025-10-17 22:51:02
09:48:15,19.58,0.07,3120,6090679,买盘,000969,2025-10-17 22:51:02
09:48:18,19.63,0.05,2307,4510291,买盘,000969,2025-10-17 22:51:02
09:48:21,19.67,0.04,479,940763,买盘,000969,2025-10-17 22:51:02
09:48:24,19.69,0.02,330,649530,买盘,000969,2025-10-17 22:51:02
09:48:27,19.67,-0.02,663,1305332,卖盘,000969,2025-10-17 22:51:02
09:48:30,19.65,-0.02,2007,3943965,卖盘,000969,2025-10-17 22:51:02
09:48:33,19.62,-0.03,635,1247032,卖盘,000969,2025-10-17 22:51:02
09:48:36,19.63,0.01,942,1848924,买盘,000969,2025-10-17 22:51:02
09:48:39,19.65,0.02,1277,2507993,买盘,000969,2025-10-17 22:51:02
09:48:42,19.66,0.01,526,1033898,买盘,000969,2025-10-17 22:51:02
09:48:45,19.66,0.0,719,1414164,卖盘,000969,2025-10-17 22:51:02
09:48:48,19.67,0.01,994,1954629,买盘,000969,2025-10-17 22:51:02
09:48:51,19.65,-0.02,962,1890981,卖盘,000969,2025-10-17 22:51:02
09:48:54,19.65,0.0,622,1222895,买盘,000969,2025-10-17 22:51:02
09:48:57,19.64,-0.01,1534,3012884,卖盘,000969,2025-10-17 22:51:02
09:49:00,19.64,0.0,512,1005435,买盘,000969,2025-10-17 22:51:02
09:49:03,19.64,0.0,1023,2008311,买盘,000969,2025-10-17 22:51:02
09:49:06,19.69,0.05,2055,4036435,买盘,000969,2025-10-17 22:51:02
09:49:09,19.72,0.03,822,1618983,买盘,000969,2025-10-17 22:51:02
09:49:12,19.81,0.09,1092,2158287,买盘,000969,2025-10-17 22:51:02
09:49:15,19.87,0.06,491,972349,买盘,000969,2025-10-17 22:51:02
09:49:18,19.87,0.0,385,763595,买盘,000969,2025-10-17 22:51:02
09:49:21,19.83,-0.04,516,1024040,卖盘,000969,2025-10-17 22:51:02
09:49:24,19.89,0.06,1562,3099331,买盘,000969,2025-10-17 22:51:02
09:49:27,19.9,0.01,898,1786000,买盘,000969,2025-10-17 22:51:02
09:49:30,19.89,-0.01,941,1871037,买盘,000969,2025-10-17 22:51:02
09:49:33,19.85,-0.04,898,1785398,卖盘,000969,2025-10-17 22:51:02
09:49:36,19.83,-0.02,591,1172534,卖盘,000969,2025-10-17 22:51:02
09:49:39,19.84,0.01,1345,2668859,买盘,000969,2025-10-17 22:51:02
09:49:42,19.84,0.0,641,1272289,卖盘,000969,2025-10-17 22:51:02
09:49:45,19.87,0.03,799,1585431,买盘,000969,2025-10-17 22:51:02
09:49:48,19.84,-0.03,465,923007,卖盘,000969,2025-10-17 22:51:02
09:49:51,19.85,0.01,393,780049,中性盘,000969,2025-10-17 22:51:02
09:49:54,19.84,-0.01,651,1292347,卖盘,000969,2025-10-17 22:51:02
09:49:57,19.84,0.0,300,595300,卖盘,000969,2025-10-17 22:51:02
09:50:00,19.84,0.0,778,1542897,买盘,000969,2025-10-17 22:51:02
09:50:03,19.85,0.01,1295,2567877,买盘,000969,2025-10-17 22:51:02
09:50:06,19.9,0.05,3108,6178863,买盘,000969,2025-10-17 22:51:02
09:50:09,19.92,0.02,761,1515199,中性盘,000969,2025-10-17 22:51:02
09:50:12,19.94,0.02,299,595613,买盘,000969,2025-10-17 22:51:02
09:50:15,19.94,0.0,326,649899,买盘,000969,2025-10-17 22:51:02
09:50:18,19.98,0.04,292,582837,买盘,000969,2025-10-17 22:51:02
09:50:21,19.98,0.0,613,1223353,买盘,000969,2025-10-17 22:51:02
09:50:24,20.04,0.06,1754,3508198,买盘,000969,2025-10-17 22:51:02
09:50:27,20.07,0.03,474,949688,买盘,000969,2025-10-17 22:51:02
09:50:30,20.1,0.03,751,1508757,买盘,000969,2025-10-17 22:51:02
09:50:33,20.1,0.0,442,888416,中性盘,000969,2025-10-17 22:51:02
09:50:36,20.11,0.01,1669,3358668,买盘,000969,2025-10-17 22:51:02
09:50:39,20.1,-0.01,473,950885,卖盘,000969,2025-10-17 22:51:02
09:50:42,20.06,-0.04,1402,2814132,卖盘,000969,2025-10-17 22:51:02
09:50:45,20.01,-0.05,933,1871159,卖盘,000969,2025-10-17 22:51:02
09:50:48,19.95,-0.06,992,1981376,卖盘,000969,2025-10-17 22:51:02
09:50:51,19.96,0.01,226,451130,买盘,000969,2025-10-17 22:51:02
09:50:54,19.96,0.0,698,1394485,卖盘,000969,2025-10-17 22:51:02
09:50:57,20.01,0.05,1454,2906870,买盘,000969,2025-10-17 22:51:02
09:51:00,19.96,-0.05,517,1033355,卖盘,000969,2025-10-17 22:51:02
09:51:03,19.98,0.02,550,1100059,买盘,000969,2025-10-17 22:51:02
09:51:06,20.0,0.02,391,782257,买盘,000969,2025-10-17 22:51:02
09:51:09,20.02,0.02,1082,2162269,买盘,000969,2025-10-17 22:51:02
09:51:12,20.04,0.02,357,715081,买盘,000969,2025-10-17 22:51:02
09:51:15,20.06,0.02,932,1870528,买盘,000969,2025-10-17 22:51:02
09:51:18,20.07,0.01,508,1019570,中性盘,000969,2025-10-17 22:51:02
09:51:21,20.12,0.05,735,1479334,买盘,000969,2025-10-17 22:51:02
09:51:24,20.17,0.05,209,420972,买盘,000969,2025-10-17 22:51:02
09:51:27,20.19,0.02,272,549005,买盘,000969,2025-10-17 22:51:02
09:51:30,20.24,0.05,805,1626690,买盘,000969,2025-10-17 22:51:02
09:51:33,20.3,0.06,800,1621184,买盘,000969,2025-10-17 22:51:02
09:51:36,20.3,0.0,498,1010812,买盘,000969,2025-10-17 22:51:02
09:51:39,20.29,-0.01,1685,3419111,卖盘,000969,2025-10-17 22:51:02
09:51:42,20.24,-0.05,1032,2090509,卖盘,000969,2025-10-17 22:51:02
09:51:45,20.12,-0.12,1077,2172516,卖盘,000969,2025-10-17 22:51:02
09:51:48,20.18,0.06,704,1419788,买盘,000969,2025-10-17 22:51:02
09:51:51,20.19,0.01,468,942600,买盘,000969,2025-10-17 22:51:02
09:51:54,20.19,0.0,528,1065316,买盘,000969,2025-10-17 22:51:02
09:51:57,20.2,0.01,628,1267369,买盘,000969,2025-10-17 22:51:02
09:52:00,20.19,-0.01,469,947075,卖盘,000969,2025-10-17 22:51:02
09:52:03,20.21,0.02,1157,2337173,买盘,000969,2025-10-17 22:51:02
09:52:06,20.19,-0.02,325,656074,卖盘,000969,2025-10-17 22:51:02
09:52:09,20.19,0.0,829,1673392,卖盘,000969,2025-10-17 22:51:02
09:52:12,20.18,-0.01,501,1010544,卖盘,000969,2025-10-17 22:51:02
09:52:15,20.08,-0.1,576,1160025,卖盘,000969,2025-10-17 22:51:02
09:52:18,20.11,0.03,203,407998,买盘,000969,2025-10-17 22:51:02
09:52:21,20.07,-0.04,524,1051870,中性盘,000969,2025-10-17 22:51:02
09:52:24,20.11,0.04,661,1326959,买盘,000969,2025-10-17 22:51:02
09:52:27,20.03,-0.08,556,1114083,中性盘,000969,2025-10-17 22:51:02
09:52:30,20.05,0.02,581,1164543,中性盘,000969,2025-10-17 22:51:02
09:52:33,20.05,0.0,466,934302,买盘,000969,2025-10-17 22:51:02
09:52:36,20.05,0.0,638,1281008,卖盘,000969,2025-10-17 22:51:02
09:52:39,20.17,0.12,456,916317,买盘,000969,2025-10-17 22:51:02
09:52:42,20.12,-0.05,142,285316,中性盘,000969,2025-10-17 22:51:02
09:52:45,20.16,0.04,290,584221,中性盘,000969,2025-10-17 22:51:02
09:52:48,20.13,-0.03,221,444873,卖盘,000969,2025-10-17 22:51:02
09:52:51,20.12,-0.01,255,513165,卖盘,000969,2025-10-17 22:51:02
09:52:54,20.08,-0.04,182,366051,卖盘,000969,2025-10-17 22:51:02
09:52:57,20.08,0.0,264,530313,卖盘,000969,2025-10-17 22:51:02
09:53:00,20.09,0.01,200,402081,中性盘,000969,2025-10-17 22:51:02
09:53:03,20.07,-0.02,351,704624,卖盘,000969,2025-10-17 22:51:02
09:53:06,20.05,-0.02,489,981113,卖盘,000969,2025-10-17 22:51:02
09:53:09,20.0,-0.05,886,1773811,卖盘,000969,2025-10-17 22:51:02
09:53:12,19.98,-0.02,605,1211828,卖盘,000969,2025-10-17 22:51:02
09:53:15,19.97,-0.01,137,273705,卖盘,000969,2025-10-17 22:51:02
09:53:18,19.95,-0.02,700,1396504,卖盘,000969,2025-10-17 22:51:02
09:53:21,19.94,-0.01,216,430292,中性盘,000969,2025-10-17 22:51:02
09:53:24,19.91,-0.03,330,657178,卖盘,000969,2025-10-17 22:51:02
09:53:27,19.94,0.03,311,619010,买盘,000969,2025-10-17 22:51:02
09:53:30,19.97,0.03,725,1444606,买盘,000969,2025-10-17 22:51:02
09:53:33,19.93,-0.04,671,1338242,卖盘,000969,2025-10-17 22:51:02
09:53:36,19.99,0.06,384,767236,买盘,000969,2025-10-17 22:51:02
09:53:39,20.0,0.01,552,1104127,买盘,000969,2025-10-17 22:51:02
09:53:42,20.0,0.0,276,552664,卖盘,000969,2025-10-17 22:51:02
09:53:45,20.01,0.01,1508,3016646,卖盘,000969,2025-10-17 22:51:02
09:53:48,20.0,-0.01,407,813598,中性盘,000969,2025-10-17 22:51:02
09:53:51,20.03,0.03,579,1158945,买盘,000969,2025-10-17 22:51:02
09:53:54,20.0,-0.03,412,824798,卖盘,000969,2025-10-17 22:51:02
09:53:57,20.08,0.08,267,535612,买盘,000969,2025-10-17 22:51:02
09:54:00,20.08,0.0,317,636718,卖盘,000969,2025-10-17 22:51:02
09:54:03,20.1,0.02,296,594812,买盘,000969,2025-10-17 22:51:02
09:54:06,20.12,0.02,414,832193,买盘,000969,2025-10-17 22:51:02
09:54:09,20.13,0.01,484,973980,买盘,000969,2025-10-17 22:51:02
09:54:12,20.17,0.04,871,1755398,买盘,000969,2025-10-17 22:51:02
09:54:15,20.12,-0.05,3271,6580713,卖盘,000969,2025-10-17 22:51:02
09:54:18,20.19,0.07,1127,2271934,买盘,000969,2025-10-17 22:51:02
09:54:21,20.19,0.0,117,235878,买盘,000969,2025-10-17 22:51:02
09:54:24,20.16,-0.03,302,609566,中性盘,000969,2025-10-17 22:51:02
09:54:27,20.13,-0.03,1394,2814651,卖盘,000969,2025-10-17 22:51:02
09:54:30,20.27,0.14,1054,2132422,买盘,000969,2025-10-17 22:51:02
09:54:33,20.3,0.03,1078,2186632,买盘,000969,2025-10-17 22:51:02
09:54:36,20.33,0.03,1578,3205891,买盘,000969,2025-10-17 22:51:02
09:54:39,20.36,0.03,644,1310130,买盘,000969,2025-10-17 22:51:02
09:54:42,20.38,0.02,524,1067262,买盘,000969,2025-10-17 22:51:02
09:54:45,20.4,0.02,1322,2694497,买盘,000969,2025-10-17 22:51:02
09:54:48,20.42,0.02,1707,3482293,买盘,000969,2025-10-17 22:51:02
09:54:51,20.38,-0.04,3333,6794748,卖盘,000969,2025-10-17 22:51:02
09:54:54,20.36,-0.02,1326,2699188,中性盘,000969,2025-10-17 22:51:02
09:54:57,20.3,-0.06,794,1610071,卖盘,000969,2025-10-17 22:51:02
09:55:00,20.3,0.0,1993,4053274,买盘,000969,2025-10-17 22:51:02
09:55:03,20.25,-0.05,933,1889103,卖盘,000969,2025-10-17 22:51:02
09:55:06,20.32,0.07,1719,3496284,买盘,000969,2025-10-17 22:51:02
09:55:09,20.32,0.0,890,1808082,卖盘,000969,2025-10-17 22:51:02
09:55:12,20.31,-0.01,667,1357473,卖盘,000969,2025-10-17 22:51:02
09:55:15,20.3,-0.01,912,1852445,卖盘,000969,2025-10-17 22:51:02
09:55:18,20.31,0.01,596,1210070,买盘,000969,2025-10-17 22:51:02
09:55:21,20.31,0.0,874,1774593,买盘,000969,2025-10-17 22:51:02
09:55:24,20.31,0.0,955,1942974,买盘,000969,2025-10-17 22:51:02
09:55:27,20.4,0.09,356,723619,买盘,000969,2025-10-17 22:51:02
09:55:30,20.4,0.0,409,833217,买盘,000969,2025-10-17 22:51:02
09:55:33,20.4,0.0,1732,3534022,买盘,000969,2025-10-17 22:51:02
09:55:36,20.46,0.06,1825,3726160,买盘,000969,2025-10-17 22:51:02
09:55:39,20.48,0.02,1173,2396318,买盘,000969,2025-10-17 22:51:02
09:55:42,20.48,0.0,2636,5401869,买盘,000969,2025-10-17 22:51:02
09:55:45,20.48,0.0,2689,5503046,中性盘,000969,2025-10-17 22:51:02
09:55:48,20.54,0.06,2091,4287950,买盘,000969,2025-10-17 22:51:02
09:55:51,20.54,0.0,795,1631943,买盘,000969,2025-10-17 22:51:02
09:55:54,20.54,0.0,1548,3179734,卖盘,000969,2025-10-17 22:51:02
09:55:57,20.54,0.0,2273,4666450,买盘,000969,2025-10-17 22:51:02
09:56:00,20.57,0.03,2816,5781656,买盘,000969,2025-10-17 22:51:02
09:56:03,20.4,-0.17,1561,3200735,卖盘,000969,2025-10-17 22:51:02
09:56:06,20.5,0.1,1429,2928435,买盘,000969,2025-10-17 22:51:02
09:56:09,20.5,0.0,1982,4032930,买盘,000969,2025-10-17 22:51:02
09:56:12,20.44,-0.06,405,827205,中性盘,000969,2025-10-17 22:51:02
09:56:15,20.44,0.0,675,1378610,买盘,000969,2025-10-17 22:51:02
09:56:18,20.42,-0.02,1364,2786001,卖盘,000969,2025-10-17 22:51:02
09:56:21,20.4,-0.02,1030,2103777,卖盘,000969,2025-10-17 22:51:02
09:56:24,20.4,0.0,688,1403934,卖盘,000969,2025-10-17 22:51:02
09:56:27,20.4,0.0,938,1913806,卖盘,000969,2025-10-17 22:51:02
09:56:30,20.37,-0.03,1101,2245759,卖盘,000969,2025-10-17 22:51:02
09:56:33,20.39,0.02,373,760292,买盘,000969,2025-10-17 22:51:02
09:56:36,20.35,-0.04,392,798386,卖盘,000969,2025-10-17 22:51:02
09:56:39,20.35,0.0,428,870879,买盘,000969,2025-10-17 22:51:02
09:56:42,20.33,-0.02,753,1530268,卖盘,000969,2025-10-17 22:51:02
09:56:45,20.26,-0.07,578,1174803,卖盘,000969,2025-10-17 22:51:02
09:56:48,20.22,-0.04,321,650666,卖盘,000969,2025-10-17 22:51:02
09:56:51,20.23,0.01,246,498521,买盘,000969,2025-10-17 22:51:02
09:56:54,20.24,0.01,331,670150,卖盘,000969,2025-10-17 22:51:02
09:56:57,20.26,0.02,301,610364,卖盘,000969,2025-10-17 22:51:02
09:57:00,20.32,0.06,250,507532,买盘,000969,2025-10-17 22:51:02
09:57:03,20.31,-0.01,198,402327,卖盘,000969,2025-10-17 22:51:02
09:57:06,20.35,0.04,827,1681137,买盘,000969,2025-10-17 22:51:02
09:57:09,20.33,-0.02,575,1170041,卖盘,000969,2025-10-17 22:51:02
09:57:12,20.3,-0.03,1179,2394384,卖盘,000969,2025-10-17 22:51:02
09:57:15,20.3,0.0,1818,3686863,买盘,000969,2025-10-17 22:51:02
09:57:18,20.24,-0.06,1956,3961837,卖盘,000969,2025-10-17 22:51:02
09:57:21,20.3,0.06,411,833548,买盘,000969,2025-10-17 22:51:02
09:57:24,20.35,0.05,960,1951582,买盘,000969,2025-10-17 22:51:02
09:57:27,20.38,0.03,328,668216,买盘,000969,2025-10-17 22:51:02
09:57:30,20.4,0.02,602,1227839,买盘,000969,2025-10-17 22:51:02
09:57:33,20.42,0.02,825,1683307,买盘,000969,2025-10-17 22:51:02
09:57:36,20.42,0.0,2046,4174059,买盘,000969,2025-10-17 22:51:02
09:57:39,20.43,0.01,1019,2081683,买盘,000969,2025-10-17 22:51:02
09:57:42,20.46,0.03,815,1665603,买盘,000969,2025-10-17 22:51:02
09:57:45,20.48,0.02,759,1553332,买盘,000969,2025-10-17 22:51:02
09:57:48,20.48,0.0,5145,10539784,买盘,000969,2025-10-17 22:51:02
09:57:51,20.5,0.02,560,1147225,买盘,000969,2025-10-17 22:51:02
09:57:54,20.5,0.0,1014,2080259,买盘,000969,2025-10-17 22:51:02
09:57:57,20.54,0.04,794,1629707,买盘,000969,2025-10-17 22:51:02
09:58:00,20.55,0.01,1250,2567338,买盘,000969,2025-10-17 22:51:02
09:58:03,20.58,0.03,1814,3728494,买盘,000969,2025-10-17 22:51:02
09:58:06,20.6,0.02,1275,2624851,买盘,000969,2025-10-17 22:51:02
09:58:09,20.62,0.02,3750,7724066,买盘,000969,2025-10-17 22:51:02
09:58:12,20.63,0.01,1232,2541798,买盘,000969,2025-10-17 22:51:02
09:58:15,20.65,0.02,1940,4003498,买盘,000969,2025-10-17 22:51:02
09:58:18,20.65,0.0,1434,2961017,买盘,000969,2025-10-17 22:51:02
09:58:21,20.66,0.01,2212,4568275,买盘,000969,2025-10-17 22:51:02
09:58:24,20.63,-0.03,4140,8545503,卖盘,000969,2025-10-17 22:51:02
09:58:27,20.6,-0.03,2978,6137745,中性盘,000969,2025-10-17 22:51:02
09:58:30,20.54,-0.06,1605,3299673,卖盘,000969,2025-10-17 22:51:02
09:58:33,20.43,-0.11,1022,2094695,卖盘,000969,2025-10-17 22:51:02
09:58:36,20.42,-0.01,793,1624216,卖盘,000969,2025-10-17 22:51:02
09:58:39,20.48,0.06,513,1050453,买盘,000969,2025-10-17 22:51:02
09:58:42,20.49,0.01,834,1707553,买盘,000969,2025-10-17 22:51:02
09:58:45,20.49,0.0,804,1648629,卖盘,000969,2025-10-17 22:51:02
09:58:48,20.54,0.05,482,989469,买盘,000969,2025-10-17 22:51:02
09:58:51,20.54,0.0,1400,2874432,买盘,000969,2025-10-17 22:51:02
09:58:54,20.53,-0.01,1308,2686048,中性盘,000969,2025-10-17 22:51:02
09:58:57,20.51,-0.02,2990,6129978,卖盘,000969,2025-10-17 22:51:02
09:59:00,20.5,-0.01,676,1387354,卖盘,000969,2025-10-17 22:51:02
09:59:03,20.5,0.0,1013,2076195,买盘,000969,2025-10-17 22:51:02
09:59:06,20.5,0.0,514,1052843,买盘,000969,2025-10-17 22:51:02
09:59:09,20.43,-0.07,735,1505010,卖盘,000969,2025-10-17 22:51:02
09:59:12,20.43,0.0,554,1132184,卖盘,000969,2025-10-17 22:51:02
09:59:15,20.49,0.06,621,1270423,买盘,000969,2025-10-17 22:51:02
09:59:18,20.5,0.01,501,1026664,买盘,000969,2025-10-17 22:51:02
09:59:21,20.5,0.0,680,1393900,买盘,000969,2025-10-17 22:51:02
09:59:24,20.52,0.02,270,554081,买盘,000969,2025-10-17 22:51:02
09:59:27,20.53,0.01,286,587364,中性盘,000969,2025-10-17 22:51:02
09:59:30,20.56,0.03,706,1450985,买盘,000969,2025-10-17 22:51:02
09:59:33,20.59,0.03,531,1092242,买盘,000969,2025-10-17 22:51:02
09:59:36,20.61,0.02,1488,3064413,买盘,000969,2025-10-17 22:51:02
09:59:39,20.65,0.04,1048,2160978,买盘,000969,2025-10-17 22:51:02
09:59:42,20.7,0.05,2626,5429384,买盘,000969,2025-10-17 22:51:02
09:59:45,20.72,0.02,1759,3640071,买盘,000969,2025-10-17 22:51:02
09:59:48,20.73,0.01,2846,5897561,买盘,000969,2025-10-17 22:51:02
09:59:51,20.75,0.02,1815,3763937,买盘,000969,2025-10-17 22:51:02
09:59:54,20.77,0.02,1964,4075225,买盘,000969,2025-10-17 22:51:02
09:59:57,20.78,0.01,3688,7651237,买盘,000969,2025-10-17 22:51:02
10:00:00,20.78,0.0,4286,8895420,买盘,000969,2025-10-17 22:51:02
10:00:03,20.76,-0.02,7061,14637847,卖盘,000969,2025-10-17 22:51:02
10:00:06,20.59,-0.17,2030,4203451,卖盘,000969,2025-10-17 22:51:02
10:00:09,20.7,0.11,822,1693150,买盘,000969,2025-10-17 22:51:02
10:00:12,20.67,-0.03,944,1948199,中性盘,000969,2025-10-17 22:51:02
10:00:15,20.64,-0.03,721,1488120,卖盘,000969,2025-10-17 22:51:02
10:00:18,20.6,-0.04,795,1638295,卖盘,000969,2025-10-17 22:51:02
10:00:21,20.6,0.0,1013,2085948,买盘,000969,2025-10-17 22:51:02
10:00:24,20.58,-0.02,756,1556645,卖盘,000969,2025-10-17 22:51:02
10:00:27,20.58,0.0,1773,3645731,卖盘,000969,2025-10-17 22:51:02
10:00:30,20.55,-0.03,880,1809866,卖盘,000969,2025-10-17 22:51:02
10:00:33,20.54,-0.01,486,998659,卖盘,000969,2025-10-17 22:51:02
10:00:36,20.54,0.0,2122,4356967,卖盘,000969,2025-10-17 22:51:02
10:00:39,20.52,-0.02,987,2026827,中性盘,000969,2025-10-17 22:51:02
10:00:42,20.55,0.03,470,966979,买盘,000969,2025-10-17 22:51:02
10:00:45,20.56,0.01,520,1069713,中性盘,000969,2025-10-17 22:51:02
10:00:48,20.59,0.03,525,1080761,买盘,000969,2025-10-17 22:51:02
10:00:51,20.62,0.03,838,1725898,买盘,000969,2025-10-17 22:51:02
10:00:54,20.62,0.0,1046,2156547,买盘,000969,2025-10-17 22:51:02
10:00:57,20.64,0.02,688,1419155,买盘,000969,2025-10-17 22:51:02
10:01:00,20.54,-0.1,5310,10928442,卖盘,000969,2025-10-17 22:51:02
10:01:03,20.53,-0.01,969,1990819,中性盘,000969,2025-10-17 22:51:02
10:01:06,20.51,-0.02,2089,4284491,卖盘,000969,2025-10-17 22:51:02
10:01:09,20.51,0.0,566,1161519,买盘,000969,2025-10-17 22:51:02
10:01:12,20.55,0.04,527,1081723,买盘,000969,2025-10-17 22:51:02
10:01:15,20.55,0.0,2001,4107041,卖盘,000969,2025-10-17 22:51:02
10:01:18,20.56,0.01,655,1346414,买盘,000969,2025-10-17 22:51:02
10:01:21,20.58,0.02,1039,2136312,买盘,000969,2025-10-17 22:51:02
10:01:24,20.57,-0.01,1052,2162872,卖盘,000969,2025-10-17 22:51:02
10:01:27,20.56,-0.01,872,1793056,中性盘,000969,2025-10-17 22:51:02
10:01:30,20.57,0.01,883,1815045,买盘,000969,2025-10-17 22:51:02
10:01:33,20.57,0.0,511,1050782,卖盘,000969,2025-10-17 22:51:02
10:01:36,20.54,-0.03,699,1437030,卖盘,000969,2025-10-17 22:51:02
10:01:39,20.54,0.0,816,1677286,卖盘,000969,2025-10-17 22:51:02
10:01:42,20.55,0.01,359,737276,中性盘,000969,2025-10-17 22:51:02
10:01:45,20.51,-0.04,1498,3072426,卖盘,000969,2025-10-17 22:51:02
10:01:48,20.49,-0.02,471,966267,卖盘,000969,2025-10-17 22:51:02
10:01:51,20.53,0.04,543,1114123,买盘,000969,2025-10-17 22:51:02
10:01:54,20.56,0.03,672,1377710,买盘,000969,2025-10-17 22:51:02
10:01:57,20.56,0.0,298,612156,买盘,000969,2025-10-17 22:51:02
10:02:00,20.53,-0.03,156,320456,卖盘,000969,2025-10-17 22:51:02
10:02:03,20.55,0.02,1258,2586139,买盘,000969,2025-10-17 22:51:02
10:02:06,20.57,0.02,493,1013937,买盘,000969,2025-10-17 22:51:02
10:02:09,20.59,0.02,587,1208070,买盘,000969,2025-10-17 22:51:02
10:02:12,20.6,0.01,716,1474642,买盘,000969,2025-10-17 22:51:02
10:02:15,20.63,0.03,1365,2813004,买盘,000969,2025-10-17 22:51:02
10:02:18,20.66,0.03,1783,3680301,买盘,000969,2025-10-17 22:51:02
10:02:21,20.7,0.04,583,1205739,买盘,000969,2025-10-17 22:51:02
10:02:24,20.75,0.05,2070,4288071,买盘,000969,2025-10-17 22:51:02
10:02:27,20.77,0.02,969,2010396,买盘,000969,2025-10-17 22:51:02
10:02:30,20.77,0.0,2398,4981410,买盘,000969,2025-10-17 22:51:02
10:02:33,20.8,0.03,2510,5213625,买盘,000969,2025-10-17 22:51:02
10:02:36,20.79,-0.01,3462,7200128,卖盘,000969,2025-10-17 22:51:02
10:02:39,20.8,0.01,5490,11411304,买盘,000969,2025-10-17 22:51:02
10:02:42,20.8,0.0,2158,4490271,卖盘,000969,2025-10-17 22:51:02
10:02:45,20.8,0.0,4255,8847650,卖盘,000969,2025-10-17 22:51:02
10:02:48,20.75,-0.05,3293,6846027,卖盘,000969,2025-10-17 22:51:02
10:02:51,20.67,-0.08,1459,3026009,卖盘,000969,2025-10-17 22:51:02
10:02:54,20.75,0.08,1175,2434009,买盘,000969,2025-10-17 22:51:02
10:02:57,20.7,-0.05,763,1580254,中性盘,000969,2025-10-17 22:51:02
10:03:00,20.75,0.05,1102,2286595,买盘,000969,2025-10-17 22:51:02
10:03:03,20.69,-0.06,934,1932447,卖盘,000969,2025-10-17 22:51:02
10:03:06,20.7,0.01,1014,2101543,买盘,000969,2025-10-17 22:51:02
10:03:09,20.69,-0.01,793,1642250,卖盘,000969,2025-10-17 22:51:02
10:03:12,20.7,0.01,841,1741688,买盘,000969,2025-10-17 22:51:02
10:03:15,20.71,0.01,703,1454709,买盘,000969,2025-10-17 22:51:02
10:03:18,20.71,0.0,488,1010400,卖盘,000969,2025-10-17 22:51:02
10:03:21,20.65,-0.06,3381,6993923,卖盘,000969,2025-10-17 22:51:02
10:03:24,20.66,0.01,583,1203658,买盘,000969,2025-10-17 22:51:02
10:03:27,20.65,-0.01,1318,2721204,卖盘,000969,2025-10-17 22:51:02
10:03:30,20.67,0.02,709,1464109,买盘,000969,2025-10-17 22:51:02
10:03:33,20.62,-0.05,537,1107868,中性盘,000969,2025-10-17 22:51:02
10:03:36,20.6,-0.02,812,1673605,卖盘,000969,2025-10-17 22:51:02
10:03:39,20.6,0.0,542,1116426,买盘,000969,2025-10-17 22:51:02
10:03:42,20.6,0.0,790,1628294,卖盘,000969,2025-10-17 22:51:02
10:03:45,20.62,0.02,470,968444,买盘,000969,2025-10-17 22:51:02
10:03:48,20.59,-0.03,554,1141408,卖盘,000969,2025-10-17 22:51:02
10:03:51,20.61,0.02,393,810354,买盘,000969,2025-10-17 22:51:02
10:03:54,20.65,0.04,575,1185123,买盘,000969,2025-10-17 22:51:02
10:03:57,20.64,-0.01,555,1144128,中性盘,000969,2025-10-17 22:51:02
10:04:00,20.58,-0.06,4381,9011007,卖盘,000969,2025-10-17 22:51:02
10:04:03,20.58,0.0,259,532871,买盘,000969,2025-10-17 22:51:02
10:04:06,20.58,0.0,749,1538920,买盘,000969,2025-10-17 22:51:02
10:04:09,20.59,0.01,296,608794,买盘,000969,2025-10-17 22:51:02
10:04:12,20.6,0.01,550,1132552,买盘,000969,2025-10-17 22:51:02
10:04:15,20.6,0.0,549,1130705,买盘,000969,2025-10-17 22:51:02
10:04:18,20.6,0.0,336,692235,买盘,000969,2025-10-17 22:51:02
10:04:21,20.61,0.01,485,999242,买盘,000969,2025-10-17 22:51:02
10:04:24,20.62,0.01,443,913800,买盘,000969,2025-10-17 22:51:02
10:04:27,20.65,0.03,543,1120948,买盘,000969,2025-10-17 22:51:02
10:04:30,20.66,0.01,355,733256,买盘,000969,2025-10-17 22:51:02
10:04:33,20.68,0.02,765,1580303,买盘,000969,2025-10-17 22:51:02
10:04:36,20.69,0.01,480,993396,买盘,000969,2025-10-17 22:51:02
10:04:39,20.7,0.01,984,2035995,买盘,000969,2025-10-17 22:51:02
10:04:42,20.73,0.03,641,1327959,买盘,000969,2025-10-17 22:51:02
10:04:45,20.75,0.02,1367,2834988,买盘,000969,2025-10-17 22:51:02
10:04:48,20.76,0.01,1527,3168371,买盘,000969,2025-10-17 22:51:02
10:04:51,20.78,0.02,1128,2342477,买盘,000969,2025-10-17 22:51:02
10:04:54,20.79,0.01,1194,2481752,买盘,000969,2025-10-17 22:51:02
10:04:57,20.8,0.01,1538,3198904,买盘,000969,2025-10-17 22:51:02
10:05:00,20.84,0.04,3961,8247274,买盘,000969,2025-10-17 22:51:02
10:05:03,20.86,0.02,1166,2430765,买盘,000969,2025-10-17 22:51:02
10:05:06,20.87,0.01,2951,6158273,买盘,000969,2025-10-17 22:51:02
10:05:09,20.88,0.01,1889,3943972,买盘,000969,2025-10-17 22:51:02
10:05:12,20.9,0.02,3966,8289919,买盘,000969,2025-10-17 22:51:02
10:05:15,20.96,0.06,999,2091472,买盘,000969,2025-10-17 22:51:02
10:05:18,20.98,0.02,1626,3407926,买盘,000969,2025-10-17 22:51:02
10:05:21,20.99,0.01,3586,7523390,买盘,000969,2025-10-17 22:51:02
10:05:24,20.99,0.0,4535,9521622,买盘,000969,2025-10-17 22:51:02
10:05:27,21.0,0.01,4103,8615532,买盘,000969,2025-10-17 22:51:02
10:05:30,21.01,0.01,3288,6906095,买盘,000969,2025-10-17 22:51:02
10:05:33,21.06,0.05,1623,3413173,买盘,000969,2025-10-17 22:51:02
10:05:36,21.07,0.01,1576,3319691,中性盘,000969,2025-10-17 22:51:02
10:05:39,21.08,0.01,7093,14928095,买盘,000969,2025-10-17 22:51:02
10:05:42,21.09,0.01,2866,6042795,买盘,000969,2025-10-17 22:51:02
10:05:45,21.1,0.01,2076,4379949,买盘,000969,2025-10-17 22:51:02
10:05:48,21.1,0.0,4912,10367984,卖盘,000969,2025-10-17 22:51:02
10:05:51,21.1,0.0,3609,7618199,卖盘,000969,2025-10-17 22:51:02
10:05:54,21.08,-0.02,3010,6338246,卖盘,000969,2025-10-17 22:51:02
10:05:57,21.01,-0.07,3725,7831544,卖盘,000969,2025-10-17 22:51:02
10:06:00,20.97,-0.04,2511,5271708,卖盘,000969,2025-10-17 22:51:02
10:06:03,20.93,-0.04,757,1586683,卖盘,000969,2025-10-17 22:51:02
10:06:06,20.9,-0.03,853,1784493,卖盘,000969,2025-10-17 22:51:02
10:06:09,20.88,-0.02,687,1435662,卖盘,000969,2025-10-17 22:51:02
10:06:12,20.86,-0.02,1072,2236894,卖盘,000969,2025-10-17 22:51:02
10:06:15,20.85,-0.01,768,1600483,卖盘,000969,2025-10-17 22:51:02
10:06:18,20.83,-0.02,942,1963455,卖盘,000969,2025-10-17 22:51:02
10:06:21,20.82,-0.01,490,1020656,卖盘,000969,2025-10-17 22:51:02
10:06:24,20.83,0.01,768,1598966,买盘,000969,2025-10-17 22:51:02
10:06:27,20.87,0.04,1804,3763252,买盘,000969,2025-10-17 22:51:02
10:06:30,20.93,0.06,802,1678073,买盘,000969,2025-10-17 22:51:02
10:06:33,20.96,0.03,1050,2196948,买盘,000969,2025-10-17 22:51:02
10:06:36,20.99,0.03,842,1766070,买盘,000969,2025-10-17 22:51:02
10:06:39,20.99,0.0,2018,4233194,买盘,000969,2025-10-17 22:51:02
10:06:42,20.99,0.0,1964,4123239,买盘,000969,2025-10-17 22:51:02
10:06:45,21.02,0.03,1384,2906170,买盘,000969,2025-10-17 22:51:02
10:06:48,21.05,0.03,806,1695102,买盘,000969,2025-10-17 22:51:02
10:06:51,21.06,0.01,831,1748703,买盘,000969,2025-10-17 22:51:02
10:06:54,21.09,0.03,1623,3419372,买盘,000969,2025-10-17 22:51:02
10:06:57,21.09,0.0,1342,2829633,买盘,000969,2025-10-17 22:51:02
10:07:00,21.1,0.01,2560,5401092,买盘,000969,2025-10-17 22:51:02
10:07:03,21.11,0.01,2600,5486921,买盘,000969,2025-10-17 22:51:02
10:07:06,21.05,-0.06,5643,11883504,卖盘,000969,2025-10-17 22:51:02
10:07:09,20.99,-0.06,978,2058774,卖盘,000969,2025-10-17 22:51:02
10:07:12,20.93,-0.06,896,1878710,卖盘,000969,2025-10-17 22:51:02
10:07:15,20.93,0.0,1092,2287927,买盘,000969,2025-10-17 22:51:02
10:07:18,20.9,-0.03,658,1375494,卖盘,000969,2025-10-17 22:51:02
10:07:21,20.92,0.02,907,1895931,买盘,000969,2025-10-17 22:51:02
10:07:24,20.94,0.02,1113,2327078,买盘,000969,2025-10-17 22:51:02
10:07:27,20.94,0.0,522,1092496,买盘,000969,2025-10-17 22:51:02
10:07:30,20.96,0.02,487,1021614,卖盘,000969,2025-10-17 22:51:02
10:07:33,21.0,0.04,754,1581606,买盘,000969,2025-10-17 22:51:02
10:07:36,20.95,-0.05,1343,2819518,卖盘,000969,2025-10-17 22:51:02
10:07:39,20.94,-0.01,1260,2639546,卖盘,000969,2025-10-17 22:51:02
10:07:42,20.96,0.02,1329,2785444,买盘,000969,2025-10-17 22:51:02
10:07:45,20.99,0.03,1887,3953398,买盘,000969,2025-10-17 22:51:02
10:07:48,20.99,0.0,1149,2408004,卖盘,000969,2025-10-17 22:51:02
10:07:51,20.98,-0.01,2181,4578375,中性盘,000969,2025-10-17 22:51:02
10:07:54,20.97,-0.01,644,1350712,中性盘,000969,2025-10-17 22:51:02
10:07:57,20.95,-0.02,789,1653585,卖盘,000969,2025-10-17 22:51:02
10:08:00,20.94,-0.01,557,1166553,卖盘,000969,2025-10-17 22:51:02
10:08:03,20.92,-0.02,531,1111593,卖盘,000969,2025-10-17 22:51:02
10:08:06,20.9,-0.02,1404,2936418,卖盘,000969,2025-10-17 22:51:02
10:08:09,20.87,-0.03,995,2078380,卖盘,000969,2025-10-17 22:51:02
10:08:12,20.86,-0.01,249,519585,卖盘,000969,2025-10-17 22:51:02
10:08:15,20.85,-0.01,692,1442925,卖盘,000969,2025-10-17 22:51:02
10:08:18,20.83,-0.02,202,420862,卖盘,000969,2025-10-17 22:51:02
10:08:21,20.83,0.0,1509,3140169,卖盘,000969,2025-10-17 22:51:02
10:08:24,20.83,0.0,664,1383005,买盘,000969,2025-10-17 22:51:02
10:08:27,20.85,0.02,828,1724075,买盘,000969,2025-10-17 22:51:02
10:08:30,20.88,0.03,683,1424268,买盘,000969,2025-10-17 22:51:02
10:08:33,20.86,-0.02,1087,2267402,卖盘,000969,2025-10-17 22:51:02
10:08:36,20.89,0.03,2818,5878287,买盘,000969,2025-10-17 22:51:02
10:08:39,20.88,-0.01,795,1657763,中性盘,000969,2025-10-17 22:51:02
10:08:42,20.86,-0.02,693,1446202,卖盘,000969,2025-10-17 22:51:02
10:08:45,20.87,0.01,567,1182369,买盘,000969,2025-10-17 22:51:02
10:08:48,20.8,-0.07,1074,2237274,卖盘,000969,2025-10-17 22:51:02
10:08:51,20.84,0.04,673,1401463,中性盘,000969,2025-10-17 22:51:02
10:08:54,20.8,-0.04,586,1219684,卖盘,000969,2025-10-17 22:51:02
10:08:57,20.8,0.0,587,1221355,卖盘,000969,2025-10-17 22:51:02
10:09:00,20.8,0.0,391,813143,买盘,000969,2025-10-17 22:51:02
10:09:03,20.8,0.0,892,1854173,卖盘,000969,2025-10-17 22:51:02
10:09:06,20.79,-0.01,665,1382999,卖盘,000969,2025-10-17 22:51:02
10:09:09,20.8,0.01,575,1196299,买盘,000969,2025-10-17 22:51:02
10:09:12,20.77,-0.03,900,1869458,卖盘,000969,2025-10-17 22:51:02
10:09:15,20.77,0.0,461,957770,卖盘,000969,2025-10-17 22:51:02
10:09:18,20.77,0.0,278,577553,卖盘,000969,2025-10-17 22:51:02
10:09:21,20.77,0.0,340,705963,买盘,000969,2025-10-17 22:51:02
10:09:24,20.75,-0.02,313,649943,卖盘,000969,2025-10-17 22:51:02
10:09:27,20.76,0.01,216,448331,买盘,000969,2025-10-17 22:51:02
10:09:30,20.74,-0.02,612,1270452,卖盘,000969,2025-10-17 22:51:02
10:09:33,20.75,0.01,483,1002173,买盘,000969,2025-10-17 22:51:02
10:09:36,20.74,-0.01,426,883493,卖盘,000969,2025-10-17 22:51:02
10:09:39,20.75,0.01,578,1198590,买盘,000969,2025-10-17 22:51:02
10:09:42,20.75,0.0,936,1942533,买盘,000969,2025-10-17 22:51:02
10:09:45,20.75,0.0,498,1033444,买盘,000969,2025-10-17 22:51:02
10:09:48,20.76,0.01,435,902748,卖盘,000969,2025-10-17 22:51:02
10:09:51,20.75,-0.01,677,1404861,卖盘,000969,2025-10-17 22:51:02
10:09:54,20.75,0.0,790,1640260,卖盘,000969,2025-10-17 22:51:02
10:09:57,20.73,-0.02,987,2050340,卖盘,000969,2025-10-17 22:51:02
10:10:00,20.68,-0.05,1570,3250860,卖盘,000969,2025-10-17 22:51:02
10:10:03,20.6,-0.08,777,1604318,卖盘,000969,2025-10-17 22:51:02
10:10:06,20.6,0.0,520,1071018,卖盘,000969,2025-10-17 22:51:02
10:10:09,20.6,0.0,590,1215268,买盘,000969,2025-10-17 22:51:02
10:10:12,20.65,0.05,375,774644,买盘,000969,2025-10-17 22:51:02
10:10:15,20.65,0.0,519,1071140,卖盘,000969,2025-10-17 22:51:02
10:10:18,20.65,0.0,309,637912,买盘,000969,2025-10-17 22:51:02
10:10:21,20.66,0.01,694,1432439,买盘,000969,2025-10-17 22:51:02
10:10:24,20.66,0.0,494,1020427,买盘,000969,2025-10-17 22:51:02
10:10:27,20.67,0.01,377,779462,买盘,000969,2025-10-17 22:51:02
10:10:30,20.68,0.01,339,700957,买盘,000969,2025-10-17 22:51:02
10:10:33,20.69,0.01,584,1207235,买盘,000969,2025-10-17 22:51:02
10:10:36,20.69,0.0,217,449082,买盘,000969,2025-10-17 22:51:02
10:10:39,20.72,0.03,449,929375,买盘,000969,2025-10-17 22:51:02
10:10:42,20.72,0.0,371,768601,买盘,000969,2025-10-17 22:51:02
10:10:45,20.73,0.01,498,1031551,买盘,000969,2025-10-17 22:51:02
10:10:48,20.73,0.0,1068,2213120,买盘,000969,2025-10-17 22:51:02
10:10:51,20.73,0.0,340,704913,卖盘,000969,2025-10-17 22:51:02
10:10:54,20.74,0.01,626,1297969,买盘,000969,2025-10-17 22:51:02
10:10:57,20.72,-0.02,1274,2637843,卖盘,000969,2025-10-17 22:51:02
10:11:00,20.69,-0.03,544,1125455,中性盘,000969,2025-10-17 22:51:02
10:11:03,20.65,-0.04,643,1328875,卖盘,000969,2025-10-17 22:51:02
10:11:06,20.62,-0.03,647,1336389,卖盘,000969,2025-10-17 22:51:02
10:11:09,20.62,0.0,259,534076,卖盘,000969,2025-10-17 22:51:02
10:11:12,20.61,-0.01,726,1496255,卖盘,000969,2025-10-17 22:51:02
10:11:15,20.61,0.0,508,1046598,买盘,000969,2025-10-17 22:51:02
10:11:18,20.6,-0.01,550,1132630,卖盘,000969,2025-10-17 22:51:02
10:11:21,20.61,0.01,466,960264,买盘,000969,2025-10-17 22:51:02
10:11:24,20.62,0.01,293,603917,买盘,000969,2025-10-17 22:51:02
10:11:27,20.62,0.0,318,655670,买盘,000969,2025-10-17 22:51:02
10:11:30,20.65,0.03,312,643745,买盘,000969,2025-10-17 22:51:02
10:11:33,20.65,0.0,260,536575,买盘,000969,2025-10-17 22:51:02
10:11:36,20.67,0.02,76,157056,买盘,000969,2025-10-17 22:51:02
10:11:39,20.68,0.01,312,644461,买盘,000969,2025-10-17 22:51:02
10:11:42,20.69,0.01,128,264671,买盘,000969,2025-10-17 22:51:02
10:11:45,20.65,-0.04,479,990680,卖盘,000969,2025-10-17 22:51:02
10:11:48,20.66,0.01,413,853392,中性盘,000969,2025-10-17 22:51:02
10:11:51,20.63,-0.03,380,784642,卖盘,000969,2025-10-17 22:51:02
10:11:54,20.63,0.0,871,1797260,卖盘,000969,2025-10-17 22:51:02
10:11:57,20.63,0.0,346,714190,卖盘,000969,2025-10-17 22:51:02
10:12:00,20.65,0.02,183,377800,买盘,000969,2025-10-17 22:51:02
10:12:03,20.65,0.0,183,377768,买盘,000969,2025-10-17 22:51:02
10:12:06,20.64,-0.01,824,1700792,卖盘,000969,2025-10-17 22:51:02
10:12:09,20.62,-0.02,376,775886,卖盘,000969,2025-10-17 22:51:02
10:12:12,20.61,-0.01,975,2011699,卖盘,000969,2025-10-17 22:51:02
10:12:15,20.61,0.0,839,1729468,卖盘,000969,2025-10-17 22:51:02
10:12:18,20.59,-0.02,2018,4156933,卖盘,000969,2025-10-17 22:51:02
10:12:21,20.57,-0.02,350,720206,卖盘,000969,2025-10-17 22:51:02
10:12:24,20.57,0.0,347,714117,卖盘,000969,2025-10-17 22:51:02
10:12:27,20.56,-0.01,367,754794,卖盘,000969,2025-10-17 22:51:02
10:12:30,20.56,0.0,570,1172321,卖盘,000969,2025-10-17 22:51:02
10:12:33,20.56,0.0,451,927254,卖盘,000969,2025-10-17 22:51:02
10:12:36,20.56,0.0,710,1459730,买盘,000969,2025-10-17 22:51:02
10:12:39,20.56,0.0,393,807914,买盘,000969,2025-10-17 22:51:02
10:12:42,20.55,-0.01,450,924872,卖盘,000969,2025-10-17 22:51:02
10:12:45,20.53,-0.02,609,1250793,卖盘,000969,2025-10-17 22:51:02
10:12:48,20.53,0.0,291,597290,买盘,000969,2025-10-17 22:51:02
10:12:51,20.53,0.0,192,394167,买盘,000969,2025-10-17 22:51:02
10:12:54,20.5,-0.03,1967,4033768,卖盘,000969,2025-10-17 22:51:02
10:12:57,20.51,0.01,542,1111049,买盘,000969,2025-10-17 22:51:02
10:13:00,20.53,0.02,570,1169493,买盘,000969,2025-10-17 22:51:02
10:13:03,20.55,0.02,355,729134,买盘,000969,2025-10-17 22:51:02
10:13:06,20.5,-0.05,1026,2104368,卖盘,000969,2025-10-17 22:51:02
10:13:09,20.5,0.0,631,1293535,买盘,000969,2025-10-17 22:51:02
10:13:12,20.51,0.01,703,1441116,买盘,000969,2025-10-17 22:51:02
10:13:15,20.53,0.02,391,802374,买盘,000969,2025-10-17 22:51:02
10:13:18,20.56,0.03,1851,3805100,买盘,000969,2025-10-17 22:51:02
10:13:21,20.59,0.03,216,444298,买盘,000969,2025-10-17 22:51:02
10:13:24,20.6,0.01,196,403731,买盘,000969,2025-10-17 22:51:02
10:13:27,20.6,0.0,516,1062951,买盘,000969,2025-10-17 22:51:02
10:13:30,20.6,0.0,2645,5449048,买盘,000969,2025-10-17 22:51:02
10:13:33,20.59,-0.01,2399,4934900,卖盘,000969,2025-10-17 22:51:02
10:13:36,20.59,0.0,884,1819908,买盘,000969,2025-10-17 22:51:02
10:13:39,20.61,0.02,667,1373860,买盘,000969,2025-10-17 22:51:02
10:13:42,20.61,0.0,274,564557,买盘,000969,2025-10-17 22:51:02
10:13:45,20.65,0.04,218,449587,买盘,000969,2025-10-17 22:51:02
10:13:48,20.59,-0.06,878,1809443,卖盘,000969,2025-10-17 22:51:02
10:13:51,20.6,0.01,618,1272682,买盘,000969,2025-10-17 22:51:02
10:13:54,20.6,0.0,344,708610,买盘,000969,2025-10-17 22:51:02
10:13:57,20.61,0.01,122,251405,买盘,000969,2025-10-17 22:51:02
10:14:00,20.61,0.0,517,1065484,买盘,000969,2025-10-17 22:51:02
10:14:03,20.64,0.03,183,377258,买盘,000969,2025-10-17 22:51:02
10:14:06,20.62,-0.02,553,1140112,卖盘,000969,2025-10-17 22:51:02
10:14:09,20.56,-0.06,1246,2565681,卖盘,000969,2025-10-17 22:51:02
10:14:12,20.6,0.04,209,430336,买盘,000969,2025-10-17 22:51:02
10:14:15,20.54,-0.06,537,1103173,卖盘,000969,2025-10-17 22:51:02
10:14:18,20.53,-0.01,595,1223700,卖盘,000969,2025-10-17 22:51:02
10:14:21,20.53,0.0,156,320388,卖盘,000969,2025-10-17 22:51:02
10:14:24,20.52,-0.01,327,671458,卖盘,000969,2025-10-17 22:51:02
10:14:27,20.52,0.0,90,184760,卖盘,000969,2025-10-17 22:51:02
10:14:30,20.52,0.0,242,496494,买盘,000969,2025-10-17 22:51:02
10:14:33,20.51,-0.01,453,929257,卖盘,000969,2025-10-17 22:51:02
10:14:36,20.52,0.01,425,871975,买盘,000969,2025-10-17 22:51:02
10:14:39,20.52,0.0,660,1353554,卖盘,000969,2025-10-17 22:51:02
10:14:42,20.53,0.01,243,498945,中性盘,000969,2025-10-17 22:51:02
10:14:45,20.54,0.01,52,106892,中性盘,000969,2025-10-17 22:51:02
10:14:48,20.55,0.01,205,421140,中性盘,000969,2025-10-17 22:51:02
10:14:51,20.55,0.0,44,90476,中性盘,000969,2025-10-17 22:51:02
10:14:54,20.52,-0.03,756,1552075,卖盘,000969,2025-10-17 22:51:02
10:14:57,20.51,-0.01,156,319921,卖盘,000969,2025-10-17 22:51:02
10:15:00,20.5,-0.01,197,404018,卖盘,000969,2025-10-17 22:51:02
10:15:03,20.5,0.0,395,809968,卖盘,000969,2025-10-17 22:51:02
10:15:06,20.51,0.01,220,451190,中性盘,000969,2025-10-17 22:51:02
10:15:09,20.5,-0.01,178,365053,卖盘,000969,2025-10-17 22:51:02
10:15:12,20.55,0.05,343,704741,买盘,000969,2025-10-17 22:51:02
10:15:15,20.51,-0.04,241,494859,卖盘,000969,2025-10-17 22:51:02
10:15:18,20.55,0.04,136,279127,买盘,000969,2025-10-17 22:51:02
10:15:21,20.52,-0.03,115,236094,中性盘,000969,2025-10-17 22:51:02
10:15:24,20.53,0.01,402,824784,买盘,000969,2025-10-17 22:51:02
10:15:27,20.54,0.01,135,277077,买盘,000969,2025-10-17 22:51:02
10:15:30,20.54,0.0,89,182744,买盘,000969,2025-10-17 22:51:02
10:15:33,20.54,0.0,198,406785,买盘,000969,2025-10-17 22:51:02
10:15:36,20.56,0.02,266,546463,买盘,000969,2025-10-17 22:51:02
10:15:39,20.56,0.0,251,515867,买盘,000969,2025-10-17 22:51:02
10:15:42,20.56,0.0,1433,2943920,买盘,000969,2025-10-17 22:51:02
10:15:45,20.56,0.0,187,384466,卖盘,000969,2025-10-17 22:51:02
10:15:48,20.56,0.0,107,219942,买盘,000969,2025-10-17 22:51:02
10:15:51,20.55,-0.01,168,345415,卖盘,000969,2025-10-17 22:51:02
10:15:54,20.54,-0.01,251,515949,卖盘,000969,2025-10-17 22:51:02
10:15:57,20.55,0.01,348,715078,买盘,000969,2025-10-17 22:51:02
10:16:00,20.54,-0.01,221,453907,卖盘,000969,2025-10-17 22:51:02
10:16:03,20.5,-0.04,2099,4305940,卖盘,000969,2025-10-17 22:51:02
10:16:06,20.48,-0.02,298,610668,卖盘,000969,2025-10-17 22:51:02
10:16:09,20.49,0.01,406,831690,买盘,000969,2025-10-17 22:51:02
10:16:12,20.45,-0.04,241,493117,卖盘,000969,2025-10-17 22:51:02
10:16:15,20.45,0.0,897,1832622,卖盘,000969,2025-10-17 22:51:02
10:16:18,20.44,-0.01,1494,3052482,卖盘,000969,2025-10-17 22:51:02
10:16:21,20.44,0.0,1949,3979227,买盘,000969,2025-10-17 22:51:02
10:16:24,20.44,0.0,648,1324302,卖盘,000969,2025-10-17 22:51:02
10:16:27,20.45,0.01,240,490752,买盘,000969,2025-10-17 22:51:02
10:16:30,20.5,0.05,133,272088,中性盘,000969,2025-10-17 22:51:02
10:16:33,20.51,0.01,196,401143,买盘,000969,2025-10-17 22:51:02
10:16:36,20.5,-0.01,33,67664,买盘,000969,2025-10-17 22:51:02
10:16:39,20.5,0.0,172,352677,卖盘,000969,2025-10-17 22:51:02
10:16:42,20.47,-0.03,189,387321,卖盘,000969,2025-10-17 22:51:02
10:16:45,20.47,0.0,73,149399,买盘,000969,2025-10-17 22:51:02
10:16:48,20.47,0.0,75,153480,买盘,000969,2025-10-17 22:51:02
10:16:51,20.45,-0.02,72,147279,卖盘,000969,2025-10-17 22:51:02
10:16:54,20.44,-0.01,229,468284,卖盘,000969,2025-10-17 22:51:02
10:16:57,20.44,0.0,1698,3477647,卖盘,000969,2025-10-17 22:51:02
10:17:00,20.44,0.0,195,398414,买盘,000969,2025-10-17 22:51:02
10:17:03,20.55,0.11,890,1821646,买盘,000969,2025-10-17 22:51:02
10:17:06,20.56,0.01,1717,3532789,买盘,000969,2025-10-17 22:51:02
10:17:09,20.58,0.02,132,272224,买盘,000969,2025-10-17 22:51:02
10:17:12,20.63,0.05,173,355850,买盘,000969,2025-10-17 22:51:02
10:17:15,20.65,0.02,217,447815,买盘,000969,2025-10-17 22:51:02
10:17:18,20.66,0.01,331,683787,买盘,000969,2025-10-17 22:51:02
10:17:21,20.67,0.01,131,270817,中性盘,000969,2025-10-17 22:51:02
10:17:24,20.69,0.02,82,169589,买盘,000969,2025-10-17 22:51:02
10:17:27,20.68,-0.01,301,622749,卖盘,000969,2025-10-17 22:51:02
10:17:30,20.66,-0.02,519,1073374,卖盘,000969,2025-10-17 22:51:02
10:17:33,20.66,0.0,487,1006142,卖盘,000969,2025-10-17 22:51:02
10:17:36,20.6,-0.06,97,200245,卖盘,000969,2025-10-17 22:51:02
10:17:39,20.59,-0.01,152,312793,卖盘,000969,2025-10-17 22:51:02
10:17:42,20.55,-0.04,238,489747,卖盘,000969,2025-10-17 22:51:02
10:17:45,20.59,0.04,457,939458,买盘,000969,2025-10-17 22:51:02
10:17:48,20.58,-0.01,309,635369,买盘,000969,2025-10-17 22:51:02
10:17:51,20.6,0.02,115,236662,买盘,000969,2025-10-17 22:51:02
10:17:54,20.59,-0.01,173,356217,卖盘,000969,2025-10-17 22:51:02
10:17:57,20.59,0.0,119,244856,买盘,000969,2025-10-17 22:51:02
10:18:00,20.59,0.0,432,888425,买盘,000969,2025-10-17 22:51:02
10:18:03,20.59,0.0,173,356270,卖盘,000969,2025-10-17 22:51:02
10:18:06,20.6,0.01,296,609696,买盘,000969,2025-10-17 22:51:02
10:18:09,20.6,0.0,608,1251912,买盘,000969,2025-10-17 22:51:02
10:18:12,20.59,-0.01,252,518522,卖盘,000969,2025-10-17 22:51:02
10:18:15,20.59,0.0,197,405777,买盘,000969,2025-10-17 22:51:02
10:18:18,20.59,0.0,493,1012605,卖盘,000969,2025-10-17 22:51:02
10:18:21,20.59,0.0,263,541352,买盘,000969,2025-10-17 22:51:02
10:18:24,20.58,-0.01,205,421662,卖盘,000969,2025-10-17 22:51:02
10:18:27,20.58,0.0,608,1253017,买盘,000969,2025-10-17 22:51:02
10:18:30,20.58,0.0,79,162504,买盘,000969,2025-10-17 22:51:02
10:18:33,20.58,0.0,47,96722,卖盘,000969,2025-10-17 22:51:02
10:18:36,20.59,0.01,250,513522,买盘,000969,2025-10-17 22:51:02
10:18:39,20.58,-0.01,478,983830,卖盘,000969,2025-10-17 22:51:02
10:18:42,20.51,-0.07,92,189213,卖盘,000969,2025-10-17 22:51:02
10:18:45,20.53,0.02,151,310200,买盘,000969,2025-10-17 22:51:02
10:18:48,20.59,0.06,286,588821,买盘,000969,2025-10-17 22:51:02
10:18:51,20.63,0.04,88,181279,买盘,000969,2025-10-17 22:51:02
10:18:54,20.65,0.02,91,187782,买盘,000969,2025-10-17 22:51:02
10:18:57,20.65,0.0,295,609539,买盘,000969,2025-10-17 22:51:02
10:19:00,20.62,-0.03,187,385910,卖盘,000969,2025-10-17 22:51:02
10:19:03,20.62,0.0,406,836145,卖盘,000969,2025-10-17 22:51:02
10:19:06,20.59,-0.03,291,597980,中性盘,000969,2025-10-17 22:51:02
10:19:09,20.62,0.03,248,511657,买盘,000969,2025-10-17 22:51:02
10:19:12,20.59,-0.03,141,289869,卖盘,000969,2025-10-17 22:51:02
10:19:15,20.6,0.01,76,156517,买盘,000969,2025-10-17 22:51:02
10:19:18,20.59,-0.01,102,210058,卖盘,000969,2025-10-17 22:51:02
10:19:21,20.6,0.01,54,111237,买盘,000969,2025-10-17 22:51:02
10:19:24,20.6,0.0,380,782266,卖盘,000969,2025-10-17 22:51:02
10:19:27,20.6,0.0,283,583466,买盘,000969,2025-10-17 22:51:02
10:19:30,20.61,0.01,92,189500,中性盘,000969,2025-10-17 22:51:02
10:19:33,20.64,0.03,306,630980,买盘,000969,2025-10-17 22:51:02
10:19:36,20.6,-0.04,340,700023,卖盘,000969,2025-10-17 22:51:02
10:19:39,20.58,-0.02,423,871236,卖盘,000969,2025-10-17 22:51:02
10:19:42,20.58,0.0,767,1579107,买盘,000969,2025-10-17 22:51:02
10:19:45,20.61,0.03,313,645287,买盘,000969,2025-10-17 22:51:02
10:19:48,20.61,0.0,46,94801,中性盘,000969,2025-10-17 22:51:02
10:19:51,20.59,-0.02,279,574749,卖盘,000969,2025-10-17 22:51:02
10:19:54,20.59,0.0,185,381188,卖盘,000969,2025-10-17 22:51:02
10:19:57,20.58,-0.01,280,576600,卖盘,000969,2025-10-17 22:51:02
10:20:00,20.6,0.02,101,208019,买盘,000969,2025-10-17 22:51:02
10:20:03,20.58,-0.02,167,343835,卖盘,000969,2025-10-17 22:51:02
10:20:06,20.62,0.04,599,1234946,买盘,000969,2025-10-17 22:51:02
10:20:09,20.62,0.0,213,438914,卖盘,000969,2025-10-17 22:51:02
10:20:12,20.6,-0.02,105,216465,卖盘,000969,2025-10-17 22:51:02
10:20:15,20.62,0.02,300,618604,买盘,000969,2025-10-17 22:51:02
10:20:18,20.62,0.0,116,239092,卖盘,000969,2025-10-17 22:51:02
10:20:21,20.62,0.0,305,628813,买盘,000969,2025-10-17 22:51:02
10:20:24,20.67,0.05,767,1583052,买盘,000969,2025-10-17 22:51:02
10:20:27,20.7,0.03,634,1312153,买盘,000969,2025-10-17 22:51:02
10:20:30,20.75,0.05,135,279890,买盘,000969,2025-10-17 22:51:02
10:20:33,20.75,0.0,319,661942,买盘,000969,2025-10-17 22:51:02
10:20:36,20.78,0.03,163,338493,买盘,000969,2025-10-17 22:51:02
10:20:39,20.78,0.0,349,725618,买盘,000969,2025-10-17 22:51:02
10:20:42,20.74,-0.04,1310,2718168,卖盘,000969,2025-10-17 22:51:02
10:20:45,20.74,0.0,888,1844995,买盘,000969,2025-10-17 22:51:02
10:20:48,20.74,0.0,239,495847,卖盘,000969,2025-10-17 22:51:02
10:20:51,20.78,0.04,547,1135902,买盘,000969,2025-10-17 22:51:02
10:20:54,20.87,0.09,1054,2194118,买盘,000969,2025-10-17 22:51:02
10:20:57,20.88,0.01,408,848528,买盘,000969,2025-10-17 22:51:02
10:21:00,20.87,-0.01,636,1326430,卖盘,000969,2025-10-17 22:51:02
10:21:03,20.88,0.01,1034,2157641,买盘,000969,2025-10-17 22:51:02
10:21:06,20.87,-0.01,2411,5025772,买盘,000969,2025-10-17 22:51:02
10:21:09,20.87,0.0,558,1164590,卖盘,000969,2025-10-17 22:51:02
10:21:12,20.8,-0.07,674,1405509,卖盘,000969,2025-10-17 22:51:02
10:21:15,20.74,-0.06,1202,2494164,卖盘,000969,2025-10-17 22:51:02
10:21:18,20.75,0.01,293,607840,买盘,000969,2025-10-17 22:51:02
10:21:21,20.74,-0.01,259,537936,卖盘,000969,2025-10-17 22:51:02
10:21:24,20.81,0.07,440,916379,买盘,000969,2025-10-17 22:51:02
10:21:27,20.8,-0.01,407,847431,卖盘,000969,2025-10-17 22:51:02
10:21:30,20.85,0.05,323,672193,买盘,000969,2025-10-17 22:51:02
10:21:33,20.81,-0.04,386,803155,卖盘,000969,2025-10-17 22:51:02
10:21:36,20.81,0.0,196,408097,卖盘,000969,2025-10-17 22:51:02
10:21:39,20.8,-0.01,479,997233,卖盘,000969,2025-10-17 22:51:02
10:21:42,20.8,0.0,355,737849,买盘,000969,2025-10-17 22:51:02
10:21:45,20.74,-0.06,439,911725,卖盘,000969,2025-10-17 22:51:02
10:21:48,20.74,0.0,369,765584,卖盘,000969,2025-10-17 22:51:02
10:21:51,20.75,0.01,41,85090,中性盘,000969,2025-10-17 22:51:02
10:21:54,20.78,0.03,540,1120954,买盘,000969,2025-10-17 22:51:02
10:21:57,20.76,-0.02,228,473768,卖盘,000969,2025-10-17 22:51:02
10:22:00,20.75,-0.01,643,1334572,卖盘,000969,2025-10-17 22:51:02
10:22:03,20.75,0.0,262,543591,买盘,000969,2025-10-17 22:51:02
10:22:06,20.75,0.0,345,715805,买盘,000969,2025-10-17 22:51:02
10:22:09,20.75,0.0,165,342279,买盘,000969,2025-10-17 22:51:02
10:22:12,20.76,0.01,782,1622558,买盘,000969,2025-10-17 22:51:02
10:22:15,20.75,-0.01,472,979320,卖盘,000969,2025-10-17 22:51:02
10:22:18,20.75,0.0,153,317461,卖盘,000969,2025-10-17 22:51:02
10:22:21,20.76,0.01,298,618450,买盘,000969,2025-10-17 22:51:02
10:22:24,20.75,-0.01,156,323760,卖盘,000969,2025-10-17 22:51:02
10:22:27,20.76,0.01,427,886149,买盘,000969,2025-10-17 22:51:02
10:22:30,20.79,0.03,424,880482,买盘,000969,2025-10-17 22:51:02
10:22:33,20.78,-0.01,125,259589,买盘,000969,2025-10-17 22:51:02
10:22:36,20.8,0.02,98,203687,买盘,000969,2025-10-17 22:51:02
10:22:39,20.79,-0.01,315,655171,卖盘,000969,2025-10-17 22:51:02
10:22:42,20.8,0.01,728,1512931,买盘,000969,2025-10-17 22:51:02
10:22:45,20.77,-0.03,183,380365,卖盘,000969,2025-10-17 22:51:02
10:22:48,20.77,0.0,261,542346,卖盘,000969,2025-10-17 22:51:02
10:22:51,20.79,0.02,204,423896,买盘,000969,2025-10-17 22:51:02
10:22:54,20.79,0.0,351,728966,买盘,000969,2025-10-17 22:51:02
10:22:57,20.79,0.0,345,717196,买盘,000969,2025-10-17 22:51:02
10:23:00,20.78,-0.01,147,305573,卖盘,000969,2025-10-17 22:51:02
10:23:03,20.78,0.0,240,498988,卖盘,000969,2025-10-17 22:51:02
10:23:06,20.8,0.02,178,369913,买盘,000969,2025-10-17 22:51:02
10:23:09,20.79,-0.01,360,748277,中性盘,000969,2025-10-17 22:51:02
10:23:12,20.78,-0.01,347,720856,卖盘,000969,2025-10-17 22:51:02
10:23:15,20.79,0.01,446,926898,买盘,000969,2025-10-17 22:51:02
10:23:18,20.78,-0.01,291,604598,卖盘,000969,2025-10-17 22:51:02
10:23:21,20.77,-0.01,100,207810,卖盘,000969,2025-10-17 22:51:02
10:23:24,20.77,0.0,125,259520,买盘,000969,2025-10-17 22:51:02
10:23:27,20.71,-0.06,1365,2829741,卖盘,000969,2025-10-17 22:51:02
10:23:30,20.63,-0.08,300,620243,卖盘,000969,2025-10-17 22:51:02
10:23:33,20.67,0.04,36,74442,中性盘,000969,2025-10-17 22:51:02
10:23:36,20.62,-0.05,1610,3330898,卖盘,000969,2025-10-17 22:51:02
10:23:39,20.7,0.08,654,1353840,卖盘,000969,2025-10-17 22:51:02
10:23:42,20.66,-0.04,233,481855,卖盘,000969,2025-10-17 22:51:02
10:23:45,20.63,-0.03,186,384642,卖盘,000969,2025-10-17 22:51:02
10:23:48,20.63,0.0,155,319837,卖盘,000969,2025-10-17 22:51:02
10:23:51,20.63,0.0,110,227055,买盘,000969,2025-10-17 22:51:02
10:23:54,20.69,0.06,144,297267,买盘,000969,2025-10-17 22:51:02
10:23:57,20.69,0.0,382,790082,买盘,000969,2025-10-17 22:51:02
10:24:00,20.69,0.0,132,273181,卖盘,000969,2025-10-17 22:51:02
10:24:03,20.71,0.02,526,1090268,买盘,000969,2025-10-17 22:51:02
10:24:06,20.71,0.0,46,95360,卖盘,000969,2025-10-17 22:51:02
10:24:09,20.71,0.0,54,111944,卖盘,000969,2025-10-17 22:51:02
10:24:12,20.76,0.05,62,128681,买盘,000969,2025-10-17 22:51:02
10:24:15,20.77,0.01,61,126680,买盘,000969,2025-10-17 22:51:02
10:24:18,20.76,-0.01,163,338512,卖盘,000969,2025-10-17 22:51:02
10:24:21,20.76,0.0,199,413153,卖盘,000969,2025-10-17 22:51:02
10:24:24,20.77,0.01,254,527241,买盘,000969,2025-10-17 22:51:02
10:24:27,20.79,0.02,151,313698,买盘,000969,2025-10-17 22:51:02
10:24:30,20.78,-0.01,179,372097,卖盘,000969,2025-10-17 22:51:02
10:24:33,20.79,0.01,108,224475,买盘,000969,2025-10-17 22:51:02
10:24:36,20.79,0.0,209,434567,卖盘,000969,2025-10-17 22:51:02
10:24:39,20.79,0.0,592,1231244,卖盘,000969,2025-10-17 22:51:02
10:24:42,20.79,0.0,652,1355579,卖盘,000969,2025-10-17 22:51:02
10:24:45,20.78,-0.01,189,392881,卖盘,000969,2025-10-17 22:51:02
10:24:48,20.77,-0.01,284,590001,卖盘,000969,2025-10-17 22:51:02
10:24:51,20.78,0.01,307,637927,买盘,000969,2025-10-17 22:51:02
10:24:54,20.78,0.0,75,155847,中性盘,000969,2025-10-17 22:51:02
10:24:57,20.78,0.0,203,421934,买盘,000969,2025-10-17 22:51:02
10:25:00,20.78,0.0,174,361561,卖盘,000969,2025-10-17 22:51:02
10:25:03,20.77,-0.01,256,531205,中性盘,000969,2025-10-17 22:51:02
10:25:06,20.77,0.0,189,392246,买盘,000969,2025-10-17 22:51:02
10:25:09,20.77,0.0,180,373471,买盘,000969,2025-10-17 22:51:02
10:25:12,20.77,0.0,101,209777,卖盘,000969,2025-10-17 22:51:02
10:25:15,20.77,0.0,242,502697,卖盘,000969,2025-10-17 22:51:02
10:25:18,20.77,0.0,396,822510,卖盘,000969,2025-10-17 22:51:02
10:25:21,20.73,-0.04,92,190557,卖盘,000969,2025-10-17 22:51:02
10:25:24,20.75,0.02,46,95441,买盘,000969,2025-10-17 22:51:02
10:25:27,20.7,-0.05,137,283725,卖盘,000969,2025-10-17 22:51:02
10:25:30,20.71,0.01,144,298447,买盘,000969,2025-10-17 22:51:02
10:25:33,20.7,-0.01,161,333375,卖盘,000969,2025-10-17 22:51:02
10:25:36,20.7,0.0,102,211215,卖盘,000969,2025-10-17 22:51:02
10:25:39,20.71,0.01,92,190504,卖盘,000969,2025-10-17 22:51:02
10:25:42,20.7,-0.01,75,155314,卖盘,000969,2025-10-17 22:51:02
10:25:45,20.69,-0.01,425,880275,卖盘,000969,2025-10-17 22:51:02
10:25:48,20.69,0.0,286,591990,卖盘,000969,2025-10-17 22:51:02
10:25:51,20.7,0.01,130,268994,买盘,000969,2025-10-17 22:51:02
10:25:54,20.69,-0.01,239,494488,卖盘,000969,2025-10-17 22:51:02
10:25:57,20.68,-0.01,95,196546,卖盘,000969,2025-10-17 22:51:02
10:26:00,20.68,0.0,50,103457,卖盘,000969,2025-10-17 22:51:02
10:26:03,20.66,-0.02,310,641012,卖盘,000969,2025-10-17 22:51:02
10:26:06,20.66,0.0,42,86847,卖盘,000969,2025-10-17 22:51:02
10:26:09,20.68,0.02,197,407199,买盘,000969,2025-10-17 22:51:02
10:26:12,20.69,0.01,301,622479,买盘,000969,2025-10-17 22:51:02
10:26:15,20.68,-0.01,85,175825,卖盘,000969,2025-10-17 22:51:02
10:26:18,20.68,0.0,104,215092,买盘,000969,2025-10-17 22:51:02
10:26:21,20.69,0.01,152,314237,买盘,000969,2025-10-17 22:51:02
10:26:24,20.69,0.0,173,357857,卖盘,000969,2025-10-17 22:51:02
10:26:27,20.7,0.01,69,142768,买盘,000969,2025-10-17 22:51:02
10:26:30,20.69,-0.01,187,387024,卖盘,000969,2025-10-17 22:51:02
10:26:33,20.69,0.0,259,535791,卖盘,000969,2025-10-17 22:51:02
10:26:36,20.69,0.0,221,457266,买盘,000969,2025-10-17 22:51:02
10:26:39,20.69,0.0,67,138631,买盘,000969,2025-10-17 22:51:02
10:26:42,20.7,0.01,84,173797,买盘,000969,2025-10-17 22:51:02
10:26:45,20.7,0.0,60,124154,买盘,000969,2025-10-17 22:51:02
10:26:48,20.7,0.0,66,136597,买盘,000969,2025-10-17 22:51:02
10:26:51,20.71,0.01,280,579447,买盘,000969,2025-10-17 22:51:02
10:26:54,20.71,0.0,38,78682,买盘,000969,2025-10-17 22:51:02
10:26:57,20.71,0.0,109,225715,买盘,000969,2025-10-17 22:51:02
10:27:00,20.71,0.0,335,693589,买盘,000969,2025-10-17 22:51:02
10:27:03,20.72,0.01,132,273406,买盘,000969,2025-10-17 22:51:02
10:27:06,20.72,0.0,41,84953,买盘,000969,2025-10-17 22:51:02
10:27:09,20.72,0.0,81,167828,卖盘,000969,2025-10-17 22:51:02
10:27:12,20.71,-0.01,106,219629,卖盘,000969,2025-10-17 22:51:02
10:27:15,20.72,0.01,125,259048,买盘,000969,2025-10-17 22:51:02
10:27:18,20.72,0.0,318,658787,卖盘,000969,2025-10-17 22:51:02
10:27:21,20.72,0.0,115,238348,卖盘,000969,2025-10-17 22:51:02
10:27:24,20.74,0.02,72,149283,买盘,000969,2025-10-17 22:51:02
10:27:27,20.73,-0.01,206,427125,卖盘,000969,2025-10-17 22:51:02
10:27:30,20.73,0.0,203,420818,买盘,000969,2025-10-17 22:51:02
10:27:33,20.73,0.0,88,182424,买盘,000969,2025-10-17 22:51:02
10:27:36,20.74,0.01,196,406342,买盘,000969,2025-10-17 22:51:02
10:27:39,20.73,-0.01,38,78789,中性盘,000969,2025-10-17 22:51:02
10:27:42,20.73,0.0,93,192813,卖盘,000969,2025-10-17 22:51:02
10:27:45,20.73,0.0,245,507909,卖盘,000969,2025-10-17 22:51:02
10:27:48,20.73,0.0,164,339984,卖盘,000969,2025-10-17 22:51:02
10:27:51,20.73,0.0,99,205178,买盘,000969,2025-10-17 22:51:02
10:27:54,20.73,0.0,108,223869,卖盘,000969,2025-10-17 22:51:02
10:27:57,20.73,0.0,306,634293,买盘,000969,2025-10-17 22:51:02
10:28:00,20.73,0.0,355,735631,买盘,000969,2025-10-17 22:51:02
10:28:03,20.72,-0.01,104,215531,卖盘,000969,2025-10-17 22:51:02
10:28:06,20.71,-0.01,19,39347,卖盘,000969,2025-10-17 22:51:02
10:28:09,20.69,-0.02,806,1667477,卖盘,000969,2025-10-17 22:51:02
10:28:12,20.67,-0.02,193,399211,卖盘,000969,2025-10-17 22:51:02
10:28:15,20.66,-0.01,102,210736,卖盘,000969,2025-10-17 22:51:02
10:28:18,20.66,0.0,103,212784,卖盘,000969,2025-10-17 22:51:02
10:28:21,20.63,-0.03,853,1760800,卖盘,000969,2025-10-17 22:51:02
10:28:24,20.61,-0.02,614,1267909,卖盘,000969,2025-10-17 22:51:02
10:28:27,20.6,-0.01,144,296996,卖盘,000969,2025-10-17 22:51:02
10:28:30,20.61,0.01,96,197778,中性盘,000969,2025-10-17 22:51:02
10:28:33,20.6,-0.01,909,1871500,卖盘,000969,2025-10-17 22:51:02
10:28:36,20.6,0.0,185,381002,买盘,000969,2025-10-17 22:51:02
10:28:39,20.6,0.0,49,100860,买盘,000969,2025-10-17 22:51:02
10:28:42,20.6,0.0,131,269873,买盘,000969,2025-10-17 22:51:02
10:28:45,20.65,0.05,291,599775,买盘,000969,2025-10-17 22:51:02
10:28:48,20.62,-0.03,74,152566,卖盘,000969,2025-10-17 22:51:02
10:28:51,20.65,0.03,85,175368,买盘,000969,2025-10-17 22:51:02
10:28:54,20.62,-0.03,43,88661,中性盘,000969,2025-10-17 22:51:02
10:28:57,20.62,0.0,168,346647,买盘,000969,2025-10-17 22:51:02
10:29:00,20.62,0.0,35,72173,卖盘,000969,2025-10-17 22:51:02
10:29:03,20.64,0.02,106,218582,买盘,000969,2025-10-17 22:51:02
10:29:06,20.63,-0.01,72,148575,中性盘,000969,2025-10-17 22:51:02
10:29:09,20.63,0.0,15,30958,卖盘,000969,2025-10-17 22:51:02
10:29:12,20.63,0.0,187,386022,卖盘,000969,2025-10-17 22:51:02
10:29:15,20.63,0.0,127,262028,卖盘,000969,2025-10-17 22:51:02
10:29:18,20.63,0.0,185,381673,买盘,000969,2025-10-17 22:51:02
10:29:21,20.63,0.0,248,511453,买盘,000969,2025-10-17 22:51:02
10:29:24,20.63,0.0,20,41271,卖盘,000969,2025-10-17 22:51:02
10:29:27,20.65,0.02,87,179549,买盘,000969,2025-10-17 22:51:02
10:29:30,20.64,-0.01,281,579807,卖盘,000969,2025-10-17 22:51:02
10:29:33,20.65,0.01,184,379935,买盘,000969,2025-10-17 22:51:02
10:29:36,20.66,0.01,17,35118,买盘,000969,2025-10-17 22:51:02
10:29:39,20.65,-0.01,258,532752,卖盘,000969,2025-10-17 22:51:02
10:29:42,20.66,0.01,66,136321,买盘,000969,2025-10-17 22:51:02
10:29:45,20.65,-0.01,84,173545,卖盘,000969,2025-10-17 22:51:02
10:29:48,20.68,0.03,94,194302,买盘,000969,2025-10-17 22:51:02
10:29:51,20.68,0.0,139,287389,买盘,000969,2025-10-17 22:51:02
10:29:54,20.69,0.01,280,579059,买盘,000969,2025-10-17 22:51:02
10:29:57,20.68,-0.01,1259,2603689,卖盘,000969,2025-10-17 22:51:02
10:30:00,20.67,-0.01,396,819091,卖盘,000969,2025-10-17 22:51:02
10:30:03,20.67,0.0,41,84739,买盘,000969,2025-10-17 22:51:02
10:30:06,20.61,-0.06,977,2016414,卖盘,000969,2025-10-17 22:51:02
10:30:09,20.66,0.05,24,49577,买盘,000969,2025-10-17 22:51:02
10:30:12,20.61,-0.05,157,323887,卖盘,000969,2025-10-17 22:51:02
10:30:15,20.62,0.01,56,115452,买盘,000969,2025-10-17 22:51:02
10:30:18,20.61,-0.01,124,255564,卖盘,000969,2025-10-17 22:51:02
10:30:21,20.6,-0.01,241,496615,卖盘,000969,2025-10-17 22:51:02
10:30:24,20.6,0.0,117,241098,卖盘,000969,2025-10-17 22:51:02
10:30:27,20.61,0.01,136,280180,买盘,000969,2025-10-17 22:51:02
10:30:30,20.61,0.0,1191,2453582,买盘,000969,2025-10-17 22:51:02
10:30:33,20.61,0.0,89,183438,卖盘,000969,2025-10-17 22:51:02
10:30:36,20.61,0.0,632,1301637,卖盘,000969,2025-10-17 22:51:02
10:30:39,20.61,0.0,81,166891,买盘,000969,2025-10-17 22:51:02
10:30:42,20.6,-0.01,56,115370,卖盘,000969,2025-10-17 22:51:02
10:30:45,20.57,-0.03,43,88517,卖盘,000969,2025-10-17 22:51:02
10:30:48,20.56,-0.01,101,207782,卖盘,000969,2025-10-17 22:51:02
10:30:51,20.58,0.02,57,117223,买盘,000969,2025-10-17 22:51:02
10:30:54,20.55,-0.03,259,532366,卖盘,000969,2025-10-17 22:51:02
10:30:57,20.53,-0.02,211,433241,卖盘,000969,2025-10-17 22:51:02
10:31:00,20.55,0.02,105,215567,卖盘,000969,2025-10-17 22:51:02
10:31:03,20.55,0.0,270,554533,卖盘,000969,2025-10-17 22:51:02
10:31:06,20.53,-0.02,175,359345,卖盘,000969,2025-10-17 22:51:02
10:31:09,20.56,0.03,232,476749,买盘,000969,2025-10-17 22:51:02
10:31:12,20.58,0.02,188,386672,买盘,000969,2025-10-17 22:51:02
10:31:15,20.58,0.0,129,265554,卖盘,000969,2025-10-17 22:51:02
10:31:18,20.6,0.02,382,786915,买盘,000969,2025-10-17 22:51:02
10:31:21,20.61,0.01,234,482090,买盘,000969,2025-10-17 22:51:02
10:31:24,20.67,0.06,329,679300,买盘,000969,2025-10-17 22:51:02
10:31:27,20.67,0.0,134,276873,买盘,000969,2025-10-17 22:51:02
10:31:30,20.68,0.01,72,148891,买盘,000969,2025-10-17 22:51:02
10:31:33,20.69,0.01,448,926917,买盘,000969,2025-10-17 22:51:02
10:31:36,20.72,0.03,64,132534,买盘,000969,2025-10-17 22:51:02
10:31:39,20.72,0.0,91,188474,买盘,000969,2025-10-17 22:51:02
10:31:42,20.72,0.0,410,849374,买盘,000969,2025-10-17 22:51:02
10:31:45,20.72,0.0,285,590738,中性盘,000969,2025-10-17 22:51:02
10:31:48,20.72,0.0,131,271451,卖盘,000969,2025-10-17 22:51:02
10:31:51,20.7,-0.02,99,204949,卖盘,000969,2025-10-17 22:51:02
10:31:54,20.68,-0.02,219,453089,卖盘,000969,2025-10-17 22:51:02
10:31:57,20.74,0.06,1161,2403274,买盘,000969,2025-10-17 22:51:02
10:32:00,20.68,-0.06,175,362948,卖盘,000969,2025-10-17 22:51:02
10:32:03,20.7,0.02,104,215119,中性盘,000969,2025-10-17 22:51:02
10:32:06,20.73,0.03,32,66333,买盘,000969,2025-10-17 22:51:02
10:32:09,20.74,0.01,129,267373,买盘,000969,2025-10-17 22:51:02
10:32:12,20.75,0.01,925,1918189,买盘,000969,2025-10-17 22:51:02
10:32:15,20.74,-0.01,1131,2345742,买盘,000969,2025-10-17 22:51:02
10:32:18,20.77,0.03,604,1253877,买盘,000969,2025-10-17 22:51:02
10:32:21,20.75,-0.02,353,732942,卖盘,000969,2025-10-17 22:51:02
10:32:24,20.79,0.04,595,1236517,买盘,000969,2025-10-17 22:51:02
10:32:27,20.79,0.0,135,280774,卖盘,000969,2025-10-17 22:51:02
10:32:30,20.79,0.0,877,1824033,卖盘,000969,2025-10-17 22:51:02
10:32:33,20.83,0.04,359,747273,买盘,000969,2025-10-17 22:51:02
10:32:36,20.85,0.02,138,287643,买盘,000969,2025-10-17 22:51:02
10:32:39,20.85,0.0,490,1021327,买盘,000969,2025-10-17 22:51:02
10:32:42,20.83,-0.02,1661,3462660,卖盘,000969,2025-10-17 22:51:02
10:32:45,20.78,-0.05,330,687193,卖盘,000969,2025-10-17 22:51:02
10:32:48,20.78,0.0,237,492983,卖盘,000969,2025-10-17 22:51:02
10:32:51,20.83,0.05,671,1397013,买盘,000969,2025-10-17 22:51:02
10:32:54,20.8,-0.03,180,374115,中性盘,000969,2025-10-17 22:51:02
10:32:57,20.81,0.01,204,424378,买盘,000969,2025-10-17 22:51:02
10:33:00,20.78,-0.03,253,525998,卖盘,000969,2025-10-17 22:51:02
10:33:03,20.8,0.02,540,1123715,买盘,000969,2025-10-17 22:51:02
10:33:06,20.81,0.01,264,549087,买盘,000969,2025-10-17 22:51:02
10:33:09,20.8,-0.01,51,106085,卖盘,000969,2025-10-17 22:51:02
10:33:12,20.78,-0.02,442,919095,卖盘,000969,2025-10-17 22:51:02
10:33:15,20.79,0.01,99,205787,买盘,000969,2025-10-17 22:51:02
10:33:18,20.78,-0.01,230,477934,卖盘,000969,2025-10-17 22:51:02
10:33:21,20.77,-0.01,202,419731,卖盘,000969,2025-10-17 22:51:02
10:33:24,20.76,-0.01,637,1324189,卖盘,000969,2025-10-17 22:51:02
10:33:27,20.78,0.02,439,911894,买盘,000969,2025-10-17 22:51:02
10:33:30,20.76,-0.02,120,249272,卖盘,000969,2025-10-17 22:51:02
10:33:33,20.78,0.02,233,483783,买盘,000969,2025-10-17 22:51:02
10:33:36,20.76,-0.02,403,837062,卖盘,000969,2025-10-17 22:51:02
10:33:39,20.76,0.0,78,161989,卖盘,000969,2025-10-17 22:51:02
10:33:42,20.76,0.0,156,323979,卖盘,000969,2025-10-17 22:51:02
10:33:45,20.76,0.0,198,411075,卖盘,000969,2025-10-17 22:51:02
10:33:48,20.76,0.0,50,103795,买盘,000969,2025-10-17 22:51:02
10:33:51,20.75,-0.01,65,134905,卖盘,000969,2025-10-17 22:51:02
10:33:54,20.76,0.01,608,1262806,买盘,000969,2025-10-17 22:51:02
10:33:57,20.79,0.03,122,253469,买盘,000969,2025-10-17 22:51:02
10:34:00,20.77,-0.02,106,220200,卖盘,000969,2025-10-17 22:51:02
10:34:03,20.77,0.0,353,733156,卖盘,000969,2025-10-17 22:51:02
10:34:06,20.76,-0.01,181,375928,卖盘,000969,2025-10-17 22:51:02
10:34:09,20.77,0.01,110,228442,买盘,000969,2025-10-17 22:51:02
10:34:12,20.76,-0.01,216,448494,卖盘,000969,2025-10-17 22:51:02
10:34:15,20.77,0.01,315,654106,买盘,000969,2025-10-17 22:51:02
10:34:18,20.76,-0.01,195,404698,卖盘,000969,2025-10-17 22:51:02
10:34:21,20.77,0.01,221,458823,买盘,000969,2025-10-17 22:51:02
10:34:24,20.78,0.01,321,666732,买盘,000969,2025-10-17 22:51:02
10:34:27,20.77,-0.01,473,982455,卖盘,000969,2025-10-17 22:51:02
10:34:30,20.78,0.01,42,87276,买盘,000969,2025-10-17 22:51:02
10:34:33,20.78,0.0,402,835003,买盘,000969,2025-10-17 22:51:02
10:34:36,20.78,0.0,136,281467,买盘,000969,2025-10-17 22:51:02
10:34:39,20.77,-0.01,146,303301,卖盘,000969,2025-10-17 22:51:02
10:34:42,20.77,0.0,587,1219288,卖盘,000969,2025-10-17 22:51:02
10:34:45,20.76,-0.01,1249,2589806,卖盘,000969,2025-10-17 22:51:02
10:34:48,20.71,-0.05,179,371461,卖盘,000969,2025-10-17 22:51:02
10:34:51,20.7,-0.01,157,325306,卖盘,000969,2025-10-17 22:51:02
10:34:54,20.7,0.0,143,296021,卖盘,000969,2025-10-17 22:51:02
10:34:57,20.68,-0.02,274,567187,卖盘,000969,2025-10-17 22:51:02
10:35:00,20.69,0.01,43,88977,卖盘,000969,2025-10-17 22:51:02
10:35:03,20.68,-0.01,113,233736,卖盘,000969,2025-10-17 22:51:02
10:35:06,20.69,0.01,110,227632,买盘,000969,2025-10-17 22:51:02
10:35:09,20.75,0.06,198,410015,买盘,000969,2025-10-17 22:51:02
10:35:12,20.72,-0.03,50,103708,中性盘,000969,2025-10-17 22:51:02
10:35:15,20.75,0.03,443,920141,卖盘,000969,2025-10-17 22:51:02
10:35:18,20.77,0.02,103,213871,卖盘,000969,2025-10-17 22:51:02
10:35:21,20.77,0.0,80,166155,买盘,000969,2025-10-17 22:51:02
10:35:24,20.79,0.02,148,307457,买盘,000969,2025-10-17 22:51:02
10:35:27,20.79,0.0,230,477814,买盘,000969,2025-10-17 22:51:02
10:35:30,20.82,0.03,1255,2609621,买盘,000969,2025-10-17 22:51:02
10:35:33,20.81,-0.01,146,303702,中性盘,000969,2025-10-17 22:51:02
10:35:36,20.84,0.03,372,774607,买盘,000969,2025-10-17 22:51:02
10:35:39,20.82,-0.02,254,529191,卖盘,000969,2025-10-17 22:51:02
10:35:42,20.87,0.05,478,996796,买盘,000969,2025-10-17 22:51:02
10:35:45,20.89,0.02,1320,2755749,买盘,000969,2025-10-17 22:51:02
10:35:48,20.88,-0.01,505,1054551,卖盘,000969,2025-10-17 22:51:02
10:35:51,20.89,0.01,501,1046496,买盘,000969,2025-10-17 22:51:02
10:35:54,20.9,0.01,517,1080278,买盘,000969,2025-10-17 22:51:02
10:35:57,20.92,0.02,492,1028282,买盘,000969,2025-10-17 22:51:02
10:36:00,20.95,0.03,674,1410801,买盘,000969,2025-10-17 22:51:02
10:36:03,20.95,0.0,420,879412,买盘,000969,2025-10-17 22:51:02
10:36:06,20.95,0.0,840,1758885,卖盘,000969,2025-10-17 22:51:02
10:36:09,20.95,0.0,434,909115,卖盘,000969,2025-10-17 22:51:02
10:36:12,20.94,-0.01,807,1690361,中性盘,000969,2025-10-17 22:51:02
10:36:15,20.91,-0.03,233,487488,卖盘,000969,2025-10-17 22:51:02
10:36:18,20.92,0.01,203,424455,买盘,000969,2025-10-17 22:51:02
10:36:21,20.9,-0.02,248,518553,卖盘,000969,2025-10-17 22:51:02
10:36:24,20.9,0.0,242,505597,卖盘,000969,2025-10-17 22:51:02
10:36:27,20.89,-0.01,171,356942,中性盘,000969,2025-10-17 22:51:02
10:36:30,20.83,-0.06,126,262902,卖盘,000969,2025-10-17 22:51:02
10:36:33,20.86,0.03,216,450377,买盘,000969,2025-10-17 22:51:02
10:36:36,20.83,-0.03,145,302356,卖盘,000969,2025-10-17 22:51:02
10:36:39,20.82,-0.01,93,193687,卖盘,000969,2025-10-17 22:51:02
10:36:42,20.81,-0.01,85,177013,卖盘,000969,2025-10-17 22:51:02
10:36:45,20.81,0.0,131,272629,卖盘,000969,2025-10-17 22:51:02
10:36:48,20.81,0.0,85,176880,买盘,000969,2025-10-17 22:51:02
10:36:51,20.8,-0.01,196,408228,卖盘,000969,2025-10-17 22:51:02
10:36:54,20.81,0.01,352,732550,卖盘,000969,2025-10-17 22:51:02
10:36:57,20.81,0.0,66,137374,卖盘,000969,2025-10-17 22:51:02
10:37:00,20.83,0.02,41,85408,买盘,000969,2025-10-17 22:51:02
10:37:03,20.77,-0.06,737,1530447,卖盘,000969,2025-10-17 22:51:02
10:37:06,20.77,0.0,83,172387,买盘,000969,2025-10-17 22:51:02
10:37:09,20.77,0.0,121,251301,买盘,000969,2025-10-17 22:51:02
10:37:12,20.77,0.0,95,197317,买盘,000969,2025-10-17 22:51:02
10:37:15,20.78,0.01,173,358259,买盘,000969,2025-10-17 22:51:02
10:37:18,20.78,0.0,135,280410,买盘,000969,2025-10-17 22:51:02
10:37:21,20.8,0.02,128,266007,买盘,000969,2025-10-17 22:51:02
10:37:24,20.79,-0.01,71,147669,中性盘,000969,2025-10-17 22:51:02
10:37:27,20.8,0.01,103,214255,卖盘,000969,2025-10-17 22:51:02
10:37:30,20.81,0.01,83,172676,买盘,000969,2025-10-17 22:51:02
10:37:33,20.82,0.01,82,170614,买盘,000969,2025-10-17 22:51:02
10:37:36,20.83,0.01,133,276754,买盘,000969,2025-10-17 22:51:02
10:37:39,20.83,0.0,38,79115,买盘,000969,2025-10-17 22:51:02
10:37:42,20.83,0.0,122,254220,卖盘,000969,2025-10-17 22:51:02
10:37:45,20.83,0.0,196,408338,卖盘,000969,2025-10-17 22:51:02
10:37:48,20.83,0.0,1042,2170042,卖盘,000969,2025-10-17 22:51:02
10:37:51,20.83,0.0,178,370827,买盘,000969,2025-10-17 22:51:02
10:37:54,20.83,0.0,271,564702,卖盘,000969,2025-10-17 22:51:02
10:37:57,20.83,0.0,180,375050,卖盘,000969,2025-10-17 22:51:02
10:38:00,20.83,0.0,339,705939,卖盘,000969,2025-10-17 22:51:02
10:38:03,20.84,0.01,261,543322,买盘,000969,2025-10-17 22:51:02
10:38:06,20.84,0.0,170,353695,买盘,000969,2025-10-17 22:51:02
10:38:09,20.81,-0.03,160,333130,卖盘,000969,2025-10-17 22:51:02
10:38:12,20.83,0.02,29,60425,买盘,000969,2025-10-17 22:51:02
10:38:15,20.84,0.01,190,395703,买盘,000969,2025-10-17 22:51:02
10:38:18,20.82,-0.02,105,218640,中性盘,000969,2025-10-17 22:51:02
10:38:21,20.81,-0.01,59,122854,卖盘,000969,2025-10-17 22:51:02
10:38:24,20.82,0.01,89,185346,中性盘,000969,2025-10-17 22:51:02
10:38:27,20.83,0.01,55,114523,买盘,000969,2025-10-17 22:51:02
10:38:30,20.83,0.0,168,349978,买盘,000969,2025-10-17 22:51:02
10:38:33,20.83,0.0,677,1411044,卖盘,000969,2025-10-17 22:51:02
10:38:36,20.85,0.02,109,227106,买盘,000969,2025-10-17 22:51:02
10:38:39,20.85,0.0,210,437623,买盘,000969,2025-10-17 22:51:02
10:38:42,20.84,-0.01,257,535566,卖盘,000969,2025-10-17 22:51:02
10:38:45,20.84,0.0,141,293994,卖盘,000969,2025-10-17 22:51:02
10:38:48,20.84,0.0,252,525265,卖盘,000969,2025-10-17 22:51:02
10:38:51,20.84,0.0,128,266665,买盘,000969,2025-10-17 22:51:02
10:38:54,20.83,-0.01,3391,7056022,卖盘,000969,2025-10-17 22:51:02
10:38:57,20.82,-0.01,98,203933,买盘,000969,2025-10-17 22:51:02
10:39:00,20.79,-0.03,372,773588,卖盘,000969,2025-10-17 22:51:02
10:39:03,20.76,-0.03,286,594223,卖盘,000969,2025-10-17 22:51:02
10:39:06,20.76,0.0,197,409283,卖盘,000969,2025-10-17 22:51:02
10:39:09,20.77,0.01,88,182697,中性盘,000969,2025-10-17 22:51:02
10:39:12,20.77,0.0,139,288527,买盘,000969,2025-10-17 22:51:02
10:39:15,20.76,-0.01,67,139039,中性盘,000969,2025-10-17 22:51:02
10:39:18,20.72,-0.04,114,236563,卖盘,000969,2025-10-17 22:51:02
10:39:21,20.72,0.0,23,47664,卖盘,000969,2025-10-17 22:51:02
10:39:24,20.73,0.01,123,254934,买盘,000969,2025-10-17 22:51:02
10:39:27,20.71,-0.02,89,184403,卖盘,000969,2025-10-17 22:51:02
10:39:30,20.71,0.0,108,223746,卖盘,000969,2025-10-17 22:51:02
10:39:33,20.71,0.0,67,138727,买盘,000969,2025-10-17 22:51:02
10:39:36,20.71,0.0,163,337509,买盘,000969,2025-10-17 22:51:02
10:39:39,20.72,0.01,227,470071,买盘,000969,2025-10-17 22:51:02
10:39:42,20.71,-0.01,58,120141,卖盘,000969,2025-10-17 22:51:02
10:39:45,20.73,0.02,124,256938,买盘,000969,2025-10-17 22:51:02
10:39:48,20.73,0.0,80,165763,卖盘,000969,2025-10-17 22:51:02
10:39:51,20.73,0.0,36,74636,卖盘,000969,2025-10-17 22:51:02
10:39:54,20.73,0.0,32,66332,买盘,000969,2025-10-17 22:51:02
10:39:57,20.72,-0.01,83,172040,卖盘,000969,2025-10-17 22:51:02
10:40:00,20.73,0.01,71,147187,买盘,000969,2025-10-17 22:51:02
10:40:03,20.74,0.01,79,163807,买盘,000969,2025-10-17 22:51:02
10:40:06,20.75,0.01,68,141046,买盘,000969,2025-10-17 22:51:02
10:40:09,20.75,0.0,77,159812,卖盘,000969,2025-10-17 22:51:02
10:40:12,20.76,0.01,180,373680,买盘,000969,2025-10-17 22:51:02
10:40:15,20.8,0.04,26,54078,买盘,000969,2025-10-17 22:51:02
10:40:18,20.8,0.0,158,328585,买盘,000969,2025-10-17 22:51:02
10:40:21,20.81,0.01,58,120717,买盘,000969,2025-10-17 22:51:02
10:40:24,20.81,0.0,69,143599,卖盘,000969,2025-10-17 22:51:02
10:40:27,20.82,0.01,150,312232,买盘,000969,2025-10-17 22:51:02
10:40:30,20.85,0.03,298,621085,买盘,000969,2025-10-17 22:51:02
10:40:33,20.85,0.0,255,531737,卖盘,000969,2025-10-17 22:51:02
10:40:36,20.88,0.03,169,352596,买盘,000969,2025-10-17 22:51:02
10:40:39,20.87,-0.01,668,1394277,卖盘,000969,2025-10-17 22:51:02
10:40:42,20.9,0.03,288,602424,买盘,000969,2025-10-17 22:51:02
10:40:45,20.89,-0.01,676,1412812,中性盘,000969,2025-10-17 22:51:02
10:40:48,20.9,0.01,333,695886,买盘,000969,2025-10-17 22:51:02
10:40:51,20.91,0.01,309,646338,买盘,000969,2025-10-17 22:51:02
10:40:54,20.95,0.04,588,1230711,买盘,000969,2025-10-17 22:51:02
10:40:57,20.95,0.0,237,496484,买盘,000969,2025-10-17 22:51:02
10:41:00,20.96,0.01,1394,2920954,买盘,000969,2025-10-17 22:51:02
10:41:03,20.97,0.01,257,538793,买盘,000969,2025-10-17 22:51:02
10:41:06,20.97,0.0,374,784502,买盘,000969,2025-10-17 22:51:02
10:41:09,21.0,0.03,9316,19559042,买盘,000969,2025-10-17 22:51:02
10:41:12,21.02,0.02,655,1376549,买盘,000969,2025-10-17 22:51:02
10:41:15,21.05,0.03,426,896202,买盘,000969,2025-10-17 22:51:02
10:41:18,21.06,0.01,674,1418697,买盘,000969,2025-10-17 22:51:02
10:41:21,21.08,0.02,364,766926,买盘,000969,2025-10-17 22:51:02
10:41:24,21.09,0.01,870,1833839,买盘,000969,2025-10-17 22:51:02
10:41:27,21.09,0.0,1325,2794811,买盘,000969,2025-10-17 22:51:02
10:41:30,21.09,0.0,1187,2504158,卖盘,000969,2025-10-17 22:51:02
10:41:33,21.1,0.01,1122,2367010,买盘,000969,2025-10-17 22:51:02
10:41:36,21.09,-0.01,1366,2881651,卖盘,000969,2025-10-17 22:51:02
10:41:39,21.08,-0.01,830,1750486,卖盘,000969,2025-10-17 22:51:02
10:41:42,21.07,-0.01,1332,2807886,卖盘,000969,2025-10-17 22:51:02
10:41:45,21.05,-0.02,1075,2263658,卖盘,000969,2025-10-17 22:51:02
10:41:48,21.04,-0.01,657,1383010,卖盘,000969,2025-10-17 22:51:02
10:41:51,21.03,-0.01,862,1812692,卖盘,000969,2025-10-17 22:51:02
10:41:54,21.02,-0.01,1486,3121654,中性盘,000969,2025-10-17 22:51:02
10:41:57,21.01,-0.01,1135,2384266,卖盘,000969,2025-10-17 22:51:02
10:42:00,21.0,-0.01,589,1237505,卖盘,000969,2025-10-17 22:51:02
10:42:03,21.0,0.0,1207,2535549,卖盘,000969,2025-10-17 22:51:02
10:42:06,21.01,0.01,1414,2970927,买盘,000969,2025-10-17 22:51:02
10:42:09,21.02,0.01,412,865670,中性盘,000969,2025-10-17 22:51:02
10:42:12,21.03,0.01,441,927019,买盘,000969,2025-10-17 22:51:02
10:42:15,21.04,0.01,785,1651528,买盘,000969,2025-10-17 22:51:02
10:42:18,21.04,0.0,425,894333,卖盘,000969,2025-10-17 22:51:02
10:42:21,21.05,0.01,421,885981,买盘,000969,2025-10-17 22:51:02
10:42:24,21.03,-0.02,646,1359588,卖盘,000969,2025-10-17 22:51:02
10:42:27,21.03,0.0,708,1489367,卖盘,000969,2025-10-17 22:51:02
10:42:30,21.02,-0.01,432,908467,卖盘,000969,2025-10-17 22:51:02
10:42:33,21.02,0.0,433,910282,卖盘,000969,2025-10-17 22:51:02
10:42:36,21.02,0.0,1032,2169571,卖盘,000969,2025-10-17 22:51:02
10:42:39,21.01,-0.01,285,599019,卖盘,000969,2025-10-17 22:51:02
10:42:42,21.03,0.02,712,1497251,买盘,000969,2025-10-17 22:51:02
10:42:45,21.04,0.01,575,1209144,买盘,000969,2025-10-17 22:51:02
10:42:48,21.04,0.0,271,570300,卖盘,000969,2025-10-17 22:51:02
10:42:51,21.04,0.0,660,1388824,卖盘,000969,2025-10-17 22:51:02
10:42:54,21.04,0.0,411,864885,卖盘,000969,2025-10-17 22:51:02
10:42:57,21.04,0.0,562,1182567,买盘,000969,2025-10-17 22:51:02
10:43:00,21.04,0.0,626,1316973,买盘,000969,2025-10-17 22:51:02
10:43:03,21.04,0.0,609,1281563,卖盘,000969,2025-10-17 22:51:02
10:43:06,21.03,-0.01,425,894159,卖盘,000969,2025-10-17 22:51:02
10:43:09,21.03,0.0,397,834516,买盘,000969,2025-10-17 22:51:02
10:43:12,21.03,0.0,257,540538,卖盘,000969,2025-10-17 22:51:02
10:43:15,21.03,0.0,607,1276407,卖盘,000969,2025-10-17 22:51:02
10:43:18,21.03,0.0,201,422618,卖盘,000969,2025-10-17 22:51:02
10:43:21,21.02,-0.01,178,374271,卖盘,000969,2025-10-17 22:51:02
10:43:24,21.01,-0.01,2498,5246278,卖盘,000969,2025-10-17 22:51:02
10:43:27,20.98,-0.03,586,1230316,卖盘,000969,2025-10-17 22:51:02
10:43:30,20.98,0.0,281,589485,卖盘,000969,2025-10-17 22:51:02
10:43:33,20.95,-0.03,646,1354716,卖盘,000969,2025-10-17 22:51:02
10:43:36,20.97,0.02,435,912205,买盘,000969,2025-10-17 22:51:02
10:43:39,20.94,-0.03,570,1193172,卖盘,000969,2025-10-17 22:51:02
10:43:42,20.9,-0.04,487,1019521,卖盘,000969,2025-10-17 22:51:02
10:43:45,20.95,0.05,233,488132,买盘,000969,2025-10-17 22:51:02
10:43:48,20.95,0.0,259,542633,卖盘,000969,2025-10-17 22:51:02
10:43:51,20.95,0.0,471,986983,卖盘,000969,2025-10-17 22:51:02
10:43:54,20.95,0.0,221,463082,卖盘,000969,2025-10-17 22:51:02
10:43:57,20.95,0.0,262,548874,买盘,000969,2025-10-17 22:51:02
10:44:00,20.95,0.0,348,728994,买盘,000969,2025-10-17 22:51:02
10:44:03,20.97,0.02,326,683326,买盘,000969,2025-10-17 22:51:02
10:44:06,20.97,0.0,358,750951,卖盘,000969,2025-10-17 22:51:02
10:44:09,21.0,0.03,467,979977,买盘,000969,2025-10-17 22:51:02
10:44:12,21.0,0.0,317,665765,买盘,000969,2025-10-17 22:51:02
10:44:15,21.02,0.02,298,626214,买盘,000969,2025-10-17 22:51:02
10:44:18,21.02,0.0,355,746171,买盘,000969,2025-10-17 22:51:02
10:44:21,21.05,0.03,1097,2308179,买盘,000969,2025-10-17 22:51:02
10:44:24,21.06,0.01,293,617004,买盘,000969,2025-10-17 22:51:02
10:44:27,21.07,0.01,1686,3554910,买盘,000969,2025-10-17 22:51:02
10:44:30,21.08,0.01,448,944725,买盘,000969,2025-10-17 22:51:02
10:44:33,21.1,0.02,836,1763933,买盘,000969,2025-10-17 22:51:02
10:44:36,21.11,0.01,404,852523,买盘,000969,2025-10-17 22:51:02
10:44:39,21.12,0.01,460,971289,买盘,000969,2025-10-17 22:51:02
10:44:42,21.14,0.02,1008,2129758,买盘,000969,2025-10-17 22:51:02
10:44:45,21.15,0.01,586,1239056,买盘,000969,2025-10-17 22:51:02
10:44:48,21.15,0.0,1347,2848518,买盘,000969,2025-10-17 22:51:02
10:44:51,21.15,0.0,1756,3714126,买盘,000969,2025-10-17 22:51:02
10:44:54,21.16,0.01,1727,3653544,买盘,000969,2025-10-17 22:51:02
10:44:57,21.17,0.01,1508,3191220,买盘,000969,2025-10-17 22:51:02
10:45:00,21.18,0.01,1227,2597367,买盘,000969,2025-10-17 22:51:02
10:45:03,21.18,0.0,2952,6249403,买盘,000969,2025-10-17 22:51:02
10:45:06,21.19,0.01,1892,4007751,买盘,000969,2025-10-17 22:51:02
10:45:09,21.2,0.01,917,1942140,买盘,000969,2025-10-17 22:51:02
10:45:12,21.2,0.0,873,1850565,买盘,000969,2025-10-17 22:51:02
10:45:15,21.2,0.0,1934,4099812,买盘,000969,2025-10-17 22:51:02
10:45:18,21.2,0.0,2304,4883864,买盘,000969,2025-10-17 22:51:02
10:45:21,21.16,-0.04,2235,4731571,卖盘,000969,2025-10-17 22:51:02
10:45:24,21.05,-0.11,1884,3975450,卖盘,000969,2025-10-17 22:51:02
10:45:27,21.05,0.0,753,1587531,卖盘,000969,2025-10-17 22:51:02
10:45:30,21.05,0.0,617,1298740,卖盘,000969,2025-10-17 22:51:02
10:45:33,21.05,0.0,798,1679444,买盘,000969,2025-10-17 22:51:02
10:45:36,21.05,0.0,279,587582,买盘,000969,2025-10-17 22:51:02
10:45:39,21.11,0.06,367,774398,买盘,000969,2025-10-17 22:51:02
10:45:42,21.11,0.0,295,622376,买盘,000969,2025-10-17 22:51:02
10:45:45,21.1,-0.01,442,932892,卖盘,000969,2025-10-17 22:51:02
10:45:48,21.12,0.02,871,1838593,买盘,000969,2025-10-17 22:51:02
10:45:51,21.13,0.01,148,312558,买盘,000969,2025-10-17 22:51:02
10:45:54,21.15,0.02,1163,2459319,买盘,000969,2025-10-17 22:51:02
10:45:57,21.17,0.02,304,643292,买盘,000969,2025-10-17 22:51:02
10:46:00,21.19,0.02,1313,2780574,买盘,000969,2025-10-17 22:51:02
10:46:03,21.19,0.0,554,1173847,买盘,000969,2025-10-17 22:51:02
10:46:06,21.2,0.01,1216,2577761,买盘,000969,2025-10-17 22:51:02
10:46:09,21.2,0.0,1617,3428303,买盘,000969,2025-10-17 22:51:02
10:46:12,21.22,0.02,1412,2993403,买盘,000969,2025-10-17 22:51:02
10:46:15,21.23,0.01,1164,2470482,买盘,000969,2025-10-17 22:51:02
10:46:18,21.27,0.04,1431,3041270,买盘,000969,2025-10-17 22:51:02
10:46:21,21.28,0.01,796,1693141,买盘,000969,2025-10-17 22:51:02
10:46:24,21.3,0.02,2325,4949120,买盘,000969,2025-10-17 22:51:02
10:46:27,21.34,0.04,2303,4907805,买盘,000969,2025-10-17 22:51:02
10:46:30,21.37,0.03,1364,2911765,买盘,000969,2025-10-17 22:51:02
10:46:33,21.4,0.03,1282,2741400,买盘,000969,2025-10-17 22:51:02
10:46:36,21.44,0.04,1136,2433103,买盘,000969,2025-10-17 22:51:02
10:46:39,21.47,0.03,1154,2475664,买盘,000969,2025-10-17 22:51:02
10:46:42,21.49,0.02,1318,2830871,买盘,000969,2025-10-17 22:51:02
10:46:45,21.5,0.01,1803,3875258,买盘,000969,2025-10-17 22:51:02
10:46:48,21.49,-0.01,3382,7270543,卖盘,000969,2025-10-17 22:51:02
10:46:51,21.52,0.03,4129,8878296,买盘,000969,2025-10-17 22:51:02
10:46:54,21.5,-0.02,3000,6452832,卖盘,000969,2025-10-17 22:51:02
10:46:57,21.45,-0.05,5237,11248524,卖盘,000969,2025-10-17 22:51:02
10:47:00,21.46,0.01,2369,5076358,买盘,000969,2025-10-17 22:51:02
10:47:03,21.36,-0.1,1204,2574122,卖盘,000969,2025-10-17 22:51:02
10:47:06,21.33,-0.03,2417,5167181,卖盘,000969,2025-10-17 22:51:02
10:47:09,21.42,0.09,1239,2652964,买盘,000969,2025-10-17 22:51:02
10:47:12,21.44,0.02,699,1497727,买盘,000969,2025-10-17 22:51:02
10:47:15,21.47,0.03,780,1672552,买盘,000969,2025-10-17 22:51:02
10:47:18,21.47,0.0,715,1534603,买盘,000969,2025-10-17 22:51:02
10:47:21,21.49,0.02,1199,2575087,买盘,000969,2025-10-17 22:51:02
10:47:24,21.5,0.01,1087,2336354,买盘,000969,2025-10-17 22:51:02
10:47:27,21.51,0.01,923,1985095,买盘,000969,2025-10-17 22:51:02
10:47:30,21.56,0.05,1557,3354060,买盘,000969,2025-10-17 22:51:02
10:47:33,21.58,0.02,719,1550865,买盘,000969,2025-10-17 22:51:02
10:47:36,21.59,0.01,1331,2872604,买盘,000969,2025-10-17 22:51:02
10:47:39,21.61,0.02,1218,2630774,买盘,000969,2025-10-17 22:51:02
10:47:42,21.66,0.05,880,1903527,买盘,000969,2025-10-17 22:51:02
10:47:45,21.66,0.0,1978,4285285,买盘,000969,2025-10-17 22:51:02
10:47:48,21.67,0.01,4009,8679265,卖盘,000969,2025-10-17 22:51:02
10:47:51,21.6,-0.07,3600,7789401,卖盘,000969,2025-10-17 22:51:02
10:47:54,21.61,0.01,2438,5266649,买盘,000969,2025-10-17 22:51:02
10:47:57,21.61,0.0,1697,3665126,买盘,000969,2025-10-17 22:51:02
10:48:00,21.56,-0.05,2629,5675550,卖盘,000969,2025-10-17 22:51:02
10:48:03,21.5,-0.06,1971,4250890,卖盘,000969,2025-10-17 22:51:02
10:48:06,21.47,-0.03,1444,3102284,卖盘,000969,2025-10-17 22:51:02
10:48:09,21.44,-0.03,805,1725580,卖盘,000969,2025-10-17 22:51:02
10:48:12,21.4,-0.04,375,803305,卖盘,000969,2025-10-17 22:51:02
10:48:15,21.39,-0.01,694,1485478,卖盘,000969,2025-10-17 22:51:02
10:48:18,21.37,-0.02,570,1219189,卖盘,000969,2025-10-17 22:51:02
10:48:21,21.36,-0.01,726,1551266,卖盘,000969,2025-10-17 22:51:02
10:48:24,21.36,0.0,556,1187688,卖盘,000969,2025-10-17 22:51:02
10:48:27,21.37,0.01,621,1326297,买盘,000969,2025-10-17 22:51:02
10:48:30,21.39,0.02,557,1190795,买盘,000969,2025-10-17 22:51:02
10:48:33,21.4,0.01,2130,4553739,买盘,000969,2025-10-17 22:51:02
10:48:36,21.43,0.03,861,1842785,买盘,000969,2025-10-17 22:51:02
10:48:39,21.47,0.04,1317,2828316,买盘,000969,2025-10-17 22:51:02
10:48:42,21.52,0.05,1031,2214838,中性盘,000969,2025-10-17 22:51:02
10:48:45,21.52,0.0,694,1494500,卖盘,000969,2025-10-17 22:51:02
10:48:48,21.47,-0.05,1060,2277836,卖盘,000969,2025-10-17 22:51:02
10:48:51,21.44,-0.03,1172,2519355,卖盘,000969,2025-10-17 22:51:02
10:48:54,21.44,0.0,977,2096379,卖盘,000969,2025-10-17 22:51:02
10:48:57,21.42,-0.02,949,2032219,卖盘,000969,2025-10-17 22:51:02
10:49:00,21.42,0.0,1071,2293340,买盘,000969,2025-10-17 22:51:02
10:49:03,21.4,-0.02,2517,5383969,卖盘,000969,2025-10-17 22:51:02
10:49:06,21.44,0.04,1004,2149546,买盘,000969,2025-10-17 22:51:02
10:49:09,21.43,-0.01,842,1802734,买盘,000969,2025-10-17 22:51:02
10:49:12,21.4,-0.03,659,1411026,卖盘,000969,2025-10-17 22:51:02
10:49:15,21.42,0.02,772,1652593,买盘,000969,2025-10-17 22:51:02
10:49:18,21.4,-0.02,581,1244059,卖盘,000969,2025-10-17 22:51:02
10:49:21,21.42,0.02,610,1306664,中性盘,000969,2025-10-17 22:51:02
10:49:24,21.41,-0.01,1244,2662562,卖盘,000969,2025-10-17 22:51:02
10:49:27,21.39,-0.02,968,2070824,卖盘,000969,2025-10-17 22:51:02
10:49:30,21.36,-0.03,437,933673,卖盘,000969,2025-10-17 22:51:02
10:49:33,21.33,-0.03,815,1738951,卖盘,000969,2025-10-17 22:51:02
10:49:36,21.3,-0.03,482,1027368,卖盘,000969,2025-10-17 22:51:02
10:49:39,21.26,-0.04,898,1912414,卖盘,000969,2025-10-17 22:51:02
10:49:42,21.25,-0.01,417,886525,卖盘,000969,2025-10-17 22:51:02
10:49:45,21.22,-0.03,366,777444,卖盘,000969,2025-10-17 22:51:02
10:49:48,21.21,-0.01,561,1190576,卖盘,000969,2025-10-17 22:51:02
10:49:51,21.23,0.02,951,2017993,买盘,000969,2025-10-17 22:51:02
10:49:54,21.24,0.01,799,1697740,买盘,000969,2025-10-17 22:51:02
10:49:57,21.3,0.06,537,1141705,买盘,000969,2025-10-17 22:51:02
10:50:00,21.32,0.02,854,1819295,买盘,000969,2025-10-17 22:51:02
10:50:03,21.32,0.0,765,1630354,买盘,000969,2025-10-17 22:51:02
10:50:06,21.31,-0.01,1093,2328883,卖盘,000969,2025-10-17 22:51:02
10:50:09,21.32,0.01,615,1310573,买盘,000969,2025-10-17 22:51:02
10:50:12,21.29,-0.03,678,1443389,卖盘,000969,2025-10-17 22:51:02
10:50:15,21.27,-0.02,849,1806458,卖盘,000969,2025-10-17 22:51:02
10:50:18,21.23,-0.04,1720,3653680,卖盘,000969,2025-10-17 22:51:02
10:50:21,21.23,0.0,844,1791251,卖盘,000969,2025-10-17 22:51:02
10:50:24,21.21,-0.02,496,1052395,卖盘,000969,2025-10-17 22:51:02
10:50:27,21.17,-0.04,1232,2610031,卖盘,000969,2025-10-17 22:51:02
10:50:30,21.16,-0.01,705,1492282,卖盘,000969,2025-10-17 22:51:02
10:50:33,21.16,0.0,764,1617081,卖盘,000969,2025-10-17 22:51:02
10:50:36,21.2,0.04,902,1910044,买盘,000969,2025-10-17 22:51:02
10:50:39,21.2,0.0,658,1394691,买盘,000969,2025-10-17 22:51:02
10:50:42,21.23,0.03,224,475287,买盘,000969,2025-10-17 22:51:02
