时间,成交价,价格变动,成交量,成交额,买卖盘性质,股票代码,采集时间
09:25:00,21.34,0.09,772,1647448,买盘,001282,2025-10-17 22:53:31
09:30:00,21.4,0.06,202,431383,买盘,001282,2025-10-17 22:53:31
09:30:03,21.34,-0.06,476,1016211,中性盘,001282,2025-10-17 22:53:31
09:30:06,21.34,0.0,53,113060,买盘,001282,2025-10-17 22:53:31
09:30:09,21.34,0.0,36,76824,买盘,001282,2025-10-17 22:53:31
09:30:12,21.35,0.01,17,36284,买盘,001282,2025-10-17 22:53:31
09:30:15,21.32,-0.03,73,155683,卖盘,001282,2025-10-17 22:53:31
09:30:18,21.3,-0.02,81,172575,卖盘,001282,2025-10-17 22:53:31
09:30:21,21.31,0.01,152,323764,买盘,001282,2025-10-17 22:53:31
09:30:24,21.31,0.0,811,1725027,买盘,001282,2025-10-17 22:53:31
09:30:27,21.21,-0.1,222,470713,卖盘,001282,2025-10-17 22:53:31
09:30:30,21.21,0.0,77,163289,买盘,001282,2025-10-17 22:53:31
09:30:33,21.25,0.04,47,99826,买盘,001282,2025-10-17 22:53:31
09:30:36,21.26,0.01,124,263561,买盘,001282,2025-10-17 22:53:31
09:30:39,21.25,-0.01,58,123285,卖盘,001282,2025-10-17 22:53:31
09:30:42,21.24,-0.01,24,50986,卖盘,001282,2025-10-17 22:53:31
09:30:45,21.21,-0.03,28,59436,卖盘,001282,2025-10-17 22:53:31
09:30:48,21.21,0.0,17,36057,卖盘,001282,2025-10-17 22:53:31
09:30:51,21.21,0.0,3,6363,买盘,001282,2025-10-17 22:53:31
09:30:54,21.2,-0.01,10,21200,卖盘,001282,2025-10-17 22:53:31
09:30:57,21.25,0.05,507,1074433,买盘,001282,2025-10-17 22:53:31
09:31:00,21.2,-0.05,7,14850,中性盘,001282,2025-10-17 22:53:31
09:31:03,21.19,-0.01,23,48754,中性盘,001282,2025-10-17 22:53:31
09:31:06,21.17,-0.02,433,916486,卖盘,001282,2025-10-17 22:53:31
09:31:09,21.25,0.08,29,61589,买盘,001282,2025-10-17 22:53:31
09:31:12,21.25,0.0,83,176165,买盘,001282,2025-10-17 22:53:31
09:31:15,21.19,-0.06,286,607017,卖盘,001282,2025-10-17 22:53:31
09:31:18,21.19,0.0,40,84760,买盘,001282,2025-10-17 22:53:31
09:31:21,21.2,0.01,202,426646,买盘,001282,2025-10-17 22:53:31
09:31:24,21.2,0.0,35,74368,中性盘,001282,2025-10-17 22:53:31
09:31:27,21.19,-0.01,35,74188,卖盘,001282,2025-10-17 22:53:31
09:31:30,21.2,0.01,32,67840,卖盘,001282,2025-10-17 22:53:31
09:31:33,21.21,0.01,13,27604,中性盘,001282,2025-10-17 22:53:31
09:31:36,21.25,0.04,5,10625,买盘,001282,2025-10-17 22:53:31
09:31:39,21.24,-0.01,6,12745,卖盘,001282,2025-10-17 22:53:31
09:31:42,21.25,0.01,1,2125,买盘,001282,2025-10-17 22:53:31
09:31:45,21.28,0.03,1,2128,买盘,001282,2025-10-17 22:53:31
09:31:48,21.28,0.0,8,17024,买盘,001282,2025-10-17 22:53:31
09:31:54,21.25,-0.03,16,34021,卖盘,001282,2025-10-17 22:53:31
09:32:00,21.26,0.01,19,40394,卖盘,001282,2025-10-17 22:53:31
09:32:03,21.26,0.0,1,2126,卖盘,001282,2025-10-17 22:53:31
09:32:06,21.24,-0.02,166,352797,卖盘,001282,2025-10-17 22:53:31
09:32:09,21.27,0.03,67,142441,中性盘,001282,2025-10-17 22:53:31
09:32:12,21.17,-0.1,143,303288,卖盘,001282,2025-10-17 22:53:31
09:32:18,21.22,0.05,108,229126,卖盘,001282,2025-10-17 22:53:31
09:32:21,21.22,0.0,12,25464,买盘,001282,2025-10-17 22:53:31
09:32:24,21.17,-0.05,14,29658,卖盘,001282,2025-10-17 22:53:31
09:32:27,21.19,0.02,21,44499,买盘,001282,2025-10-17 22:53:31
09:32:30,21.17,-0.02,54,114428,卖盘,001282,2025-10-17 22:53:31
09:32:33,21.19,0.02,5,10595,卖盘,001282,2025-10-17 22:53:31
09:32:36,21.19,0.0,101,214019,买盘,001282,2025-10-17 22:53:31
09:32:39,21.18,-0.01,45,95344,中性盘,001282,2025-10-17 22:53:31
09:32:42,21.22,0.04,56,118704,买盘,001282,2025-10-17 22:53:31
09:32:45,21.2,-0.02,67,141955,卖盘,001282,2025-10-17 22:53:31
09:32:48,21.2,0.0,1,2120,买盘,001282,2025-10-17 22:53:31
09:32:51,21.18,-0.02,29,61456,卖盘,001282,2025-10-17 22:53:31
09:32:54,21.2,0.02,64,135670,买盘,001282,2025-10-17 22:53:31
09:32:57,21.2,0.0,39,82647,中性盘,001282,2025-10-17 22:53:31
09:33:00,21.2,0.0,24,50865,卖盘,001282,2025-10-17 22:53:31
09:33:03,21.2,0.0,4,8479,买盘,001282,2025-10-17 22:53:31
09:33:06,21.19,-0.01,2,4238,卖盘,001282,2025-10-17 22:53:31
09:33:09,21.19,0.0,22,46628,卖盘,001282,2025-10-17 22:53:31
09:33:12,21.15,-0.04,212,448822,卖盘,001282,2025-10-17 22:53:31
09:33:15,21.16,0.01,42,88802,买盘,001282,2025-10-17 22:53:31
09:33:18,21.1,-0.06,762,1609220,卖盘,001282,2025-10-17 22:53:31
09:33:21,21.08,-0.02,279,588123,卖盘,001282,2025-10-17 22:53:31
09:33:24,21.06,-0.02,76,160194,卖盘,001282,2025-10-17 22:53:31
09:33:27,21.1,0.04,152,320623,买盘,001282,2025-10-17 22:53:31
09:33:30,21.05,-0.05,69,145318,卖盘,001282,2025-10-17 22:53:31
09:33:33,21.07,0.02,53,111683,中性盘,001282,2025-10-17 22:53:31
09:33:36,21.06,-0.01,329,692782,卖盘,001282,2025-10-17 22:53:31
09:33:39,21.06,0.0,140,294882,卖盘,001282,2025-10-17 22:53:31
09:33:42,21.08,0.02,58,122301,中性盘,001282,2025-10-17 22:53:31
09:33:45,21.06,-0.02,53,111683,卖盘,001282,2025-10-17 22:53:31
09:33:48,21.1,0.04,3,6330,买盘,001282,2025-10-17 22:53:31
09:33:51,21.14,0.04,18,37987,买盘,001282,2025-10-17 22:53:31
09:33:54,21.14,0.0,11,23214,买盘,001282,2025-10-17 22:53:31
09:34:00,21.14,0.0,3,6342,卖盘,001282,2025-10-17 22:53:31
09:34:03,21.14,0.0,93,196602,卖盘,001282,2025-10-17 22:53:31
09:34:06,21.14,0.0,4,8445,买盘,001282,2025-10-17 22:53:31
09:34:09,21.14,0.0,16,33768,买盘,001282,2025-10-17 22:53:31
09:34:12,21.12,-0.02,8,16899,买盘,001282,2025-10-17 22:53:31
09:34:15,21.12,0.0,41,86672,卖盘,001282,2025-10-17 22:53:31
09:34:18,21.12,0.0,7,14711,卖盘,001282,2025-10-17 22:53:31
09:34:21,21.1,-0.02,46,97217,卖盘,001282,2025-10-17 22:53:31
09:34:24,21.11,0.01,18,37998,卖盘,001282,2025-10-17 22:53:31
09:34:27,21.12,0.01,9,19001,买盘,001282,2025-10-17 22:53:31
09:34:30,21.12,0.0,32,67550,买盘,001282,2025-10-17 22:53:31
09:34:36,21.13,0.01,38,80276,买盘,001282,2025-10-17 22:53:31
09:34:39,21.13,0.0,4,8449,买盘,001282,2025-10-17 22:53:31
09:34:42,21.14,0.01,4,8456,买盘,001282,2025-10-17 22:53:31
09:34:45,21.17,0.03,220,465099,买盘,001282,2025-10-17 22:53:31
09:34:48,21.14,-0.03,192,406007,卖盘,001282,2025-10-17 22:53:31
09:34:51,21.18,0.04,5,10590,中性盘,001282,2025-10-17 22:53:31
09:34:54,21.14,-0.04,12,25374,卖盘,001282,2025-10-17 22:53:31
09:35:03,21.14,0.0,28,59200,卖盘,001282,2025-10-17 22:53:31
09:35:06,21.14,0.0,1,2114,卖盘,001282,2025-10-17 22:53:31
09:35:09,21.15,0.01,12,25369,中性盘,001282,2025-10-17 22:53:31
09:35:12,21.15,0.0,103,218143,卖盘,001282,2025-10-17 22:53:31
09:35:15,21.16,0.01,57,120521,买盘,001282,2025-10-17 22:53:31
09:35:18,21.14,-0.02,247,521752,卖盘,001282,2025-10-17 22:53:31
09:35:21,21.15,0.01,17,35930,买盘,001282,2025-10-17 22:53:31
09:35:24,21.15,0.0,8,16915,买盘,001282,2025-10-17 22:53:31
09:35:27,21.15,0.0,7,14805,买盘,001282,2025-10-17 22:53:31
09:35:30,21.15,0.0,1,2115,卖盘,001282,2025-10-17 22:53:31
09:35:33,21.13,-0.02,180,380578,卖盘,001282,2025-10-17 22:53:31
09:35:36,21.15,0.02,32,67600,买盘,001282,2025-10-17 22:53:31
09:35:39,21.13,-0.02,135,285258,中性盘,001282,2025-10-17 22:53:31
09:35:42,21.15,0.02,28,59149,买盘,001282,2025-10-17 22:53:31
09:35:45,21.14,-0.01,11,23248,中性盘,001282,2025-10-17 22:53:31
09:35:48,21.14,0.0,177,374206,买盘,001282,2025-10-17 22:53:31
09:35:51,21.14,0.0,20,42280,卖盘,001282,2025-10-17 22:53:31
09:35:54,21.14,0.0,2,4228,卖盘,001282,2025-10-17 22:53:31
09:35:57,21.15,0.01,5,10572,买盘,001282,2025-10-17 22:53:31
09:36:00,21.15,0.0,31,65535,买盘,001282,2025-10-17 22:53:31
09:36:03,21.14,-0.01,17,35940,卖盘,001282,2025-10-17 22:53:31
09:36:06,21.12,-0.02,104,219764,卖盘,001282,2025-10-17 22:53:31
09:36:09,21.12,0.0,199,419738,卖盘,001282,2025-10-17 22:53:31
09:36:12,21.12,0.0,3,6336,买盘,001282,2025-10-17 22:53:31
09:36:15,21.1,-0.02,139,293295,卖盘,001282,2025-10-17 22:53:31
09:36:18,21.09,-0.01,33,69669,卖盘,001282,2025-10-17 22:53:31
09:36:21,21.08,-0.01,155,326599,卖盘,001282,2025-10-17 22:53:31
09:36:24,21.08,0.0,12,25286,买盘,001282,2025-10-17 22:53:31
09:36:30,21.07,-0.01,24,50568,卖盘,001282,2025-10-17 22:53:31
09:36:33,21.08,0.01,85,179100,买盘,001282,2025-10-17 22:53:31
09:36:36,21.07,-0.01,111,233951,中性盘,001282,2025-10-17 22:53:31
09:36:39,21.08,0.01,14,29512,卖盘,001282,2025-10-17 22:53:31
09:36:42,21.08,0.0,8,16864,卖盘,001282,2025-10-17 22:53:31
09:36:45,21.08,0.0,20,42161,卖盘,001282,2025-10-17 22:53:31
09:36:48,21.08,0.0,25,52709,卖盘,001282,2025-10-17 22:53:31
09:36:51,21.08,0.0,11,23190,卖盘,001282,2025-10-17 22:53:31
09:36:54,21.08,0.0,19,40077,卖盘,001282,2025-10-17 22:53:31
09:36:57,21.08,0.0,3,6324,卖盘,001282,2025-10-17 22:53:31
09:37:00,21.07,-0.01,151,318224,卖盘,001282,2025-10-17 22:53:31
09:37:03,21.12,0.05,24,50638,买盘,001282,2025-10-17 22:53:31
09:37:06,21.08,-0.04,35,73775,卖盘,001282,2025-10-17 22:53:31
09:37:09,21.09,0.01,107,225573,买盘,001282,2025-10-17 22:53:31
09:37:12,21.09,0.0,35,73815,买盘,001282,2025-10-17 22:53:31
09:37:15,21.12,0.03,51,107695,买盘,001282,2025-10-17 22:53:31
09:37:18,21.09,-0.03,26,54844,卖盘,001282,2025-10-17 22:53:31
09:37:21,21.14,0.05,14,29596,买盘,001282,2025-10-17 22:53:31
09:37:24,21.12,-0.02,65,137280,中性盘,001282,2025-10-17 22:53:31
09:37:27,21.14,0.02,12,25365,买盘,001282,2025-10-17 22:53:31
09:37:30,21.15,0.01,2,4230,买盘,001282,2025-10-17 22:53:31
09:37:33,21.14,-0.01,5,10574,卖盘,001282,2025-10-17 22:53:31
09:37:36,21.14,0.0,8,16925,卖盘,001282,2025-10-17 22:53:31
09:37:39,21.15,0.01,19,40213,中性盘,001282,2025-10-17 22:53:31
09:37:42,21.17,0.02,32,67744,买盘,001282,2025-10-17 22:53:31
09:37:45,21.17,0.0,2,4234,买盘,001282,2025-10-17 22:53:31
09:37:48,21.18,0.01,11,23290,买盘,001282,2025-10-17 22:53:31
09:37:51,21.18,0.0,1,2118,买盘,001282,2025-10-17 22:53:31
09:37:57,21.18,0.0,14,29652,买盘,001282,2025-10-17 22:53:31
09:38:00,21.23,0.05,86,182194,买盘,001282,2025-10-17 22:53:31
09:38:03,21.23,0.0,38,80484,买盘,001282,2025-10-17 22:53:31
09:38:06,21.24,0.01,5,10620,买盘,001282,2025-10-17 22:53:31
09:38:09,21.24,0.0,9,19116,买盘,001282,2025-10-17 22:53:31
09:38:18,21.25,0.01,4,8494,买盘,001282,2025-10-17 22:53:31
09:38:21,21.25,0.0,5,10624,买盘,001282,2025-10-17 22:53:31
09:38:24,21.25,0.0,7,14874,买盘,001282,2025-10-17 22:53:31
09:38:27,21.26,0.01,2,4252,买盘,001282,2025-10-17 22:53:31
09:38:30,21.27,0.01,80,170091,买盘,001282,2025-10-17 22:53:31
09:38:33,21.25,-0.02,199,422959,卖盘,001282,2025-10-17 22:53:31
09:38:36,21.25,0.0,61,129625,买盘,001282,2025-10-17 22:53:31
09:38:39,21.24,-0.01,34,72231,卖盘,001282,2025-10-17 22:53:31
09:38:42,21.24,0.0,3,6372,卖盘,001282,2025-10-17 22:53:31
09:38:45,21.24,0.0,6,12746,卖盘,001282,2025-10-17 22:53:31
09:38:48,21.24,0.0,14,29736,卖盘,001282,2025-10-17 22:53:31
09:38:54,21.24,0.0,10,21240,买盘,001282,2025-10-17 22:53:31
09:38:57,21.23,-0.01,4,8492,卖盘,001282,2025-10-17 22:53:31
09:39:00,21.23,0.0,34,72182,卖盘,001282,2025-10-17 22:53:31
09:39:03,21.21,-0.02,9,19091,卖盘,001282,2025-10-17 22:53:31
09:39:06,21.22,0.01,6,12735,买盘,001282,2025-10-17 22:53:31
09:39:12,21.23,0.01,3,6368,买盘,001282,2025-10-17 22:53:31
09:39:15,21.18,-0.05,114,241646,卖盘,001282,2025-10-17 22:53:31
09:39:18,21.22,0.04,4,8488,买盘,001282,2025-10-17 22:53:31
09:39:21,21.22,0.0,7,14854,买盘,001282,2025-10-17 22:53:31
09:39:24,21.2,-0.02,1,2120,卖盘,001282,2025-10-17 22:53:31
09:39:27,21.22,0.02,7,14842,买盘,001282,2025-10-17 22:53:31
09:39:30,21.2,-0.02,19,40280,中性盘,001282,2025-10-17 22:53:31
09:39:36,21.19,-0.01,23,48738,卖盘,001282,2025-10-17 22:53:31
09:39:39,21.19,0.0,9,19071,卖盘,001282,2025-10-17 22:53:31
09:39:45,21.19,0.0,1,2119,中性盘,001282,2025-10-17 22:53:31
09:39:48,21.19,0.0,83,175822,买盘,001282,2025-10-17 22:53:31
09:39:51,21.19,0.0,7,14833,卖盘,001282,2025-10-17 22:53:31
09:39:54,21.21,0.02,21,44509,买盘,001282,2025-10-17 22:53:31
09:39:57,21.17,-0.04,10,21170,卖盘,001282,2025-10-17 22:53:31
09:40:00,21.19,0.02,11,23289,中性盘,001282,2025-10-17 22:53:31
09:40:03,21.17,-0.02,16,33872,卖盘,001282,2025-10-17 22:53:31
09:40:06,21.16,-0.01,82,173584,卖盘,001282,2025-10-17 22:53:31
09:40:09,21.16,0.0,73,154528,卖盘,001282,2025-10-17 22:53:31
09:40:15,21.16,0.0,10,21165,卖盘,001282,2025-10-17 22:53:31
09:40:18,21.11,-0.05,2080,4401015,卖盘,001282,2025-10-17 22:53:31
09:40:21,21.16,0.05,36,76130,买盘,001282,2025-10-17 22:53:31
09:40:24,21.17,0.01,79,167151,买盘,001282,2025-10-17 22:53:31
09:40:27,21.11,-0.06,25,52876,卖盘,001282,2025-10-17 22:53:31
09:40:30,21.16,0.05,11,23276,买盘,001282,2025-10-17 22:53:31
09:40:33,21.11,-0.05,7,14777,卖盘,001282,2025-10-17 22:53:31
09:40:36,21.12,0.01,1,2112,卖盘,001282,2025-10-17 22:53:31
09:40:42,21.12,0.0,4,8448,卖盘,001282,2025-10-17 22:53:31
09:40:45,21.12,0.0,79,166804,买盘,001282,2025-10-17 22:53:31
09:40:48,21.12,0.0,34,71782,中性盘,001282,2025-10-17 22:53:31
09:40:51,21.11,-0.01,14,29554,卖盘,001282,2025-10-17 22:53:31
09:40:54,21.11,0.0,29,61219,买盘,001282,2025-10-17 22:53:31
09:40:57,21.12,0.01,21,44332,买盘,001282,2025-10-17 22:53:31
09:41:03,21.03,-0.09,982,2069331,卖盘,001282,2025-10-17 22:53:31
09:41:06,21.01,-0.02,353,742014,卖盘,001282,2025-10-17 22:53:31
09:41:09,21.01,0.0,104,218547,卖盘,001282,2025-10-17 22:53:31
09:41:12,21.01,0.0,71,149197,卖盘,001282,2025-10-17 22:53:31
09:41:15,21.01,0.0,134,281536,卖盘,001282,2025-10-17 22:53:31
09:41:18,21.0,-0.01,68,142851,卖盘,001282,2025-10-17 22:53:31
09:41:21,21.0,0.0,103,216340,卖盘,001282,2025-10-17 22:53:31
09:41:24,20.96,-0.04,1157,2429055,卖盘,001282,2025-10-17 22:53:31
09:41:27,20.97,0.01,57,119478,买盘,001282,2025-10-17 22:53:31
09:41:30,20.97,0.0,375,786548,卖盘,001282,2025-10-17 22:53:31
09:41:33,21.01,0.04,170,356987,买盘,001282,2025-10-17 22:53:31
09:41:36,21.01,0.0,76,159441,买盘,001282,2025-10-17 22:53:31
09:41:39,21.0,-0.01,106,222598,卖盘,001282,2025-10-17 22:53:31
09:41:42,21.0,0.0,10,21007,卖盘,001282,2025-10-17 22:53:31
09:41:45,21.0,0.0,41,86119,买盘,001282,2025-10-17 22:53:31
09:41:48,20.97,-0.03,11,23079,卖盘,001282,2025-10-17 22:53:31
09:41:51,20.98,0.01,10,20980,买盘,001282,2025-10-17 22:53:31
09:41:54,20.97,-0.01,18,37746,卖盘,001282,2025-10-17 22:53:31
09:41:57,20.96,-0.01,9,18866,卖盘,001282,2025-10-17 22:53:31
09:42:00,20.96,0.0,52,109000,卖盘,001282,2025-10-17 22:53:31
09:42:03,20.97,0.01,161,337530,买盘,001282,2025-10-17 22:53:31
09:42:06,20.95,-0.02,144,301937,卖盘,001282,2025-10-17 22:53:31
09:42:09,20.96,0.01,50,104771,买盘,001282,2025-10-17 22:53:31
09:42:12,20.97,0.01,17,35648,买盘,001282,2025-10-17 22:53:31
09:42:15,20.96,-0.01,38,79650,卖盘,001282,2025-10-17 22:53:31
09:42:18,20.96,0.0,15,31444,卖盘,001282,2025-10-17 22:53:31
09:42:21,20.99,0.03,70,146836,买盘,001282,2025-10-17 22:53:31
09:42:24,20.97,-0.02,13,27265,卖盘,001282,2025-10-17 22:53:31
09:42:27,20.97,0.0,32,67104,卖盘,001282,2025-10-17 22:53:31
09:42:30,20.97,0.0,22,46134,买盘,001282,2025-10-17 22:53:31
09:42:33,20.98,0.01,10,20972,买盘,001282,2025-10-17 22:53:31
09:42:36,20.98,0.0,6,12588,买盘,001282,2025-10-17 22:53:31
09:42:39,20.97,-0.01,51,106976,卖盘,001282,2025-10-17 22:53:31
09:42:42,20.99,0.02,68,142677,买盘,001282,2025-10-17 22:53:31
09:42:45,20.97,-0.02,40,83917,卖盘,001282,2025-10-17 22:53:31
09:42:51,20.99,0.02,7,14693,买盘,001282,2025-10-17 22:53:31
09:42:54,20.98,-0.01,44,92319,卖盘,001282,2025-10-17 22:53:31
09:42:57,20.98,0.0,42,88121,卖盘,001282,2025-10-17 22:53:31
09:43:00,20.98,0.0,10,20971,买盘,001282,2025-10-17 22:53:31
09:43:03,20.97,-0.01,63,132156,卖盘,001282,2025-10-17 22:53:31
09:43:06,20.98,0.01,61,127928,中性盘,001282,2025-10-17 22:53:31
09:43:09,20.97,-0.01,29,60817,卖盘,001282,2025-10-17 22:53:31
09:43:12,20.97,0.0,39,81784,卖盘,001282,2025-10-17 22:53:31
09:43:15,20.98,0.01,1,2098,买盘,001282,2025-10-17 22:53:31
09:43:18,20.98,0.0,28,58744,卖盘,001282,2025-10-17 22:53:31
09:43:21,20.98,0.0,52,109096,买盘,001282,2025-10-17 22:53:31
09:43:24,20.98,0.0,19,39862,卖盘,001282,2025-10-17 22:53:31
09:43:27,20.98,0.0,119,249562,卖盘,001282,2025-10-17 22:53:31
09:43:30,20.97,-0.01,7,13846,卖盘,001282,2025-10-17 22:53:31
09:43:33,20.98,0.01,3,6294,买盘,001282,2025-10-17 22:53:31
09:43:36,20.98,0.0,24,50352,买盘,001282,2025-10-17 22:53:31
09:43:39,20.99,0.01,45,94413,买盘,001282,2025-10-17 22:53:31
09:43:42,20.97,-0.02,6,12582,卖盘,001282,2025-10-17 22:53:31
09:43:45,20.98,0.01,29,60842,卖盘,001282,2025-10-17 22:53:31
09:43:48,20.99,0.01,2,4198,买盘,001282,2025-10-17 22:53:31
09:43:51,20.99,0.0,19,39881,买盘,001282,2025-10-17 22:53:31
09:43:54,20.98,-0.01,6,12592,卖盘,001282,2025-10-17 22:53:31
09:44:00,20.99,0.01,5,9655,买盘,001282,2025-10-17 22:53:31
09:44:03,20.99,0.0,12,25188,卖盘,001282,2025-10-17 22:53:31
09:44:06,20.99,0.0,20,41980,卖盘,001282,2025-10-17 22:53:31
09:44:09,20.99,0.0,90,188841,卖盘,001282,2025-10-17 22:53:31
09:44:12,20.98,-0.01,22,46156,卖盘,001282,2025-10-17 22:53:31
09:44:15,20.99,0.01,21,44079,买盘,001282,2025-10-17 22:53:31
09:44:18,20.99,0.0,8,16795,卖盘,001282,2025-10-17 22:53:31
09:44:21,20.99,0.0,5,10495,买盘,001282,2025-10-17 22:53:31
09:44:27,20.99,0.0,9,18891,卖盘,001282,2025-10-17 22:53:31
09:44:33,20.99,0.0,3,6299,卖盘,001282,2025-10-17 22:53:31
09:44:36,20.99,0.0,44,92356,卖盘,001282,2025-10-17 22:53:31
09:44:39,20.99,0.0,8,16792,买盘,001282,2025-10-17 22:53:31
09:44:42,20.98,-0.01,9,18886,卖盘,001282,2025-10-17 22:53:31
09:44:45,20.99,0.01,32,67168,买盘,001282,2025-10-17 22:53:31
09:44:48,20.99,0.0,21,44079,卖盘,001282,2025-10-17 22:53:31
09:44:54,20.99,0.0,141,295831,卖盘,001282,2025-10-17 22:53:31
09:45:00,21.0,0.01,74,155380,买盘,001282,2025-10-17 22:53:31
09:45:03,20.93,-0.07,755,1582393,卖盘,001282,2025-10-17 22:53:31
09:45:06,20.93,0.0,18,37674,卖盘,001282,2025-10-17 22:53:31
09:45:09,20.96,0.03,44,92126,买盘,001282,2025-10-17 22:53:31
09:45:12,20.96,0.0,6,12575,买盘,001282,2025-10-17 22:53:31
09:45:15,20.94,-0.02,8,16757,卖盘,001282,2025-10-17 22:53:31
09:45:18,20.95,0.01,1,2095,买盘,001282,2025-10-17 22:53:31
09:45:21,20.95,0.0,6,12570,卖盘,001282,2025-10-17 22:53:31
09:45:24,20.95,0.0,5,10475,买盘,001282,2025-10-17 22:53:31
09:45:27,20.95,0.0,24,50277,买盘,001282,2025-10-17 22:53:31
09:45:30,20.94,-0.01,35,73290,卖盘,001282,2025-10-17 22:53:31
09:45:33,20.93,-0.01,23,48139,卖盘,001282,2025-10-17 22:53:31
09:45:36,20.93,0.0,38,79537,卖盘,001282,2025-10-17 22:53:31
09:45:39,20.93,0.0,2,4186,买盘,001282,2025-10-17 22:53:31
09:45:42,20.92,-0.01,39,81588,卖盘,001282,2025-10-17 22:53:31
09:45:45,20.93,0.01,61,127640,买盘,001282,2025-10-17 22:53:31
09:45:48,20.92,-0.01,3,6276,中性盘,001282,2025-10-17 22:53:31
09:45:51,20.92,0.0,5,10460,买盘,001282,2025-10-17 22:53:31
09:45:54,20.91,-0.01,25,52275,卖盘,001282,2025-10-17 22:53:31
09:45:57,20.91,0.0,83,173553,卖盘,001282,2025-10-17 22:53:31
09:46:00,20.91,0.0,6,12546,买盘,001282,2025-10-17 22:53:31
09:46:03,20.9,-0.01,87,182686,卖盘,001282,2025-10-17 22:53:31
09:46:06,20.88,-0.02,245,511160,卖盘,001282,2025-10-17 22:53:31
09:46:09,20.88,0.0,66,137849,卖盘,001282,2025-10-17 22:53:31
09:46:12,20.9,0.02,3,6269,买盘,001282,2025-10-17 22:53:31
09:46:15,20.88,-0.02,65,135720,卖盘,001282,2025-10-17 22:53:31
09:46:18,20.85,-0.03,144,300434,卖盘,001282,2025-10-17 22:53:31
09:46:21,20.87,0.02,2,4174,买盘,001282,2025-10-17 22:53:31
09:46:24,20.85,-0.02,17,35447,卖盘,001282,2025-10-17 22:53:31
09:46:27,20.87,0.02,542,1129458,买盘,001282,2025-10-17 22:53:31
09:46:30,20.88,0.01,34,70960,买盘,001282,2025-10-17 22:53:31
09:46:33,20.87,-0.01,5,10435,中性盘,001282,2025-10-17 22:53:31
09:46:36,20.87,0.0,73,152288,买盘,001282,2025-10-17 22:53:31
09:46:39,20.86,-0.01,14,29206,中性盘,001282,2025-10-17 22:53:31
09:46:42,20.85,-0.01,45,93825,卖盘,001282,2025-10-17 22:53:31
09:46:45,20.85,0.0,262,546647,买盘,001282,2025-10-17 22:53:31
09:46:48,20.81,-0.04,14,29134,卖盘,001282,2025-10-17 22:53:31
09:46:51,20.85,0.04,213,443403,买盘,001282,2025-10-17 22:53:31
09:46:54,20.81,-0.04,42,87415,卖盘,001282,2025-10-17 22:53:31
09:46:57,20.86,0.05,148,308610,买盘,001282,2025-10-17 22:53:31
09:47:00,20.85,-0.01,15,31275,中性盘,001282,2025-10-17 22:53:31
09:47:03,20.86,0.01,65,135510,买盘,001282,2025-10-17 22:53:31
09:47:09,20.83,-0.03,76,158238,卖盘,001282,2025-10-17 22:53:31
09:47:12,20.83,0.0,3,6249,买盘,001282,2025-10-17 22:53:31
09:47:15,20.81,-0.02,1,2081,卖盘,001282,2025-10-17 22:53:31
09:47:18,20.81,0.0,15,31222,卖盘,001282,2025-10-17 22:53:31
09:47:21,20.8,-0.01,32,66590,卖盘,001282,2025-10-17 22:53:31
09:47:24,20.82,0.02,55,114477,买盘,001282,2025-10-17 22:53:31
09:47:27,20.81,-0.01,139,289269,中性盘,001282,2025-10-17 22:53:31
09:47:30,20.83,0.02,210,436889,买盘,001282,2025-10-17 22:53:31
09:47:33,20.8,-0.03,60,124865,卖盘,001282,2025-10-17 22:53:31
09:47:36,20.81,0.01,27,56210,卖盘,001282,2025-10-17 22:53:31
09:47:39,20.82,0.01,6,12489,买盘,001282,2025-10-17 22:53:31
09:47:42,20.81,-0.01,23,47863,卖盘,001282,2025-10-17 22:53:31
09:47:45,20.82,0.01,25,52027,买盘,001282,2025-10-17 22:53:31
09:47:48,20.81,-0.01,5,10405,卖盘,001282,2025-10-17 22:53:31
09:47:51,20.81,0.0,37,77003,卖盘,001282,2025-10-17 22:53:31
09:47:54,20.82,0.01,21,43709,买盘,001282,2025-10-17 22:53:31
09:47:57,20.82,0.0,36,74938,买盘,001282,2025-10-17 22:53:31
09:48:00,20.8,-0.02,481,1000781,卖盘,001282,2025-10-17 22:53:31
09:48:03,20.79,-0.01,27,56149,卖盘,001282,2025-10-17 22:53:31
09:48:06,20.79,0.0,35,72785,卖盘,001282,2025-10-17 22:53:31
09:48:09,20.78,-0.01,87,180780,卖盘,001282,2025-10-17 22:53:31
09:48:12,20.79,0.01,25,51954,买盘,001282,2025-10-17 22:53:31
09:48:15,20.78,-0.01,72,149626,卖盘,001282,2025-10-17 22:53:31
09:48:18,20.77,-0.01,30,62320,中性盘,001282,2025-10-17 22:53:31
09:48:21,20.79,0.02,55,114300,买盘,001282,2025-10-17 22:53:31
09:48:27,20.78,-0.01,48,99756,卖盘,001282,2025-10-17 22:53:31
09:48:30,20.79,0.01,44,91458,买盘,001282,2025-10-17 22:53:31
09:48:33,20.78,-0.01,43,89341,卖盘,001282,2025-10-17 22:53:31
09:48:36,20.82,0.04,92,191355,买盘,001282,2025-10-17 22:53:31
09:48:42,20.77,-0.05,104,216560,卖盘,001282,2025-10-17 22:53:31
09:48:45,20.84,0.07,69,143498,买盘,001282,2025-10-17 22:53:31
09:48:48,20.84,0.0,13,27059,买盘,001282,2025-10-17 22:53:31
09:48:51,20.85,0.01,28,58344,买盘,001282,2025-10-17 22:53:31
09:48:54,20.85,0.0,39,82150,买盘,001282,2025-10-17 22:53:31
09:48:57,20.87,0.02,17,35449,买盘,001282,2025-10-17 22:53:31
09:49:00,20.87,0.0,9,18772,买盘,001282,2025-10-17 22:53:31
09:49:03,20.89,0.02,41,85604,买盘,001282,2025-10-17 22:53:31
09:49:06,20.89,0.0,7,14623,买盘,001282,2025-10-17 22:53:31
09:49:09,20.91,0.02,54,112765,买盘,001282,2025-10-17 22:53:31
09:49:12,20.91,0.0,3,6273,买盘,001282,2025-10-17 22:53:31
09:49:15,20.92,0.01,10,20913,买盘,001282,2025-10-17 22:53:31
09:49:18,20.92,0.0,4,8368,买盘,001282,2025-10-17 22:53:31
09:49:21,20.91,-0.01,39,81568,卖盘,001282,2025-10-17 22:53:31
09:49:27,20.9,-0.01,11,22992,卖盘,001282,2025-10-17 22:53:31
09:49:30,20.89,-0.01,3,6267,卖盘,001282,2025-10-17 22:53:31
09:49:33,20.89,0.0,36,75219,卖盘,001282,2025-10-17 22:53:31
09:49:36,20.88,-0.01,13,27146,卖盘,001282,2025-10-17 22:53:31
09:49:39,20.88,0.0,13,27144,卖盘,001282,2025-10-17 22:53:31
09:49:42,20.87,-0.01,42,87654,卖盘,001282,2025-10-17 22:53:31
09:49:45,20.88,0.01,32,66789,买盘,001282,2025-10-17 22:53:31
09:49:48,20.87,-0.01,43,89659,中性盘,001282,2025-10-17 22:53:31
09:49:51,20.87,0.0,44,91827,中性盘,001282,2025-10-17 22:53:31
09:49:54,20.88,0.01,31,64721,买盘,001282,2025-10-17 22:53:31
09:50:00,20.87,-0.01,8,16700,卖盘,001282,2025-10-17 22:53:31
09:50:03,20.88,0.01,9,18792,买盘,001282,2025-10-17 22:53:31
09:50:06,20.87,-0.01,55,114786,卖盘,001282,2025-10-17 22:53:31
09:50:09,20.88,0.01,20,41734,买盘,001282,2025-10-17 22:53:31
09:50:12,20.88,0.0,75,156600,买盘,001282,2025-10-17 22:53:31
09:50:15,20.89,0.01,30,62653,买盘,001282,2025-10-17 22:53:31
09:50:18,20.88,-0.01,6,12528,卖盘,001282,2025-10-17 22:53:31
09:50:21,20.88,0.0,12,25054,买盘,001282,2025-10-17 22:53:31
09:50:24,20.87,-0.01,17,35479,卖盘,001282,2025-10-17 22:53:31
09:50:27,20.87,0.0,82,171112,卖盘,001282,2025-10-17 22:53:31
09:50:30,20.87,0.0,30,62608,买盘,001282,2025-10-17 22:53:31
09:50:39,20.85,-0.02,84,175156,卖盘,001282,2025-10-17 22:53:31
09:50:42,20.84,-0.01,2,4168,卖盘,001282,2025-10-17 22:53:31
09:50:45,20.83,-0.01,81,168758,卖盘,001282,2025-10-17 22:53:31
09:50:51,20.81,-0.02,69,143603,卖盘,001282,2025-10-17 22:53:31
09:50:54,20.8,-0.01,136,283081,卖盘,001282,2025-10-17 22:53:31
09:50:57,20.8,0.0,38,78697,卖盘,001282,2025-10-17 22:53:31
09:51:00,20.8,0.0,65,135616,卖盘,001282,2025-10-17 22:53:31
09:51:03,20.8,0.0,24,49910,买盘,001282,2025-10-17 22:53:31
09:51:06,20.79,-0.01,8,16632,卖盘,001282,2025-10-17 22:53:31
09:51:09,20.78,-0.01,38,78970,卖盘,001282,2025-10-17 22:53:31
09:51:12,20.77,-0.01,32,66522,卖盘,001282,2025-10-17 22:53:31
09:51:15,20.79,0.02,13,27013,买盘,001282,2025-10-17 22:53:31
09:51:18,20.77,-0.02,13,27004,卖盘,001282,2025-10-17 22:53:31
09:51:21,20.8,0.03,108,224529,买盘,001282,2025-10-17 22:53:31
09:51:24,20.79,-0.01,50,103962,卖盘,001282,2025-10-17 22:53:31
09:51:27,20.8,0.01,104,216221,买盘,001282,2025-10-17 22:53:31
09:51:30,20.84,0.04,69,143119,买盘,001282,2025-10-17 22:53:31
09:51:33,20.78,-0.06,52,108495,卖盘,001282,2025-10-17 22:53:31
09:51:36,20.76,-0.02,272,564374,卖盘,001282,2025-10-17 22:53:31
09:51:39,20.76,0.0,4,8304,买盘,001282,2025-10-17 22:53:31
09:51:42,20.76,0.0,7,14532,买盘,001282,2025-10-17 22:53:31
09:51:45,20.76,0.0,16,33210,买盘,001282,2025-10-17 22:53:31
09:51:48,20.76,0.0,17,35707,买盘,001282,2025-10-17 22:53:31
09:51:51,20.79,0.03,92,191040,买盘,001282,2025-10-17 22:53:31
09:51:54,20.79,0.0,57,118441,买盘,001282,2025-10-17 22:53:31
09:51:57,20.79,0.0,1,2079,买盘,001282,2025-10-17 22:53:31
09:52:00,20.78,-0.01,13,27019,卖盘,001282,2025-10-17 22:53:31
09:52:03,20.79,0.01,55,114314,买盘,001282,2025-10-17 22:53:31
09:52:06,20.82,0.03,75,155956,买盘,001282,2025-10-17 22:53:31
09:52:09,20.85,0.03,71,147854,买盘,001282,2025-10-17 22:53:31
09:52:12,20.85,0.0,28,58370,买盘,001282,2025-10-17 22:53:31
09:52:15,20.85,0.0,25,52125,买盘,001282,2025-10-17 22:53:31
09:52:18,20.85,0.0,29,60435,买盘,001282,2025-10-17 22:53:31
09:52:21,20.86,0.01,13,27106,买盘,001282,2025-10-17 22:53:31
09:52:27,20.86,0.0,5,10430,买盘,001282,2025-10-17 22:53:31
09:52:30,20.86,0.0,12,25032,买盘,001282,2025-10-17 22:53:31
09:52:33,20.86,0.0,1,2086,卖盘,001282,2025-10-17 22:53:31
09:52:36,20.86,0.0,533,1113090,卖盘,001282,2025-10-17 22:53:31
09:52:39,20.86,0.0,18,37548,卖盘,001282,2025-10-17 22:53:31
09:52:42,20.86,0.0,19,39634,买盘,001282,2025-10-17 22:53:31
09:52:45,20.86,0.0,5,10430,买盘,001282,2025-10-17 22:53:31
09:52:48,20.86,0.0,13,27115,买盘,001282,2025-10-17 22:53:31
09:52:51,20.86,0.0,3,6258,卖盘,001282,2025-10-17 22:53:31
09:52:54,20.86,0.0,16,33376,卖盘,001282,2025-10-17 22:53:31
09:52:57,20.86,0.0,31,64730,中性盘,001282,2025-10-17 22:53:31
09:53:00,20.85,-0.01,7,14595,卖盘,001282,2025-10-17 22:53:31
09:53:03,20.84,-0.01,12,25011,卖盘,001282,2025-10-17 22:53:31
09:53:06,20.84,0.0,5,10420,买盘,001282,2025-10-17 22:53:31
09:53:09,20.82,-0.02,12,24984,卖盘,001282,2025-10-17 22:53:31
09:53:12,20.82,0.0,50,104100,卖盘,001282,2025-10-17 22:53:31
09:53:15,20.82,0.0,5,10410,卖盘,001282,2025-10-17 22:53:31
09:53:18,20.84,0.02,13,27092,买盘,001282,2025-10-17 22:53:31
09:53:21,20.84,0.0,26,54208,卖盘,001282,2025-10-17 22:53:31
09:53:27,20.86,0.02,5,10430,买盘,001282,2025-10-17 22:53:31
09:53:33,20.84,-0.02,69,143816,卖盘,001282,2025-10-17 22:53:31
09:53:42,20.84,0.0,11,22914,买盘,001282,2025-10-17 22:53:31
09:53:48,20.84,0.0,10,20840,买盘,001282,2025-10-17 22:53:31
09:53:54,20.83,-0.01,13,27080,卖盘,001282,2025-10-17 22:53:31
09:53:57,20.8,-0.03,159,330869,卖盘,001282,2025-10-17 22:53:31
09:54:00,20.83,0.03,55,114504,买盘,001282,2025-10-17 22:53:31
09:54:03,20.79,-0.04,3,6237,卖盘,001282,2025-10-17 22:53:31
09:54:09,20.79,0.0,20,41567,卖盘,001282,2025-10-17 22:53:31
09:54:12,20.81,0.02,11,22871,买盘,001282,2025-10-17 22:53:31
09:54:15,20.8,-0.01,3,6242,中性盘,001282,2025-10-17 22:53:31
09:54:18,20.8,0.0,4,8320,卖盘,001282,2025-10-17 22:53:31
09:54:24,20.8,0.0,1,2080,买盘,001282,2025-10-17 22:53:31
09:54:27,20.79,-0.01,10,20790,卖盘,001282,2025-10-17 22:53:31
09:54:30,20.8,0.01,3,6240,买盘,001282,2025-10-17 22:53:31
09:54:36,20.8,0.0,6,12480,卖盘,001282,2025-10-17 22:53:31
09:54:42,20.8,0.0,25,52000,买盘,001282,2025-10-17 22:53:31
09:54:45,20.8,0.0,1,2080,卖盘,001282,2025-10-17 22:53:31
09:54:48,20.8,0.0,31,64480,卖盘,001282,2025-10-17 22:53:31
09:54:51,20.8,0.0,10,20799,买盘,001282,2025-10-17 22:53:31
09:54:54,20.8,0.0,73,151786,买盘,001282,2025-10-17 22:53:31
09:54:57,20.8,0.0,4,8320,买盘,001282,2025-10-17 22:53:31
09:55:00,20.78,-0.02,131,272224,卖盘,001282,2025-10-17 22:53:31
09:55:03,20.8,0.02,35,72774,买盘,001282,2025-10-17 22:53:31
09:55:09,20.79,-0.01,7,14553,卖盘,001282,2025-10-17 22:53:31
09:55:12,20.78,-0.01,22,45731,卖盘,001282,2025-10-17 22:53:31
09:55:18,20.78,0.0,1,2078,卖盘,001282,2025-10-17 22:53:31
09:55:24,20.78,0.0,57,118446,买盘,001282,2025-10-17 22:53:31
09:55:33,20.78,0.0,3,6234,卖盘,001282,2025-10-17 22:53:31
09:55:36,20.8,0.02,18,37440,买盘,001282,2025-10-17 22:53:31
09:55:39,20.8,0.0,1,2080,买盘,001282,2025-10-17 22:53:31
09:55:42,20.78,-0.02,20,41580,卖盘,001282,2025-10-17 22:53:31
09:55:45,20.8,0.02,6,12480,买盘,001282,2025-10-17 22:53:31
09:55:51,20.8,0.0,16,33280,买盘,001282,2025-10-17 22:53:31
09:56:00,20.8,0.0,13,27040,卖盘,001282,2025-10-17 22:53:31
09:56:03,20.8,0.0,8,16642,卖盘,001282,2025-10-17 22:53:31
09:56:06,20.8,0.0,8,16640,卖盘,001282,2025-10-17 22:53:31
09:56:09,20.79,-0.01,24,49896,卖盘,001282,2025-10-17 22:53:31
09:56:12,20.8,0.01,33,68638,买盘,001282,2025-10-17 22:53:31
09:56:15,20.79,-0.01,12,24946,中性盘,001282,2025-10-17 22:53:31
09:56:18,20.79,0.0,3,6237,买盘,001282,2025-10-17 22:53:31
09:56:21,20.79,0.0,17,35343,买盘,001282,2025-10-17 22:53:31
09:56:24,20.79,0.0,13,27027,卖盘,001282,2025-10-17 22:53:31
09:56:30,20.8,0.01,63,130990,买盘,001282,2025-10-17 22:53:31
09:56:36,20.8,0.0,35,72800,卖盘,001282,2025-10-17 22:53:31
09:56:39,20.81,0.01,16,33284,买盘,001282,2025-10-17 22:53:31
09:56:42,20.8,-0.01,4,8320,卖盘,001282,2025-10-17 22:53:31
09:56:51,20.8,0.0,9,18720,买盘,001282,2025-10-17 22:53:31
09:56:54,20.81,0.01,8,16648,买盘,001282,2025-10-17 22:53:31
09:57:00,20.81,0.0,7,14567,卖盘,001282,2025-10-17 22:53:31
09:57:03,20.82,0.01,6,12491,买盘,001282,2025-10-17 22:53:31
09:57:06,20.82,0.0,23,47876,买盘,001282,2025-10-17 22:53:31
09:57:09,20.82,0.0,32,66621,买盘,001282,2025-10-17 22:53:31
09:57:15,20.82,0.0,8,16658,卖盘,001282,2025-10-17 22:53:31
09:57:18,20.81,-0.01,10,20815,卖盘,001282,2025-10-17 22:53:31
09:57:27,20.83,0.02,7,14581,买盘,001282,2025-10-17 22:53:31
09:57:30,20.83,0.0,8,16664,买盘,001282,2025-10-17 22:53:31
09:57:33,20.83,0.0,2,4166,卖盘,001282,2025-10-17 22:53:31
09:57:39,20.85,0.02,1,2085,买盘,001282,2025-10-17 22:53:31
09:57:42,20.83,-0.02,30,62490,卖盘,001282,2025-10-17 22:53:31
09:57:45,20.85,0.02,21,44614,买盘,001282,2025-10-17 22:53:31
09:57:48,20.85,0.0,9,18765,买盘,001282,2025-10-17 22:53:31
09:57:51,20.83,-0.02,24,49995,卖盘,001282,2025-10-17 22:53:31
09:57:54,20.85,0.02,9,18765,买盘,001282,2025-10-17 22:53:31
09:57:57,20.84,-0.01,108,225527,卖盘,001282,2025-10-17 22:53:31
09:58:00,20.81,-0.03,90,186611,卖盘,001282,2025-10-17 22:53:31
09:58:03,20.81,0.0,139,289137,卖盘,001282,2025-10-17 22:53:31
09:58:06,20.81,0.0,36,74916,买盘,001282,2025-10-17 22:53:31
09:58:09,20.81,0.0,20,41582,中性盘,001282,2025-10-17 22:53:31
09:58:12,20.82,0.01,2,4164,买盘,001282,2025-10-17 22:53:31
09:58:24,20.81,-0.01,38,79079,卖盘,001282,2025-10-17 22:53:31
09:58:30,20.81,0.0,2,4162,买盘,001282,2025-10-17 22:53:31
09:58:33,20.81,0.0,1,2081,买盘,001282,2025-10-17 22:53:31
09:58:45,20.81,0.0,5,10404,买盘,001282,2025-10-17 22:53:31
09:58:48,20.81,0.0,8,16648,卖盘,001282,2025-10-17 22:53:31
09:58:51,20.81,0.0,17,35377,卖盘,001282,2025-10-17 22:53:31
09:58:54,20.81,0.0,9,18737,卖盘,001282,2025-10-17 22:53:31
09:59:00,20.81,0.0,140,291327,卖盘,001282,2025-10-17 22:53:31
09:59:03,20.81,0.0,4,8322,买盘,001282,2025-10-17 22:53:31
09:59:06,20.81,0.0,4,8324,买盘,001282,2025-10-17 22:53:31
09:59:09,20.81,0.0,18,37443,买盘,001282,2025-10-17 22:53:31
09:59:12,20.8,-0.01,10,20800,卖盘,001282,2025-10-17 22:53:31
09:59:15,20.81,0.01,85,176885,买盘,001282,2025-10-17 22:53:31
09:59:21,20.81,0.0,103,214343,卖盘,001282,2025-10-17 22:53:31
09:59:24,20.8,-0.01,9,18720,买盘,001282,2025-10-17 22:53:31
09:59:27,20.8,0.0,26,54071,买盘,001282,2025-10-17 22:53:31
09:59:30,20.79,-0.01,30,62384,卖盘,001282,2025-10-17 22:53:31
09:59:33,20.76,-0.03,382,793731,卖盘,001282,2025-10-17 22:53:31
09:59:36,20.78,0.02,4,8309,买盘,001282,2025-10-17 22:53:31
09:59:39,20.76,-0.02,20,41540,卖盘,001282,2025-10-17 22:53:31
09:59:42,20.76,0.0,3,6228,卖盘,001282,2025-10-17 22:53:31
09:59:45,20.76,0.0,62,128722,卖盘,001282,2025-10-17 22:53:31
09:59:48,20.78,0.02,20,41524,买盘,001282,2025-10-17 22:53:31
09:59:51,20.76,-0.02,8,16608,卖盘,001282,2025-10-17 22:53:31
09:59:54,20.76,0.0,214,444264,卖盘,001282,2025-10-17 22:53:31
09:59:57,20.76,0.0,8,16610,卖盘,001282,2025-10-17 22:53:31
10:00:03,20.76,0.0,232,481501,卖盘,001282,2025-10-17 22:53:31
10:00:06,20.76,0.0,7,14532,卖盘,001282,2025-10-17 22:53:31
10:00:09,20.75,-0.01,39,80939,卖盘,001282,2025-10-17 22:53:31
10:00:12,20.76,0.01,26,53967,买盘,001282,2025-10-17 22:53:31
10:00:15,20.76,0.0,7,14532,卖盘,001282,2025-10-17 22:53:31
10:00:18,20.78,0.02,29,60260,买盘,001282,2025-10-17 22:53:31
10:00:21,20.78,0.0,24,49852,中性盘,001282,2025-10-17 22:53:31
10:00:27,20.78,0.0,2,4155,买盘,001282,2025-10-17 22:53:31
10:00:30,20.77,-0.01,40,83118,卖盘,001282,2025-10-17 22:53:31
10:00:33,20.75,-0.02,174,361431,卖盘,001282,2025-10-17 22:53:31
10:00:36,20.76,0.01,7,14531,买盘,001282,2025-10-17 22:53:31
10:00:39,20.76,0.0,39,80964,卖盘,001282,2025-10-17 22:53:31
10:00:42,20.77,0.01,10,20764,买盘,001282,2025-10-17 22:53:31
10:00:45,20.78,0.01,20,41560,买盘,001282,2025-10-17 22:53:31
10:00:48,20.76,-0.02,213,442276,卖盘,001282,2025-10-17 22:53:31
10:00:51,20.76,0.0,4,8304,买盘,001282,2025-10-17 22:53:31
10:00:54,20.77,0.01,10,20774,买盘,001282,2025-10-17 22:53:31
10:00:57,20.79,0.02,2,4158,买盘,001282,2025-10-17 22:53:31
10:01:00,20.77,-0.02,21,43631,卖盘,001282,2025-10-17 22:53:31
10:01:06,20.77,0.0,42,87307,卖盘,001282,2025-10-17 22:53:31
10:01:09,20.77,0.0,18,37385,卖盘,001282,2025-10-17 22:53:31
10:01:15,20.77,0.0,5,10385,卖盘,001282,2025-10-17 22:53:31
10:01:18,20.78,0.01,31,64417,买盘,001282,2025-10-17 22:53:31
10:01:21,20.77,-0.01,9,18693,卖盘,001282,2025-10-17 22:53:31
10:01:24,20.77,0.0,23,47791,卖盘,001282,2025-10-17 22:53:31
10:01:27,20.78,0.01,9,18698,买盘,001282,2025-10-17 22:53:31
10:01:30,20.77,-0.01,7,14539,卖盘,001282,2025-10-17 22:53:31
10:01:33,20.78,0.01,73,151671,买盘,001282,2025-10-17 22:53:31
10:01:42,20.76,-0.02,41,85116,卖盘,001282,2025-10-17 22:53:31
10:01:45,20.76,0.0,1,2076,中性盘,001282,2025-10-17 22:53:31
10:01:48,20.77,0.01,20,41540,买盘,001282,2025-10-17 22:53:31
10:01:51,20.76,-0.01,24,49825,卖盘,001282,2025-10-17 22:53:31
10:01:54,20.77,0.01,6,12454,买盘,001282,2025-10-17 22:53:31
10:01:57,20.75,-0.02,9,18675,卖盘,001282,2025-10-17 22:53:31
10:02:00,20.75,0.0,7,14529,卖盘,001282,2025-10-17 22:53:31
10:02:03,20.75,0.0,21,43575,卖盘,001282,2025-10-17 22:53:31
10:02:06,20.77,0.02,22,45686,买盘,001282,2025-10-17 22:53:31
10:02:09,20.75,-0.02,70,145290,卖盘,001282,2025-10-17 22:53:31
10:02:12,20.77,0.02,38,78893,买盘,001282,2025-10-17 22:53:31
10:02:15,20.78,0.01,2,4156,买盘,001282,2025-10-17 22:53:31
10:02:18,20.77,-0.01,8,16623,卖盘,001282,2025-10-17 22:53:31
10:02:21,20.78,0.01,1,2078,买盘,001282,2025-10-17 22:53:31
10:02:24,20.78,0.0,5,10390,买盘,001282,2025-10-17 22:53:31
10:02:27,20.77,-0.01,11,22851,卖盘,001282,2025-10-17 22:53:31
10:02:30,20.78,0.01,5,10387,买盘,001282,2025-10-17 22:53:31
10:02:33,20.77,-0.01,10,20770,中性盘,001282,2025-10-17 22:53:31
10:02:36,20.78,0.01,10,20780,买盘,001282,2025-10-17 22:53:31
10:02:39,20.78,0.0,13,27017,买盘,001282,2025-10-17 22:53:31
10:02:42,20.78,0.0,3,6234,卖盘,001282,2025-10-17 22:53:31
10:02:45,20.79,0.01,18,37422,买盘,001282,2025-10-17 22:53:31
10:02:48,20.79,0.0,7,14553,卖盘,001282,2025-10-17 22:53:31
10:02:51,20.8,0.01,5,10400,买盘,001282,2025-10-17 22:53:31
10:02:54,20.8,0.0,9,18720,买盘,001282,2025-10-17 22:53:31
10:02:57,20.79,-0.01,9,18714,卖盘,001282,2025-10-17 22:53:31
10:03:00,20.8,0.01,5,10400,买盘,001282,2025-10-17 22:53:31
10:03:03,20.78,-0.02,16,33248,卖盘,001282,2025-10-17 22:53:31
10:03:09,20.8,0.02,16,33273,买盘,001282,2025-10-17 22:53:31
10:03:12,20.79,-0.01,4,8316,卖盘,001282,2025-10-17 22:53:31
10:03:15,20.8,0.01,9,18719,买盘,001282,2025-10-17 22:53:31
10:03:21,20.79,-0.01,25,51975,卖盘,001282,2025-10-17 22:53:31
10:03:24,20.8,0.01,3,6238,买盘,001282,2025-10-17 22:53:31
10:03:27,20.8,0.0,4,8318,买盘,001282,2025-10-17 22:53:31
10:03:30,20.78,-0.02,5,10394,卖盘,001282,2025-10-17 22:53:31
10:03:33,20.8,0.02,164,340819,买盘,001282,2025-10-17 22:53:31
10:03:36,20.8,0.0,10,20790,买盘,001282,2025-10-17 22:53:31
10:03:45,20.8,0.0,6,12480,买盘,001282,2025-10-17 22:53:31
10:03:48,20.8,0.0,6,12465,买盘,001282,2025-10-17 22:53:31
10:03:51,20.8,0.0,15,31200,买盘,001282,2025-10-17 22:53:31
10:03:57,20.8,0.0,10,20798,买盘,001282,2025-10-17 22:53:31
10:04:00,20.79,-0.01,8,16636,中性盘,001282,2025-10-17 22:53:31
10:04:03,20.77,-0.02,30,62338,卖盘,001282,2025-10-17 22:53:31
10:04:06,20.79,0.02,10,20790,买盘,001282,2025-10-17 22:53:31
10:04:12,20.79,0.0,12,24948,买盘,001282,2025-10-17 22:53:31
10:04:15,20.79,0.0,10,20789,买盘,001282,2025-10-17 22:53:31
10:04:18,20.79,0.0,19,39501,卖盘,001282,2025-10-17 22:53:31
10:04:24,20.79,0.0,3,6237,买盘,001282,2025-10-17 22:53:31
10:04:27,20.79,0.0,20,41542,买盘,001282,2025-10-17 22:53:31
10:04:30,20.79,0.0,5,10395,买盘,001282,2025-10-17 22:53:31
10:04:39,20.77,-0.02,176,365649,卖盘,001282,2025-10-17 22:53:31
10:04:42,20.75,-0.02,277,574876,卖盘,001282,2025-10-17 22:53:31
10:04:45,20.74,-0.01,2,4148,卖盘,001282,2025-10-17 22:53:31
10:04:48,20.74,0.0,1,2074,卖盘,001282,2025-10-17 22:53:31
10:04:51,20.74,0.0,48,99582,卖盘,001282,2025-10-17 22:53:31
10:04:54,20.74,0.0,28,58072,卖盘,001282,2025-10-17 22:53:31
10:05:00,20.74,0.0,7,14519,中性盘,001282,2025-10-17 22:53:31
10:05:03,20.73,-0.01,34,70542,卖盘,001282,2025-10-17 22:53:31
10:05:06,20.74,0.01,2,4149,卖盘,001282,2025-10-17 22:53:31
10:05:09,20.76,0.02,65,134940,买盘,001282,2025-10-17 22:53:31
10:05:24,20.78,0.02,38,78964,买盘,001282,2025-10-17 22:53:31
10:05:27,20.77,-0.01,23,47782,卖盘,001282,2025-10-17 22:53:31
10:05:30,20.78,0.01,21,43633,买盘,001282,2025-10-17 22:53:31
10:05:33,20.78,0.0,20,41560,卖盘,001282,2025-10-17 22:53:31
10:05:36,20.78,0.0,13,27014,卖盘,001282,2025-10-17 22:53:31
10:05:42,20.78,0.0,29,60276,卖盘,001282,2025-10-17 22:53:31
10:05:48,20.79,0.01,1,2079,买盘,001282,2025-10-17 22:53:31
10:05:51,20.79,0.0,8,16632,买盘,001282,2025-10-17 22:53:31
10:06:00,20.79,0.0,1,2079,卖盘,001282,2025-10-17 22:53:31
10:06:03,20.77,-0.02,28,58180,卖盘,001282,2025-10-17 22:53:31
10:06:06,20.77,0.0,21,43627,卖盘,001282,2025-10-17 22:53:31
10:06:09,20.78,0.01,13,27006,买盘,001282,2025-10-17 22:53:31
10:06:12,20.77,-0.01,1,2077,卖盘,001282,2025-10-17 22:53:31
10:06:15,20.77,0.0,1,2077,卖盘,001282,2025-10-17 22:53:31
10:06:18,20.78,0.01,38,78964,买盘,001282,2025-10-17 22:53:31
10:06:24,20.79,0.01,4,8316,买盘,001282,2025-10-17 22:53:31
10:06:30,20.79,0.0,6,12474,买盘,001282,2025-10-17 22:53:31
10:06:39,20.79,0.0,88,182963,卖盘,001282,2025-10-17 22:53:31
10:06:42,20.79,0.0,10,20791,卖盘,001282,2025-10-17 22:53:31
10:06:48,20.79,0.0,1,2079,卖盘,001282,2025-10-17 22:53:31
10:06:54,20.79,0.0,2,4158,卖盘,001282,2025-10-17 22:53:31
10:06:57,20.79,0.0,7,15385,卖盘,001282,2025-10-17 22:53:31
10:07:00,20.78,-0.01,40,82314,卖盘,001282,2025-10-17 22:53:31
10:07:03,20.74,-0.04,284,589596,卖盘,001282,2025-10-17 22:53:31
10:07:06,20.75,0.01,5,10375,买盘,001282,2025-10-17 22:53:31
10:07:09,20.74,-0.01,14,29036,卖盘,001282,2025-10-17 22:53:31
10:07:12,20.75,0.01,1,2075,买盘,001282,2025-10-17 22:53:31
10:07:15,20.74,-0.01,51,105774,卖盘,001282,2025-10-17 22:53:31
10:07:18,20.74,0.0,5,10370,买盘,001282,2025-10-17 22:53:31
10:07:21,20.75,0.01,4,8300,买盘,001282,2025-10-17 22:53:31
10:07:27,20.75,0.0,10,20750,卖盘,001282,2025-10-17 22:53:31
10:07:33,20.75,0.0,36,74700,卖盘,001282,2025-10-17 22:53:31
10:07:36,20.76,0.01,8,16610,卖盘,001282,2025-10-17 22:53:31
10:07:39,20.76,0.0,85,176404,卖盘,001282,2025-10-17 22:53:31
10:07:42,20.76,0.0,15,31132,买盘,001282,2025-10-17 22:53:31
10:07:48,20.76,0.0,26,53976,卖盘,001282,2025-10-17 22:53:31
10:07:51,20.77,0.01,4,8308,买盘,001282,2025-10-17 22:53:31
10:07:54,20.76,-0.01,22,45672,买盘,001282,2025-10-17 22:53:31
10:08:00,20.77,0.01,1,2077,买盘,001282,2025-10-17 22:53:31
10:08:03,20.77,0.0,4,8307,买盘,001282,2025-10-17 22:53:31
10:08:06,20.77,0.0,1,2077,买盘,001282,2025-10-17 22:53:31
10:08:09,20.79,0.02,31,63607,买盘,001282,2025-10-17 22:53:31
10:08:12,20.77,-0.02,5,10385,卖盘,001282,2025-10-17 22:53:31
10:08:18,20.78,0.01,5,10386,中性盘,001282,2025-10-17 22:53:31
10:08:21,20.77,-0.01,2,4154,卖盘,001282,2025-10-17 22:53:31
10:08:24,20.77,0.0,4,9139,卖盘,001282,2025-10-17 22:53:31
10:08:27,20.78,0.01,27,56066,买盘,001282,2025-10-17 22:53:31
10:08:33,20.76,-0.02,2,4153,卖盘,001282,2025-10-17 22:53:31
10:08:36,20.77,0.01,19,39463,买盘,001282,2025-10-17 22:53:31
10:08:39,20.77,0.0,2,4154,卖盘,001282,2025-10-17 22:53:31
10:08:42,20.78,0.01,2,4156,买盘,001282,2025-10-17 22:53:31
10:08:45,20.78,0.0,1,2078,买盘,001282,2025-10-17 22:53:31
10:08:54,20.78,0.0,1,2078,买盘,001282,2025-10-17 22:53:31
10:09:00,20.78,0.0,8,16624,买盘,001282,2025-10-17 22:53:31
10:09:03,20.78,0.0,8,16624,卖盘,001282,2025-10-17 22:53:31
10:09:06,20.78,0.0,3,6234,卖盘,001282,2025-10-17 22:53:31
10:09:12,20.78,0.0,1,2078,买盘,001282,2025-10-17 22:53:31
10:09:15,20.78,0.0,1,2078,买盘,001282,2025-10-17 22:53:31
10:09:18,20.78,0.0,27,56106,买盘,001282,2025-10-17 22:53:31
10:09:30,20.78,0.0,43,89354,卖盘,001282,2025-10-17 22:53:31
10:09:33,20.78,0.0,21,43638,买盘,001282,2025-10-17 22:53:31
10:09:36,20.78,0.0,4,8312,买盘,001282,2025-10-17 22:53:31
10:09:42,20.78,0.0,4,8312,卖盘,001282,2025-10-17 22:53:31
10:09:48,20.78,0.0,19,39482,买盘,001282,2025-10-17 22:53:31
10:09:51,20.79,0.01,3,6237,买盘,001282,2025-10-17 22:53:31
10:10:00,20.79,0.0,6,12474,买盘,001282,2025-10-17 22:53:31
10:10:03,20.75,-0.04,195,405035,卖盘,001282,2025-10-17 22:53:31
10:10:09,20.78,0.03,7,14546,买盘,001282,2025-10-17 22:53:31
10:10:12,20.78,0.0,30,62340,买盘,001282,2025-10-17 22:53:31
10:10:18,20.78,0.0,1,2078,买盘,001282,2025-10-17 22:53:31
10:10:21,20.75,-0.03,33,68475,卖盘,001282,2025-10-17 22:53:31
10:10:24,20.75,0.0,16,33229,卖盘,001282,2025-10-17 22:53:31
10:10:27,20.78,0.03,22,45693,买盘,001282,2025-10-17 22:53:31
10:10:33,20.77,-0.01,3,6230,买盘,001282,2025-10-17 22:53:31
10:10:36,20.77,0.0,10,20766,卖盘,001282,2025-10-17 22:53:31
10:10:39,20.75,-0.02,5,10383,卖盘,001282,2025-10-17 22:53:31
10:10:45,20.74,-0.01,131,271834,卖盘,001282,2025-10-17 22:53:31
10:10:48,20.74,0.0,113,234362,卖盘,001282,2025-10-17 22:53:31
10:10:51,20.74,0.0,6,12444,卖盘,001282,2025-10-17 22:53:31
10:10:54,20.75,0.01,25,51856,买盘,001282,2025-10-17 22:53:31
10:10:57,20.73,-0.02,154,319263,卖盘,001282,2025-10-17 22:53:31
10:11:00,20.74,0.01,2,4148,买盘,001282,2025-10-17 22:53:31
10:11:03,20.73,-0.01,27,55971,卖盘,001282,2025-10-17 22:53:31
10:11:09,20.73,0.0,75,155464,买盘,001282,2025-10-17 22:53:31
10:11:12,20.73,0.0,5,10365,买盘,001282,2025-10-17 22:53:31
10:11:15,20.73,0.0,21,43533,买盘,001282,2025-10-17 22:53:31
10:11:18,20.73,0.0,3,6219,买盘,001282,2025-10-17 22:53:31
10:11:21,20.73,0.0,22,45610,卖盘,001282,2025-10-17 22:53:31
10:11:24,20.73,0.0,2,4146,卖盘,001282,2025-10-17 22:53:31
10:11:33,20.73,0.0,52,107756,买盘,001282,2025-10-17 22:53:31
10:11:36,20.72,-0.01,4,8702,卖盘,001282,2025-10-17 22:53:31
10:11:39,20.7,-0.02,588,1217543,卖盘,001282,2025-10-17 22:53:31
10:11:42,20.67,-0.03,212,438397,卖盘,001282,2025-10-17 22:53:31
10:11:45,20.67,0.0,6,11989,卖盘,001282,2025-10-17 22:53:31
10:11:51,20.67,0.0,4,8681,买盘,001282,2025-10-17 22:53:31
10:11:54,20.67,0.0,103,212841,卖盘,001282,2025-10-17 22:53:31
10:11:57,20.66,-0.01,23,47520,卖盘,001282,2025-10-17 22:53:31
10:12:00,20.68,0.02,26,53738,买盘,001282,2025-10-17 22:53:31
10:12:03,20.68,0.0,60,123960,买盘,001282,2025-10-17 22:53:31
10:12:06,20.65,-0.03,51,105327,卖盘,001282,2025-10-17 22:53:31
10:12:09,20.64,-0.01,24,49126,卖盘,001282,2025-10-17 22:53:31
10:12:12,20.64,0.0,29,59875,卖盘,001282,2025-10-17 22:53:31
10:12:15,20.65,0.01,2,4130,买盘,001282,2025-10-17 22:53:31
10:12:18,20.64,-0.01,19,39216,买盘,001282,2025-10-17 22:53:31
10:12:21,20.64,0.0,43,88757,买盘,001282,2025-10-17 22:53:31
10:12:24,20.63,-0.01,73,150600,卖盘,001282,2025-10-17 22:53:31
10:12:27,20.63,0.0,32,66016,买盘,001282,2025-10-17 22:53:31
10:12:30,20.65,0.02,189,390374,买盘,001282,2025-10-17 22:53:31
10:12:33,20.63,-0.02,69,142318,卖盘,001282,2025-10-17 22:53:31
10:12:39,20.63,0.0,11,22711,卖盘,001282,2025-10-17 22:53:31
10:12:42,20.65,0.02,14,28897,买盘,001282,2025-10-17 22:53:31
10:12:45,20.65,0.0,18,37167,买盘,001282,2025-10-17 22:53:31
10:12:48,20.6,-0.05,493,1016054,卖盘,001282,2025-10-17 22:53:31
10:12:51,20.64,0.04,11,22677,买盘,001282,2025-10-17 22:53:31
10:12:54,20.64,0.0,3,6192,买盘,001282,2025-10-17 22:53:31
10:12:57,20.62,-0.02,2,4124,卖盘,001282,2025-10-17 22:53:31
10:13:00,20.62,0.0,16,32992,买盘,001282,2025-10-17 22:53:31
10:13:03,20.64,0.02,66,136070,买盘,001282,2025-10-17 22:53:31
10:13:06,20.65,0.01,193,398533,买盘,001282,2025-10-17 22:53:31
10:13:15,20.67,0.02,5,10333,买盘,001282,2025-10-17 22:53:31
10:13:18,20.67,0.0,46,95058,买盘,001282,2025-10-17 22:53:31
10:13:21,20.68,0.01,3,6204,买盘,001282,2025-10-17 22:53:31
10:13:24,20.68,0.0,5,10340,卖盘,001282,2025-10-17 22:53:31
10:13:27,20.69,0.01,3,6207,买盘,001282,2025-10-17 22:53:31
10:13:30,20.69,0.0,1,2069,卖盘,001282,2025-10-17 22:53:31
10:13:33,20.69,0.0,1,2069,卖盘,001282,2025-10-17 22:53:31
10:13:36,20.7,0.01,10,20700,买盘,001282,2025-10-17 22:53:31
10:13:39,20.7,0.0,29,60025,买盘,001282,2025-10-17 22:53:31
10:13:42,20.7,0.0,11,22768,买盘,001282,2025-10-17 22:53:31
10:13:45,20.7,0.0,12,24840,卖盘,001282,2025-10-17 22:53:31
10:13:48,20.7,0.0,35,72420,中性盘,001282,2025-10-17 22:53:31
10:13:51,20.7,0.0,1,2070,买盘,001282,2025-10-17 22:53:31
10:13:54,20.7,0.0,72,149058,买盘,001282,2025-10-17 22:53:31
10:13:57,20.7,0.0,9,18630,买盘,001282,2025-10-17 22:53:31
10:14:00,20.7,0.0,14,28980,买盘,001282,2025-10-17 22:53:31
10:14:03,20.7,0.0,28,57929,买盘,001282,2025-10-17 22:53:31
10:14:06,20.7,0.0,25,51728,买盘,001282,2025-10-17 22:53:31
10:14:09,20.68,-0.02,3,6204,卖盘,001282,2025-10-17 22:53:31
10:14:12,20.69,0.01,5,10345,买盘,001282,2025-10-17 22:53:31
10:14:15,20.7,0.01,1,2070,买盘,001282,2025-10-17 22:53:31
10:14:18,20.68,-0.02,25,51700,卖盘,001282,2025-10-17 22:53:31
10:14:24,20.7,0.02,25,51745,买盘,001282,2025-10-17 22:53:31
10:14:27,20.68,-0.02,13,26900,卖盘,001282,2025-10-17 22:53:31
10:14:30,20.68,0.0,61,126148,卖盘,001282,2025-10-17 22:53:31
10:14:33,20.67,-0.01,23,47547,卖盘,001282,2025-10-17 22:53:31
10:14:36,20.65,-0.02,101,208675,卖盘,001282,2025-10-17 22:53:31
10:14:45,20.64,-0.01,8,16516,卖盘,001282,2025-10-17 22:53:31
10:14:48,20.65,0.01,3,6195,买盘,001282,2025-10-17 22:53:31
10:14:51,20.62,-0.03,71,146463,卖盘,001282,2025-10-17 22:53:31
10:14:57,20.64,0.02,1,2064,卖盘,001282,2025-10-17 22:53:31
10:15:00,20.65,0.01,3,6195,买盘,001282,2025-10-17 22:53:31
10:15:03,20.62,-0.03,51,105204,卖盘,001282,2025-10-17 22:53:31
10:15:06,20.63,0.01,220,453542,买盘,001282,2025-10-17 22:53:31
10:15:09,20.63,0.0,30,61856,买盘,001282,2025-10-17 22:53:31
10:15:12,20.62,-0.01,16,33007,中性盘,001282,2025-10-17 22:53:31
10:15:15,20.64,0.02,4,8256,买盘,001282,2025-10-17 22:53:31
10:15:18,20.62,-0.02,9,18558,卖盘,001282,2025-10-17 22:53:31
10:15:24,20.56,-0.06,532,1095589,卖盘,001282,2025-10-17 22:53:31
10:15:27,20.58,0.02,32,65815,买盘,001282,2025-10-17 22:53:31
10:15:30,20.58,0.0,1,2058,买盘,001282,2025-10-17 22:53:31
10:15:33,20.58,0.0,22,45256,买盘,001282,2025-10-17 22:53:31
10:15:36,20.56,-0.02,1,2056,中性盘,001282,2025-10-17 22:53:31
10:15:39,20.58,0.02,27,55551,买盘,001282,2025-10-17 22:53:31
10:15:42,20.55,-0.03,38,78108,卖盘,001282,2025-10-17 22:53:31
10:15:45,20.56,0.01,40,82165,买盘,001282,2025-10-17 22:53:31
10:15:48,20.55,-0.01,27,55418,买盘,001282,2025-10-17 22:53:31
10:15:51,20.55,0.0,12,24660,买盘,001282,2025-10-17 22:53:31
10:15:54,20.52,-0.03,133,272990,卖盘,001282,2025-10-17 22:53:31
10:15:57,20.51,-0.01,42,86144,卖盘,001282,2025-10-17 22:53:31
10:16:00,20.51,0.0,200,410254,卖盘,001282,2025-10-17 22:53:31
10:16:03,20.51,0.0,162,332231,买盘,001282,2025-10-17 22:53:31
10:16:06,20.52,0.01,27,55358,买盘,001282,2025-10-17 22:53:31
10:16:09,20.51,-0.01,15,30775,中性盘,001282,2025-10-17 22:53:31
10:16:12,20.52,0.01,216,442821,买盘,001282,2025-10-17 22:53:31
10:16:15,20.52,0.0,8,16416,买盘,001282,2025-10-17 22:53:31
10:16:18,20.52,0.0,18,36936,卖盘,001282,2025-10-17 22:53:31
10:16:21,20.52,0.0,1,2052,卖盘,001282,2025-10-17 22:53:31
10:16:24,20.55,0.03,8,16425,买盘,001282,2025-10-17 22:53:31
10:16:30,20.53,-0.02,10,20530,卖盘,001282,2025-10-17 22:53:31
10:16:33,20.53,0.0,7,14381,卖盘,001282,2025-10-17 22:53:31
10:16:36,20.53,0.0,5,10265,卖盘,001282,2025-10-17 22:53:31
10:16:39,20.53,0.0,24,49272,卖盘,001282,2025-10-17 22:53:31
10:16:42,20.53,0.0,5,10265,卖盘,001282,2025-10-17 22:53:31
10:16:45,20.55,0.02,49,100695,买盘,001282,2025-10-17 22:53:31
10:16:48,20.55,0.0,4,8220,卖盘,001282,2025-10-17 22:53:31
10:16:51,20.55,0.0,27,55504,卖盘,001282,2025-10-17 22:53:31
10:16:54,20.55,0.0,3,6165,买盘,001282,2025-10-17 22:53:31
10:16:57,20.55,0.0,9,18495,买盘,001282,2025-10-17 22:53:31
10:17:00,20.55,0.0,19,39032,买盘,001282,2025-10-17 22:53:31
10:17:03,20.55,0.0,32,65760,买盘,001282,2025-10-17 22:53:31
10:17:06,20.55,0.0,9,18495,卖盘,001282,2025-10-17 22:53:31
10:17:09,20.58,0.03,15,30862,买盘,001282,2025-10-17 22:53:31
10:17:15,20.57,-0.01,1,2057,卖盘,001282,2025-10-17 22:53:31
10:17:21,20.58,0.01,9,18519,买盘,001282,2025-10-17 22:53:31
10:17:24,20.57,-0.01,3,6171,卖盘,001282,2025-10-17 22:53:31
10:17:27,20.58,0.01,7,14403,买盘,001282,2025-10-17 22:53:31
10:17:30,20.58,0.0,20,41147,买盘,001282,2025-10-17 22:53:31
10:17:33,20.58,0.0,10,20580,买盘,001282,2025-10-17 22:53:31
10:17:36,20.58,0.0,90,185220,买盘,001282,2025-10-17 22:53:31
10:17:42,20.58,0.0,2,4116,卖盘,001282,2025-10-17 22:53:31
10:17:48,20.58,0.0,2,4116,卖盘,001282,2025-10-17 22:53:31
10:17:51,20.59,0.01,22,45297,买盘,001282,2025-10-17 22:53:31
10:17:57,20.6,0.01,32,65883,买盘,001282,2025-10-17 22:53:31
10:18:00,20.59,-0.01,10,20590,卖盘,001282,2025-10-17 22:53:31
10:18:03,20.58,-0.01,30,61788,卖盘,001282,2025-10-17 22:53:31
10:18:09,20.59,0.01,2,4118,买盘,001282,2025-10-17 22:53:31
10:18:12,20.58,-0.01,147,302535,卖盘,001282,2025-10-17 22:53:31
10:18:15,20.56,-0.02,58,119319,卖盘,001282,2025-10-17 22:53:31
10:18:18,20.54,-0.02,105,215746,卖盘,001282,2025-10-17 22:53:31
10:18:21,20.58,0.04,24,49344,买盘,001282,2025-10-17 22:53:31
10:18:24,20.56,-0.02,15,30840,中性盘,001282,2025-10-17 22:53:31
10:18:27,20.56,0.0,54,110884,买盘,001282,2025-10-17 22:53:31
10:18:30,20.54,-0.02,7,14382,中性盘,001282,2025-10-17 22:53:31
10:18:36,20.54,0.0,22,45203,买盘,001282,2025-10-17 22:53:31
10:18:39,20.55,0.01,5,10275,买盘,001282,2025-10-17 22:53:31
10:18:42,20.54,-0.01,20,41080,卖盘,001282,2025-10-17 22:53:31
10:18:45,20.55,0.01,1,2055,买盘,001282,2025-10-17 22:53:31
10:18:51,20.55,0.0,21,43155,卖盘,001282,2025-10-17 22:53:31
10:18:54,20.55,0.0,5,10275,买盘,001282,2025-10-17 22:53:31
10:18:57,20.55,0.0,11,22605,买盘,001282,2025-10-17 22:53:31
10:19:00,20.55,0.0,8,16438,买盘,001282,2025-10-17 22:53:31
10:19:03,20.54,-0.01,19,39031,卖盘,001282,2025-10-17 22:53:31
10:19:06,20.55,0.01,5,10275,买盘,001282,2025-10-17 22:53:31
10:19:09,20.54,-0.01,37,76003,卖盘,001282,2025-10-17 22:53:31
10:19:12,20.55,0.01,17,34924,买盘,001282,2025-10-17 22:53:31
10:19:15,20.54,-0.01,23,47242,买盘,001282,2025-10-17 22:53:31
10:19:21,20.55,0.01,3,6165,买盘,001282,2025-10-17 22:53:31
10:19:24,20.55,0.0,2,4110,买盘,001282,2025-10-17 22:53:31
10:19:30,20.55,0.0,5,10275,买盘,001282,2025-10-17 22:53:31
10:19:33,20.55,0.0,11,22604,买盘,001282,2025-10-17 22:53:31
10:19:36,20.55,0.0,4,8220,买盘,001282,2025-10-17 22:53:31
10:19:39,20.55,0.0,43,88334,卖盘,001282,2025-10-17 22:53:31
10:19:42,20.55,0.0,3,6165,买盘,001282,2025-10-17 22:53:31
10:19:51,20.55,0.0,4,8220,卖盘,001282,2025-10-17 22:53:31
10:19:54,20.56,0.01,12,24670,买盘,001282,2025-10-17 22:53:31
10:19:57,20.56,0.0,10,20560,买盘,001282,2025-10-17 22:53:31
10:20:03,20.56,0.0,18,37023,卖盘,001282,2025-10-17 22:53:31
10:20:06,20.56,0.0,18,37008,卖盘,001282,2025-10-17 22:53:31
10:20:09,20.55,-0.01,4,8220,卖盘,001282,2025-10-17 22:53:31
10:20:12,20.56,0.01,7,14387,买盘,001282,2025-10-17 22:53:31
10:20:15,20.55,-0.01,3,6165,卖盘,001282,2025-10-17 22:53:31
10:20:18,20.55,0.0,3,6165,卖盘,001282,2025-10-17 22:53:31
10:20:21,20.56,0.01,19,39048,买盘,001282,2025-10-17 22:53:31
10:20:24,20.55,-0.01,5,10275,卖盘,001282,2025-10-17 22:53:31
10:20:27,20.55,0.0,59,121245,卖盘,001282,2025-10-17 22:53:31
10:20:30,20.55,0.0,42,86310,卖盘,001282,2025-10-17 22:53:31
10:20:33,20.55,0.0,100,205597,卖盘,001282,2025-10-17 22:53:31
10:20:36,20.55,0.0,6,12330,卖盘,001282,2025-10-17 22:53:31
10:20:39,20.55,0.0,25,51380,卖盘,001282,2025-10-17 22:53:31
10:20:48,20.54,-0.01,29,59566,卖盘,001282,2025-10-17 22:53:31
10:20:54,20.54,0.0,121,248543,买盘,001282,2025-10-17 22:53:31
10:20:57,20.57,0.03,49,100286,买盘,001282,2025-10-17 22:53:31
10:21:00,20.55,-0.02,9,18497,卖盘,001282,2025-10-17 22:53:31
10:21:03,20.55,0.0,15,30825,卖盘,001282,2025-10-17 22:53:31
10:21:06,20.55,0.0,14,28783,卖盘,001282,2025-10-17 22:53:31
10:21:09,20.55,0.0,2,4110,卖盘,001282,2025-10-17 22:53:31
10:21:15,20.57,0.02,3,6171,买盘,001282,2025-10-17 22:53:31
10:21:21,20.57,0.0,14,28798,卖盘,001282,2025-10-17 22:53:31
10:21:27,20.58,0.01,49,100842,买盘,001282,2025-10-17 22:53:31
10:21:33,20.59,0.01,34,69989,买盘,001282,2025-10-17 22:53:31
10:21:36,20.59,0.0,19,39121,买盘,001282,2025-10-17 22:53:31
10:21:45,20.59,0.0,1,2059,卖盘,001282,2025-10-17 22:53:31
10:21:48,20.6,0.01,17,35020,买盘,001282,2025-10-17 22:53:31
10:21:51,20.6,0.0,31,63860,买盘,001282,2025-10-17 22:53:31
10:21:54,20.6,0.0,4,8240,买盘,001282,2025-10-17 22:53:31
10:21:57,20.6,0.0,22,45320,买盘,001282,2025-10-17 22:53:31
10:22:03,20.6,0.0,22,45312,买盘,001282,2025-10-17 22:53:31
10:22:06,20.59,-0.01,6,12356,卖盘,001282,2025-10-17 22:53:31
10:22:09,20.59,0.0,33,67977,卖盘,001282,2025-10-17 22:53:31
10:22:21,20.62,0.03,3,6186,买盘,001282,2025-10-17 22:53:31
10:22:24,20.62,0.0,23,47421,买盘,001282,2025-10-17 22:53:31
10:22:36,20.63,0.01,8,16504,中性盘,001282,2025-10-17 22:53:31
10:22:39,20.63,0.0,11,22693,卖盘,001282,2025-10-17 22:53:31
10:22:42,20.62,-0.01,46,94938,卖盘,001282,2025-10-17 22:53:31
10:22:45,20.63,0.01,24,49535,中性盘,001282,2025-10-17 22:53:31
10:22:48,20.62,-0.01,9,18558,卖盘,001282,2025-10-17 22:53:31
10:22:51,20.62,0.0,89,183568,卖盘,001282,2025-10-17 22:53:31
10:22:54,20.62,0.0,3,6186,卖盘,001282,2025-10-17 22:53:31
10:22:57,20.62,0.0,21,43302,卖盘,001282,2025-10-17 22:53:31
10:23:00,20.63,0.01,36,74236,买盘,001282,2025-10-17 22:53:31
10:23:03,20.61,-0.02,14,28854,卖盘,001282,2025-10-17 22:53:31
10:23:06,20.63,0.02,24,49490,买盘,001282,2025-10-17 22:53:31
10:23:12,20.63,0.0,4,8252,买盘,001282,2025-10-17 22:53:31
10:23:24,20.61,-0.02,5,10305,卖盘,001282,2025-10-17 22:53:31
10:23:33,20.63,0.02,9,18567,买盘,001282,2025-10-17 22:53:31
10:23:39,20.64,0.01,12,24755,买盘,001282,2025-10-17 22:53:31
10:23:42,20.62,-0.02,2,4124,卖盘,001282,2025-10-17 22:53:31
10:23:45,20.62,0.0,20,41249,买盘,001282,2025-10-17 22:53:31
10:23:48,20.63,0.01,2,4126,买盘,001282,2025-10-17 22:53:31
10:23:51,20.63,0.0,4,8252,买盘,001282,2025-10-17 22:53:31
10:23:54,20.62,-0.01,28,57736,卖盘,001282,2025-10-17 22:53:31
10:23:57,20.62,0.0,2,4124,买盘,001282,2025-10-17 22:53:31
10:24:00,20.61,-0.01,85,175218,卖盘,001282,2025-10-17 22:53:31
10:24:03,20.6,-0.01,20,41208,卖盘,001282,2025-10-17 22:53:31
10:24:09,20.6,0.0,7,14420,卖盘,001282,2025-10-17 22:53:31
10:24:12,20.61,0.01,4,8241,买盘,001282,2025-10-17 22:53:31
10:24:15,20.6,-0.01,5,10300,卖盘,001282,2025-10-17 22:53:31
10:24:18,20.61,0.01,66,136026,买盘,001282,2025-10-17 22:53:31
10:24:24,20.61,0.0,13,26793,买盘,001282,2025-10-17 22:53:31
10:24:27,20.6,-0.01,7,14420,卖盘,001282,2025-10-17 22:53:31
10:24:30,20.61,0.01,18,37098,买盘,001282,2025-10-17 22:53:31
10:24:33,20.61,0.0,8,16488,卖盘,001282,2025-10-17 22:53:31
10:24:42,20.61,0.0,16,32976,卖盘,001282,2025-10-17 22:53:31
10:24:45,20.61,0.0,1,2061,卖盘,001282,2025-10-17 22:53:31
10:24:48,20.61,0.0,5,10305,卖盘,001282,2025-10-17 22:53:31
10:24:57,20.61,0.0,22,45342,卖盘,001282,2025-10-17 22:53:31
10:25:03,20.6,-0.01,5,10300,卖盘,001282,2025-10-17 22:53:31
10:25:18,20.61,0.01,1,2061,买盘,001282,2025-10-17 22:53:31
10:25:21,20.61,0.0,20,41220,买盘,001282,2025-10-17 22:53:31
10:25:24,20.61,0.0,18,37081,买盘,001282,2025-10-17 22:53:31
10:25:33,20.6,-0.01,5,10300,卖盘,001282,2025-10-17 22:53:31
10:25:45,20.61,0.01,23,47403,买盘,001282,2025-10-17 22:53:31
10:25:54,20.62,0.01,1,2062,买盘,001282,2025-10-17 22:53:31
10:26:00,20.62,0.0,2,4124,卖盘,001282,2025-10-17 22:53:31
10:26:03,20.61,-0.01,28,57728,卖盘,001282,2025-10-17 22:53:31
10:26:06,20.62,0.01,39,80418,买盘,001282,2025-10-17 22:53:31
10:26:12,20.62,0.0,32,65958,买盘,001282,2025-10-17 22:53:31
10:26:24,20.62,0.0,26,53612,卖盘,001282,2025-10-17 22:53:31
10:26:30,20.62,0.0,11,22682,买盘,001282,2025-10-17 22:53:31
10:26:39,20.62,0.0,3,6186,卖盘,001282,2025-10-17 22:53:31
10:26:45,20.63,0.01,20,41260,买盘,001282,2025-10-17 22:53:31
10:26:48,20.63,0.0,6,12378,买盘,001282,2025-10-17 22:53:31
10:26:51,20.63,0.0,5,10315,买盘,001282,2025-10-17 22:53:31
10:26:54,20.63,0.0,1,2063,买盘,001282,2025-10-17 22:53:31
10:26:57,20.62,-0.01,10,20625,卖盘,001282,2025-10-17 22:53:31
10:27:00,20.63,0.01,1,2063,买盘,001282,2025-10-17 22:53:31
10:27:03,20.61,-0.02,14,28865,卖盘,001282,2025-10-17 22:53:31
10:27:06,20.63,0.02,3,6189,买盘,001282,2025-10-17 22:53:31
10:27:12,20.63,0.0,156,321925,买盘,001282,2025-10-17 22:53:31
10:27:18,20.7,0.07,75,154908,买盘,001282,2025-10-17 22:53:31
10:27:24,20.68,-0.02,13,26888,中性盘,001282,2025-10-17 22:53:31
10:27:30,20.69,0.01,5,10345,买盘,001282,2025-10-17 22:53:31
10:27:33,20.68,-0.01,13,26888,中性盘,001282,2025-10-17 22:53:31
10:27:36,20.69,0.01,7,14483,中性盘,001282,2025-10-17 22:53:31
10:27:39,20.68,-0.01,2,4136,卖盘,001282,2025-10-17 22:53:31
10:27:42,20.68,0.0,5,10340,卖盘,001282,2025-10-17 22:53:31
10:27:51,20.7,0.02,45,93140,买盘,001282,2025-10-17 22:53:31
10:27:54,20.71,0.01,1,2071,买盘,001282,2025-10-17 22:53:31
10:28:00,20.71,0.0,83,171915,买盘,001282,2025-10-17 22:53:31
10:28:03,20.71,0.0,21,43491,卖盘,001282,2025-10-17 22:53:31
10:28:06,20.73,0.02,2,4144,买盘,001282,2025-10-17 22:53:31
10:28:09,20.73,0.0,22,45606,买盘,001282,2025-10-17 22:53:31
10:28:21,20.73,0.0,16,33168,卖盘,001282,2025-10-17 22:53:31
10:28:24,20.76,0.03,60,124470,买盘,001282,2025-10-17 22:53:31
10:28:27,20.73,-0.03,1,2073,卖盘,001282,2025-10-17 22:53:31
10:28:30,20.77,0.04,121,251262,买盘,001282,2025-10-17 22:53:31
10:28:36,20.74,-0.03,41,84999,卖盘,001282,2025-10-17 22:53:31
10:28:39,20.74,0.0,113,234252,卖盘,001282,2025-10-17 22:53:31
10:28:42,20.74,0.0,2,4148,买盘,001282,2025-10-17 22:53:31
10:28:45,20.74,0.0,20,41480,买盘,001282,2025-10-17 22:53:31
10:28:51,20.73,-0.01,2,4146,买盘,001282,2025-10-17 22:53:31
10:28:54,20.73,0.0,16,33168,买盘,001282,2025-10-17 22:53:31
10:28:57,20.73,0.0,6,12438,买盘,001282,2025-10-17 22:53:31
10:29:00,20.72,-0.01,16,33162,卖盘,001282,2025-10-17 22:53:31
10:29:03,20.7,-0.02,33,68336,卖盘,001282,2025-10-17 22:53:31
10:29:06,20.7,0.0,5,10350,中性盘,001282,2025-10-17 22:53:31
10:29:09,20.71,0.01,54,111834,买盘,001282,2025-10-17 22:53:31
10:29:12,20.71,0.0,1,2071,买盘,001282,2025-10-17 22:53:31
10:29:15,20.71,0.0,69,142846,买盘,001282,2025-10-17 22:53:31
10:29:18,20.71,0.0,5,10355,卖盘,001282,2025-10-17 22:53:31
10:29:21,20.71,0.0,41,84916,卖盘,001282,2025-10-17 22:53:31
10:29:24,20.71,0.0,34,70414,卖盘,001282,2025-10-17 22:53:31
10:29:33,20.71,0.0,6,12426,卖盘,001282,2025-10-17 22:53:31
10:29:36,20.72,0.01,1,2072,买盘,001282,2025-10-17 22:53:31
10:29:39,20.71,-0.01,2,4142,卖盘,001282,2025-10-17 22:53:31
10:29:42,20.7,-0.01,1,2070,卖盘,001282,2025-10-17 22:53:31
10:29:45,20.71,0.01,8,16568,买盘,001282,2025-10-17 22:53:31
10:29:48,20.7,-0.01,16,33120,卖盘,001282,2025-10-17 22:53:31
10:29:54,20.72,0.02,90,186420,买盘,001282,2025-10-17 22:53:31
10:30:00,20.73,0.01,5,10365,买盘,001282,2025-10-17 22:53:31
10:30:03,20.72,-0.01,6,12432,卖盘,001282,2025-10-17 22:53:31
10:30:06,20.72,0.0,2,4144,买盘,001282,2025-10-17 22:53:31
10:30:18,20.72,0.0,14,29008,买盘,001282,2025-10-17 22:53:31
10:30:24,20.72,0.0,5,10360,买盘,001282,2025-10-17 22:53:31
10:30:27,20.73,0.01,36,74627,买盘,001282,2025-10-17 22:53:31
10:30:39,20.73,0.0,5,10365,卖盘,001282,2025-10-17 22:53:31
10:30:42,20.73,0.0,7,14514,中性盘,001282,2025-10-17 22:53:31
10:30:48,20.72,-0.01,3,6218,卖盘,001282,2025-10-17 22:53:31
10:30:54,20.73,0.01,23,47675,买盘,001282,2025-10-17 22:53:31
10:31:09,20.73,0.0,1,2073,买盘,001282,2025-10-17 22:53:31
10:31:12,20.73,0.0,1,2073,买盘,001282,2025-10-17 22:53:31
10:31:15,20.73,0.0,11,22793,买盘,001282,2025-10-17 22:53:31
10:31:18,20.73,0.0,6,12438,买盘,001282,2025-10-17 22:53:31
10:31:24,20.71,-0.02,11,22795,卖盘,001282,2025-10-17 22:53:31
10:31:27,20.73,0.02,1,1949,买盘,001282,2025-10-17 22:53:31
10:31:30,20.73,0.0,2,4146,卖盘,001282,2025-10-17 22:53:31
10:31:33,20.75,0.02,5,10375,买盘,001282,2025-10-17 22:53:31
10:31:42,20.77,0.02,25,51902,买盘,001282,2025-10-17 22:53:31
10:31:45,20.75,-0.02,14,29050,中性盘,001282,2025-10-17 22:53:31
10:31:48,20.75,0.0,1,2075,买盘,001282,2025-10-17 22:53:31
10:31:51,20.75,0.0,2,4150,买盘,001282,2025-10-17 22:53:31
10:31:54,20.76,0.01,4,8304,买盘,001282,2025-10-17 22:53:31
10:32:06,20.77,0.01,5,10385,买盘,001282,2025-10-17 22:53:31
10:32:15,20.79,0.02,36,74827,买盘,001282,2025-10-17 22:53:31
10:32:18,20.78,-0.01,10,20780,卖盘,001282,2025-10-17 22:53:31
10:32:27,20.8,0.02,45,93595,买盘,001282,2025-10-17 22:53:31
10:32:30,20.8,0.0,16,33256,中性盘,001282,2025-10-17 22:53:31
10:32:42,20.81,0.01,26,54101,买盘,001282,2025-10-17 22:53:31
10:32:45,20.82,0.01,43,89486,买盘,001282,2025-10-17 22:53:31
10:32:48,20.83,0.01,48,99984,买盘,001282,2025-10-17 22:53:31
10:32:51,20.84,0.01,75,156144,买盘,001282,2025-10-17 22:53:31
10:32:54,20.84,0.0,13,27092,卖盘,001282,2025-10-17 22:53:31
10:32:57,20.85,0.01,3,6255,买盘,001282,2025-10-17 22:53:31
10:33:00,20.85,0.0,13,27101,买盘,001282,2025-10-17 22:53:31
10:33:06,20.86,0.01,5,10430,中性盘,001282,2025-10-17 22:53:31
10:33:09,20.85,-0.01,40,83400,卖盘,001282,2025-10-17 22:53:31
10:33:12,20.87,0.02,24,50088,买盘,001282,2025-10-17 22:53:31
10:33:15,20.86,-0.01,70,145981,中性盘,001282,2025-10-17 22:53:31
10:33:21,20.84,-0.02,12,25010,卖盘,001282,2025-10-17 22:53:31
10:33:27,20.85,0.01,23,47954,买盘,001282,2025-10-17 22:53:31
10:33:30,20.85,0.0,22,45850,中性盘,001282,2025-10-17 22:53:31
10:33:36,20.86,0.01,40,83402,买盘,001282,2025-10-17 22:53:31
10:33:39,20.85,-0.01,7,14590,中性盘,001282,2025-10-17 22:53:31
10:33:42,20.85,0.0,12,25020,卖盘,001282,2025-10-17 22:53:31
10:33:45,20.94,0.09,301,628727,买盘,001282,2025-10-17 22:53:31
10:33:48,20.96,0.02,31,65006,买盘,001282,2025-10-17 22:53:31
10:33:51,20.98,0.02,76,159357,买盘,001282,2025-10-17 22:53:31
10:33:57,20.99,0.01,96,201480,买盘,001282,2025-10-17 22:53:31
10:34:00,21.02,0.03,99,207870,买盘,001282,2025-10-17 22:53:31
10:34:03,21.02,0.0,10,21020,卖盘,001282,2025-10-17 22:53:31
10:34:06,21.09,0.07,220,463448,买盘,001282,2025-10-17 22:53:31
10:34:09,21.07,-0.02,65,137035,卖盘,001282,2025-10-17 22:53:31
10:34:12,21.08,0.01,40,84342,中性盘,001282,2025-10-17 22:53:31
10:34:15,21.07,-0.01,87,183420,卖盘,001282,2025-10-17 22:53:31
10:34:18,21.04,-0.03,2,4211,卖盘,001282,2025-10-17 22:53:31
10:34:24,21.02,-0.02,28,58856,卖盘,001282,2025-10-17 22:53:31
10:34:27,21.02,0.0,12,25224,卖盘,001282,2025-10-17 22:53:31
10:34:30,21.0,-0.02,31,65120,卖盘,001282,2025-10-17 22:53:31
10:34:36,20.98,-0.02,41,86058,卖盘,001282,2025-10-17 22:53:31
10:34:39,20.99,0.01,42,89154,买盘,001282,2025-10-17 22:53:31
10:34:42,21.0,0.01,26,54580,中性盘,001282,2025-10-17 22:53:31
10:34:45,20.99,-0.01,22,46180,中性盘,001282,2025-10-17 22:53:31
10:34:48,21.02,0.03,70,147095,买盘,001282,2025-10-17 22:53:31
10:34:51,21.05,0.03,52,109328,买盘,001282,2025-10-17 22:53:31
10:34:54,21.02,-0.03,5,10514,卖盘,001282,2025-10-17 22:53:31
10:34:57,21.04,0.02,26,54680,中性盘,001282,2025-10-17 22:53:31
10:35:00,21.02,-0.02,1,2102,卖盘,001282,2025-10-17 22:53:31
10:35:03,21.05,0.03,5,10523,买盘,001282,2025-10-17 22:53:31
10:35:06,21.04,-0.01,6,12624,中性盘,001282,2025-10-17 22:53:31
10:35:09,21.06,0.02,189,398165,买盘,001282,2025-10-17 22:53:31
10:35:12,21.1,0.04,1,2110,中性盘,001282,2025-10-17 22:53:31
10:35:15,21.11,0.01,31,65401,中性盘,001282,2025-10-17 22:53:31
10:35:18,21.13,0.02,191,404208,中性盘,001282,2025-10-17 22:53:31
10:35:21,21.14,0.01,71,150088,中性盘,001282,2025-10-17 22:53:31
10:35:24,21.15,0.01,2,4235,卖盘,001282,2025-10-17 22:53:31
10:35:27,21.15,0.0,93,196781,卖盘,001282,2025-10-17 22:53:31
10:35:30,21.14,-0.01,74,156643,卖盘,001282,2025-10-17 22:53:31
10:35:33,21.21,0.07,199,421696,买盘,001282,2025-10-17 22:53:31
10:35:36,21.21,0.0,109,231358,买盘,001282,2025-10-17 22:53:31
10:35:39,21.21,0.0,57,120831,卖盘,001282,2025-10-17 22:53:31
10:35:42,21.22,0.01,175,371284,中性盘,001282,2025-10-17 22:53:31
10:35:45,21.39,0.17,587,1254044,买盘,001282,2025-10-17 22:53:31
10:35:48,21.46,0.07,118,252549,中性盘,001282,2025-10-17 22:53:31
10:35:51,21.39,-0.07,50,107233,卖盘,001282,2025-10-17 22:53:31
10:35:54,21.38,-0.01,21,44935,卖盘,001282,2025-10-17 22:53:31
10:35:57,21.39,0.01,147,314540,中性盘,001282,2025-10-17 22:53:31
10:36:00,21.38,-0.01,39,83395,卖盘,001282,2025-10-17 22:53:31
10:36:03,21.3,-0.08,2,4260,卖盘,001282,2025-10-17 22:53:31
10:36:06,21.36,0.06,28,59668,中性盘,001282,2025-10-17 22:53:31
10:36:09,21.2,-0.16,15,31865,卖盘,001282,2025-10-17 22:53:31
10:36:12,21.22,0.02,77,163840,中性盘,001282,2025-10-17 22:53:31
10:36:15,21.24,0.02,13,27601,中性盘,001282,2025-10-17 22:53:31
10:36:18,21.26,0.02,42,89469,中性盘,001282,2025-10-17 22:53:31
10:36:21,21.25,-0.01,51,108495,卖盘,001282,2025-10-17 22:53:31
10:36:24,21.26,0.01,39,83081,中性盘,001282,2025-10-17 22:53:31
10:36:27,21.29,0.03,23,48948,中性盘,001282,2025-10-17 22:53:31
10:36:30,21.34,0.05,166,353664,买盘,001282,2025-10-17 22:53:31
10:36:33,21.36,0.02,83,177072,买盘,001282,2025-10-17 22:53:31
10:36:36,21.36,0.0,1,2136,买盘,001282,2025-10-17 22:53:31
10:36:39,21.33,-0.03,14,29880,卖盘,001282,2025-10-17 22:53:31
10:36:42,21.26,-0.07,124,263872,卖盘,001282,2025-10-17 22:53:31
10:36:45,21.28,0.02,15,31940,卖盘,001282,2025-10-17 22:53:31
10:36:48,21.29,0.01,11,23417,中性盘,001282,2025-10-17 22:53:31
10:36:51,21.29,0.0,7,14899,买盘,001282,2025-10-17 22:53:31
10:36:54,21.26,-0.03,6,12762,卖盘,001282,2025-10-17 22:53:31
10:36:57,21.24,-0.02,10,21246,卖盘,001282,2025-10-17 22:53:31
10:37:00,21.27,0.03,14,29774,买盘,001282,2025-10-17 22:53:31
10:37:03,21.28,0.01,9,19145,买盘,001282,2025-10-17 22:53:31
10:37:06,21.26,-0.02,43,91418,中性盘,001282,2025-10-17 22:53:31
10:37:09,21.27,0.01,86,182786,买盘,001282,2025-10-17 22:53:31
10:37:12,21.26,-0.01,76,161726,中性盘,001282,2025-10-17 22:53:31
10:37:15,21.39,0.13,367,782906,买盘,001282,2025-10-17 22:53:31
10:37:18,21.4,0.01,619,1326034,买盘,001282,2025-10-17 22:53:31
10:37:21,21.4,0.0,26,55640,卖盘,001282,2025-10-17 22:53:31
10:37:24,21.37,-0.03,25,53512,卖盘,001282,2025-10-17 22:53:31
10:37:27,21.37,0.0,17,36332,卖盘,001282,2025-10-17 22:53:31
10:37:30,21.37,0.0,6,12822,中性盘,001282,2025-10-17 22:53:31
10:37:33,21.37,0.0,5,10685,买盘,001282,2025-10-17 22:53:31
10:37:39,21.33,-0.04,30,64091,卖盘,001282,2025-10-17 22:53:31
10:37:42,21.32,-0.01,13,27716,卖盘,001282,2025-10-17 22:53:31
10:37:48,21.28,-0.04,19,40476,卖盘,001282,2025-10-17 22:53:31
10:37:51,21.28,0.0,21,44759,卖盘,001282,2025-10-17 22:53:31
10:37:57,21.33,0.05,26,55433,买盘,001282,2025-10-17 22:53:31
10:38:00,21.31,-0.02,156,333159,中性盘,001282,2025-10-17 22:53:31
10:38:03,21.44,0.13,141,301245,买盘,001282,2025-10-17 22:53:31
10:38:06,21.47,0.03,123,263797,买盘,001282,2025-10-17 22:53:31
10:38:09,21.44,-0.03,50,107136,卖盘,001282,2025-10-17 22:53:31
10:38:12,21.47,0.03,15,32181,买盘,001282,2025-10-17 22:53:31
10:38:15,21.54,0.07,835,1798655,买盘,001282,2025-10-17 22:53:31
10:38:18,21.56,0.02,99,213257,买盘,001282,2025-10-17 22:53:31
10:38:21,21.5,-0.06,84,180605,中性盘,001282,2025-10-17 22:53:31
10:38:24,21.5,0.0,152,327194,卖盘,001282,2025-10-17 22:53:31
10:38:27,21.56,0.06,87,187299,买盘,001282,2025-10-17 22:53:31
10:38:30,21.56,0.0,110,236274,买盘,001282,2025-10-17 22:53:31
10:38:33,21.55,-0.01,182,392011,卖盘,001282,2025-10-17 22:53:31
10:38:36,21.56,0.01,449,968166,买盘,001282,2025-10-17 22:53:31
10:38:39,21.62,0.06,268,579020,买盘,001282,2025-10-17 22:53:31
10:38:42,21.69,0.07,286,619090,买盘,001282,2025-10-17 22:53:31
10:38:45,21.71,0.02,322,698488,买盘,001282,2025-10-17 22:53:31
10:38:48,21.74,0.03,99,214953,中性盘,001282,2025-10-17 22:53:31
10:38:51,21.7,-0.04,111,240851,卖盘,001282,2025-10-17 22:53:31
10:38:54,21.78,0.08,943,2051496,买盘,001282,2025-10-17 22:53:31
10:38:57,21.79,0.01,392,853094,买盘,001282,2025-10-17 22:53:31
10:39:00,21.74,-0.05,224,488106,卖盘,001282,2025-10-17 22:53:31
10:39:03,22.0,0.26,1073,2351546,买盘,001282,2025-10-17 22:53:31
10:39:06,22.0,0.0,252,553742,卖盘,001282,2025-10-17 22:53:31
10:39:09,22.02,0.02,247,545118,买盘,001282,2025-10-17 22:53:31
10:39:12,22.1,0.08,288,635353,中性盘,001282,2025-10-17 22:53:31
10:39:15,22.09,-0.01,222,491326,中性盘,001282,2025-10-17 22:53:31
10:39:18,22.08,-0.01,335,740858,卖盘,001282,2025-10-17 22:53:31
10:39:21,22.07,-0.01,223,492169,卖盘,001282,2025-10-17 22:53:31
10:39:24,22.08,0.01,707,1561380,买盘,001282,2025-10-17 22:53:31
10:39:27,22.08,0.0,339,750811,卖盘,001282,2025-10-17 22:53:31
10:39:30,22.09,0.01,421,931626,卖盘,001282,2025-10-17 22:53:31
10:39:33,22.11,0.02,441,977700,中性盘,001282,2025-10-17 22:53:31
10:39:36,22.18,0.07,1036,2301191,买盘,001282,2025-10-17 22:53:31
10:39:39,22.28,0.1,300,665808,买盘,001282,2025-10-17 22:53:31
10:39:42,22.46,0.18,1159,2581844,买盘,001282,2025-10-17 22:53:31
10:39:45,22.34,-0.12,168,375041,中性盘,001282,2025-10-17 22:53:31
10:39:48,22.46,0.12,336,752687,中性盘,001282,2025-10-17 22:53:31
10:39:51,22.7,0.24,406,919207,买盘,001282,2025-10-17 22:53:31
10:39:54,22.94,0.24,542,1239504,买盘,001282,2025-10-17 22:53:31
10:39:57,22.5,-0.44,467,1060992,卖盘,001282,2025-10-17 22:53:31
10:40:00,22.73,0.23,222,504215,买盘,001282,2025-10-17 22:53:31
10:40:03,22.51,-0.22,207,466531,卖盘,001282,2025-10-17 22:53:31
10:40:06,22.5,-0.01,589,1331256,卖盘,001282,2025-10-17 22:53:31
10:40:09,22.5,0.0,355,798314,卖盘,001282,2025-10-17 22:53:31
10:40:12,22.7,0.2,576,1297826,买盘,001282,2025-10-17 22:53:31
10:40:15,22.49,-0.21,348,781686,中性盘,001282,2025-10-17 22:53:31
10:40:18,22.5,0.01,462,1039975,买盘,001282,2025-10-17 22:53:31
10:40:21,22.5,0.0,167,375653,卖盘,001282,2025-10-17 22:53:31
10:40:24,22.45,-0.05,446,1001035,卖盘,001282,2025-10-17 22:53:31
10:40:27,22.44,-0.01,233,523562,卖盘,001282,2025-10-17 22:53:31
10:40:30,22.44,0.0,315,707390,卖盘,001282,2025-10-17 22:53:31
10:40:33,22.4,-0.04,365,818608,卖盘,001282,2025-10-17 22:53:31
10:40:36,22.5,0.1,957,2154657,买盘,001282,2025-10-17 22:53:31
10:40:39,22.52,0.02,160,360221,中性盘,001282,2025-10-17 22:53:31
10:40:42,22.65,0.13,1025,2321848,买盘,001282,2025-10-17 22:53:31
10:40:45,22.7,0.05,782,1774049,买盘,001282,2025-10-17 22:53:31
10:40:48,22.89,0.19,860,1962841,买盘,001282,2025-10-17 22:53:31
10:40:51,22.78,-0.11,281,641217,卖盘,001282,2025-10-17 22:53:31
10:40:54,22.84,0.06,249,568948,中性盘,001282,2025-10-17 22:53:31
10:40:57,22.81,-0.03,455,1039049,中性盘,001282,2025-10-17 22:53:31
10:41:00,22.8,-0.01,395,899604,中性盘,001282,2025-10-17 22:53:31
10:41:03,22.6,-0.2,1251,2848024,卖盘,001282,2025-10-17 22:53:31
10:41:06,22.72,0.12,542,1234903,中性盘,001282,2025-10-17 22:53:31
10:41:09,22.66,-0.06,510,1161116,卖盘,001282,2025-10-17 22:53:31
10:41:12,22.72,0.06,513,1167249,中性盘,001282,2025-10-17 22:53:31
10:41:15,22.74,0.02,561,1274515,买盘,001282,2025-10-17 22:53:31
10:41:18,22.84,0.1,1229,2798702,买盘,001282,2025-10-17 22:53:31
10:41:21,23.23,0.39,2565,5905083,买盘,001282,2025-10-17 22:53:31
10:41:24,23.61,0.38,3009,7085512,买盘,001282,2025-10-17 22:53:31
10:41:27,23.61,0.0,144,339984,卖盘,001282,2025-10-17 22:53:31
10:41:30,23.61,0.0,892,2106012,卖盘,001282,2025-10-17 22:53:31
10:41:33,23.61,0.0,583,1376463,卖盘,001282,2025-10-17 22:53:31
10:41:36,23.61,0.0,582,1374102,卖盘,001282,2025-10-17 22:53:31
10:41:39,23.61,0.0,1036,2445996,卖盘,001282,2025-10-17 22:53:31
10:41:42,23.61,0.0,632,1492152,卖盘,001282,2025-10-17 22:53:31
10:41:45,23.61,0.0,721,1703225,卖盘,001282,2025-10-17 22:53:31
10:41:48,23.61,0.0,550,1299494,卖盘,001282,2025-10-17 22:53:31
10:41:51,23.61,0.0,435,1027035,卖盘,001282,2025-10-17 22:53:31
10:41:54,23.61,0.0,524,1237164,卖盘,001282,2025-10-17 22:53:31
10:41:57,23.61,0.0,356,840988,卖盘,001282,2025-10-17 22:53:31
10:42:00,23.61,0.0,435,1027507,卖盘,001282,2025-10-17 22:53:31
10:42:03,23.61,0.0,490,1157362,卖盘,001282,2025-10-17 22:53:31
10:42:06,23.61,0.0,839,1980879,卖盘,001282,2025-10-17 22:53:31
10:42:09,23.61,0.0,1393,3288873,卖盘,001282,2025-10-17 22:53:31
10:42:12,23.61,0.0,2976,7026430,卖盘,001282,2025-10-17 22:53:31
10:42:15,23.05,-0.56,1071,2523679,卖盘,001282,2025-10-17 22:53:31
10:42:18,23.03,-0.02,205,471855,卖盘,001282,2025-10-17 22:53:31
10:42:21,23.05,0.02,96,221068,买盘,001282,2025-10-17 22:53:31
10:42:24,23.23,0.18,308,710410,买盘,001282,2025-10-17 22:53:31
10:42:27,23.26,0.03,303,703366,买盘,001282,2025-10-17 22:53:31
10:42:30,23.03,-0.23,1606,3705965,卖盘,001282,2025-10-17 22:53:31
10:42:33,22.98,-0.05,300,689726,卖盘,001282,2025-10-17 22:53:31
10:42:36,23.03,0.05,152,349920,买盘,001282,2025-10-17 22:53:31
10:42:39,23.3,0.27,1356,3135730,买盘,001282,2025-10-17 22:53:31
10:42:42,23.6,0.3,292,683754,买盘,001282,2025-10-17 22:53:31
10:42:45,23.59,-0.01,460,1078099,买盘,001282,2025-10-17 22:53:31
10:42:48,23.49,-0.1,921,2157017,卖盘,001282,2025-10-17 22:53:31
10:42:51,23.32,-0.17,311,725318,中性盘,001282,2025-10-17 22:53:31
10:42:54,23.23,-0.09,652,1531716,卖盘,001282,2025-10-17 22:53:31
10:42:57,23.23,0.0,108,250657,买盘,001282,2025-10-17 22:53:31
10:43:00,23.25,0.02,717,1674274,买盘,001282,2025-10-17 22:53:31
10:43:03,22.95,-0.3,719,1655966,卖盘,001282,2025-10-17 22:53:31
10:43:06,22.82,-0.13,482,1106976,卖盘,001282,2025-10-17 22:53:31
10:43:09,22.94,0.12,402,920933,中性盘,001282,2025-10-17 22:53:31
10:43:12,22.93,-0.01,336,769948,中性盘,001282,2025-10-17 22:53:31
10:43:15,22.94,0.01,189,432364,中性盘,001282,2025-10-17 22:53:31
10:43:18,23.0,0.06,1640,3741212,买盘,001282,2025-10-17 22:53:31
10:43:21,22.95,-0.05,192,441366,卖盘,001282,2025-10-17 22:53:31
10:43:24,22.95,0.0,109,250949,卖盘,001282,2025-10-17 22:53:31
10:43:27,23.0,0.05,113,260015,买盘,001282,2025-10-17 22:53:31
10:43:30,23.0,0.0,114,262238,卖盘,001282,2025-10-17 22:53:31
10:43:33,23.07,0.07,366,844447,买盘,001282,2025-10-17 22:53:31
10:43:36,22.95,-0.12,608,1398037,卖盘,001282,2025-10-17 22:53:31
10:43:39,22.74,-0.21,671,1533223,卖盘,001282,2025-10-17 22:53:31
10:43:42,22.75,0.01,379,862030,买盘,001282,2025-10-17 22:53:31
10:43:45,22.93,0.18,118,269567,买盘,001282,2025-10-17 22:53:31
10:43:48,22.75,-0.18,195,444487,卖盘,001282,2025-10-17 22:53:31
10:43:51,22.89,0.14,45,102955,中性盘,001282,2025-10-17 22:53:31
10:43:54,22.89,0.0,41,93813,中性盘,001282,2025-10-17 22:53:31
10:43:57,22.89,0.0,242,553416,卖盘,001282,2025-10-17 22:53:31
10:44:00,22.9,0.01,236,540212,买盘,001282,2025-10-17 22:53:31
10:44:03,22.9,0.0,408,931150,卖盘,001282,2025-10-17 22:53:31
10:44:06,22.81,-0.09,213,486216,卖盘,001282,2025-10-17 22:53:31
10:44:09,22.89,0.08,373,853078,买盘,001282,2025-10-17 22:53:31
10:44:12,22.86,-0.03,63,143749,中性盘,001282,2025-10-17 22:53:31
10:44:15,22.89,0.03,120,274151,买盘,001282,2025-10-17 22:53:31
10:44:18,22.9,0.01,277,632947,买盘,001282,2025-10-17 22:53:31
10:44:21,22.89,-0.01,102,233479,买盘,001282,2025-10-17 22:53:31
10:44:24,22.87,-0.02,88,201372,卖盘,001282,2025-10-17 22:53:31
10:44:27,22.87,0.0,420,960336,卖盘,001282,2025-10-17 22:53:31
10:44:30,22.81,-0.06,73,166759,卖盘,001282,2025-10-17 22:53:31
10:44:33,22.8,-0.01,164,374217,卖盘,001282,2025-10-17 22:53:31
10:44:36,22.78,-0.02,103,234843,卖盘,001282,2025-10-17 22:53:31
10:44:39,22.85,0.07,300,685165,买盘,001282,2025-10-17 22:53:31
10:44:42,22.91,0.06,488,1115280,买盘,001282,2025-10-17 22:53:31
10:44:45,22.95,0.04,361,828168,买盘,001282,2025-10-17 22:53:31
10:44:48,23.04,0.09,514,1182763,买盘,001282,2025-10-17 22:53:31
10:44:51,23.06,0.02,446,1030184,中性盘,001282,2025-10-17 22:53:31
10:44:54,23.19,0.13,121,279313,买盘,001282,2025-10-17 22:53:31
10:44:57,23.19,0.0,238,551264,买盘,001282,2025-10-17 22:53:31
10:45:00,23.2,0.01,66,153160,买盘,001282,2025-10-17 22:53:31
10:45:03,23.17,-0.03,521,1203461,卖盘,001282,2025-10-17 22:53:31
10:45:06,22.92,-0.25,210,483236,卖盘,001282,2025-10-17 22:53:31
10:45:09,22.91,-0.01,437,1000697,卖盘,001282,2025-10-17 22:53:31
10:45:12,23.11,0.2,429,988993,买盘,001282,2025-10-17 22:53:31
10:45:15,23.11,0.0,27,62404,卖盘,001282,2025-10-17 22:53:31
10:45:18,23.09,-0.02,251,580891,卖盘,001282,2025-10-17 22:53:31
10:45:21,23.1,0.01,144,332514,买盘,001282,2025-10-17 22:53:31
10:45:24,23.09,-0.01,346,798671,卖盘,001282,2025-10-17 22:53:31
10:45:27,23.09,0.0,1476,3403177,卖盘,001282,2025-10-17 22:53:31
10:45:30,23.11,0.02,486,1122682,买盘,001282,2025-10-17 22:53:31
10:45:33,23.16,0.05,88,203388,买盘,001282,2025-10-17 22:53:31
10:45:36,23.05,-0.11,1796,4140177,卖盘,001282,2025-10-17 22:53:31
10:45:39,23.05,0.0,60,138370,卖盘,001282,2025-10-17 22:53:31
10:45:42,23.05,0.0,132,304715,卖盘,001282,2025-10-17 22:53:31
10:45:45,23.05,0.0,272,628171,买盘,001282,2025-10-17 22:53:31
10:45:48,23.04,-0.01,54,124423,卖盘,001282,2025-10-17 22:53:31
10:45:51,23.03,-0.01,126,291363,卖盘,001282,2025-10-17 22:53:31
10:45:54,23.04,0.01,191,440041,买盘,001282,2025-10-17 22:53:31
10:45:57,23.01,-0.03,85,194465,卖盘,001282,2025-10-17 22:53:31
10:46:00,23.0,-0.01,146,335958,中性盘,001282,2025-10-17 22:53:31
10:46:03,23.04,0.04,540,1245115,买盘,001282,2025-10-17 22:53:31
10:46:06,23.01,-0.03,428,984624,卖盘,001282,2025-10-17 22:53:31
10:46:09,23.14,0.13,2137,4930711,买盘,001282,2025-10-17 22:53:31
10:46:12,23.09,-0.05,326,752972,卖盘,001282,2025-10-17 22:53:31
10:46:15,23.09,0.0,375,866433,买盘,001282,2025-10-17 22:53:31
10:46:18,23.09,0.0,44,101596,买盘,001282,2025-10-17 22:53:31
10:46:21,23.09,0.0,71,163763,买盘,001282,2025-10-17 22:53:31
10:46:24,23.02,-0.07,116,267347,卖盘,001282,2025-10-17 22:53:31
10:46:27,23.06,0.04,14,32277,中性盘,001282,2025-10-17 22:53:31
10:46:30,23.07,0.01,137,316328,买盘,001282,2025-10-17 22:53:31
10:46:33,23.05,-0.02,126,290629,卖盘,001282,2025-10-17 22:53:31
10:46:36,23.04,-0.01,72,165971,中性盘,001282,2025-10-17 22:53:31
10:46:39,23.04,0.0,61,140653,卖盘,001282,2025-10-17 22:53:31
10:46:42,23.07,0.03,72,165390,中性盘,001282,2025-10-17 22:53:31
10:46:45,23.06,-0.01,175,403756,中性盘,001282,2025-10-17 22:53:31
10:46:48,23.08,0.02,541,1246045,买盘,001282,2025-10-17 22:53:31
10:46:51,23.12,0.04,487,1125169,买盘,001282,2025-10-17 22:53:31
10:46:54,23.1,-0.02,20,46224,卖盘,001282,2025-10-17 22:53:31
10:46:57,23.11,0.01,6,13865,中性盘,001282,2025-10-17 22:53:31
10:47:00,23.11,0.0,185,427493,买盘,001282,2025-10-17 22:53:31
10:47:03,23.31,0.2,1185,2751410,买盘,001282,2025-10-17 22:53:31
10:47:06,23.33,0.02,249,580296,买盘,001282,2025-10-17 22:53:31
10:47:09,23.26,-0.07,49,114061,卖盘,001282,2025-10-17 22:53:31
10:47:12,23.22,-0.04,176,408690,中性盘,001282,2025-10-17 22:53:31
10:47:15,23.28,0.06,83,193496,买盘,001282,2025-10-17 22:53:31
10:47:18,23.28,0.0,57,132710,卖盘,001282,2025-10-17 22:53:31
10:47:21,23.22,-0.06,80,185820,卖盘,001282,2025-10-17 22:53:31
10:47:24,23.36,0.14,304,708113,买盘,001282,2025-10-17 22:53:31
10:47:27,23.25,-0.11,73,169504,中性盘,001282,2025-10-17 22:53:31
10:47:30,23.28,0.03,438,1018638,买盘,001282,2025-10-17 22:53:31
10:47:33,23.3,0.02,263,612034,买盘,001282,2025-10-17 22:53:31
10:47:36,23.28,-0.02,400,930228,卖盘,001282,2025-10-17 22:53:31
10:47:39,23.3,0.02,106,246839,买盘,001282,2025-10-17 22:53:31
10:47:42,23.28,-0.02,178,414634,卖盘,001282,2025-10-17 22:53:31
10:47:45,23.35,0.07,298,695172,买盘,001282,2025-10-17 22:53:31
10:47:48,23.31,-0.04,240,559256,卖盘,001282,2025-10-17 22:53:31
10:47:51,23.3,-0.01,39,91852,卖盘,001282,2025-10-17 22:53:31
10:47:54,23.23,-0.07,433,1008513,卖盘,001282,2025-10-17 22:53:31
10:47:57,23.28,0.05,40,93091,买盘,001282,2025-10-17 22:53:31
10:48:00,23.28,0.0,21,48881,买盘,001282,2025-10-17 22:53:31
10:48:03,23.3,0.02,225,523631,买盘,001282,2025-10-17 22:53:31
10:48:06,23.23,-0.07,78,181529,卖盘,001282,2025-10-17 22:53:31
10:48:09,23.24,0.01,11,25588,中性盘,001282,2025-10-17 22:53:31
10:48:12,23.23,-0.01,44,102219,卖盘,001282,2025-10-17 22:53:31
10:48:15,23.23,0.0,65,150895,卖盘,001282,2025-10-17 22:53:31
10:48:18,23.23,0.0,77,178760,买盘,001282,2025-10-17 22:53:31
10:48:21,23.16,-0.07,16,37066,卖盘,001282,2025-10-17 22:53:31
10:48:24,23.16,0.0,38,88120,卖盘,001282,2025-10-17 22:53:31
10:48:27,23.18,0.02,13,30124,买盘,001282,2025-10-17 22:53:31
10:48:30,23.15,-0.03,91,210688,卖盘,001282,2025-10-17 22:53:31
10:48:33,23.14,-0.01,92,212970,卖盘,001282,2025-10-17 22:53:31
10:48:36,23.14,0.0,111,256892,卖盘,001282,2025-10-17 22:53:31
10:48:39,23.13,-0.01,2,4626,卖盘,001282,2025-10-17 22:53:31
10:48:42,23.13,0.0,119,275140,卖盘,001282,2025-10-17 22:53:31
10:48:45,23.36,0.23,3469,8065036,买盘,001282,2025-10-17 22:53:31
10:48:48,23.31,-0.05,298,695362,卖盘,001282,2025-10-17 22:53:31
10:48:51,23.38,0.07,54,125924,买盘,001282,2025-10-17 22:53:31
10:48:54,23.31,-0.07,38,88556,中性盘,001282,2025-10-17 22:53:31
10:48:57,23.3,-0.01,86,200462,卖盘,001282,2025-10-17 22:53:31
10:49:00,23.31,0.01,72,167799,买盘,001282,2025-10-17 22:53:31
10:49:03,23.61,0.3,13977,32936367,买盘,001282,2025-10-17 22:53:31
10:49:06,23.61,0.0,405,956205,卖盘,001282,2025-10-17 22:53:31
10:49:09,23.61,0.0,326,769686,卖盘,001282,2025-10-17 22:53:31
10:49:12,23.61,0.0,520,1227720,卖盘,001282,2025-10-17 22:53:31
10:49:15,23.61,0.0,373,880653,卖盘,001282,2025-10-17 22:53:31
10:49:18,23.61,0.0,649,1532195,卖盘,001282,2025-10-17 22:53:31
10:49:21,23.61,0.0,757,1787277,卖盘,001282,2025-10-17 22:53:31
10:49:24,23.61,0.0,196,463228,卖盘,001282,2025-10-17 22:53:31
10:49:27,23.61,0.0,290,684690,卖盘,001282,2025-10-17 22:53:31
10:49:30,23.61,0.0,217,512337,卖盘,001282,2025-10-17 22:53:31
10:49:33,23.61,0.0,307,723883,卖盘,001282,2025-10-17 22:53:31
10:49:36,23.61,0.0,577,1362297,卖盘,001282,2025-10-17 22:53:31
10:49:39,23.61,0.0,108,254988,卖盘,001282,2025-10-17 22:53:31
10:49:42,23.61,0.0,348,821628,卖盘,001282,2025-10-17 22:53:31
10:49:45,23.61,0.0,382,901902,卖盘,001282,2025-10-17 22:53:31
10:49:48,23.61,0.0,383,904263,卖盘,001282,2025-10-17 22:53:31
10:49:51,23.61,0.0,437,1031757,卖盘,001282,2025-10-17 22:53:31
10:49:54,23.61,0.0,1152,2719872,卖盘,001282,2025-10-17 22:53:31
10:49:57,23.61,0.0,318,750798,卖盘,001282,2025-10-17 22:53:31
10:50:00,23.61,0.0,177,417897,卖盘,001282,2025-10-17 22:53:31
10:50:03,23.61,0.0,633,1493474,卖盘,001282,2025-10-17 22:53:31
10:50:06,23.61,0.0,88,207768,卖盘,001282,2025-10-17 22:53:31
10:50:09,23.61,0.0,88,207768,卖盘,001282,2025-10-17 22:53:31
10:50:12,23.61,0.0,232,547752,卖盘,001282,2025-10-17 22:53:31
10:50:15,23.61,0.0,233,550113,卖盘,001282,2025-10-17 22:53:31
10:50:18,23.61,0.0,30,70830,卖盘,001282,2025-10-17 22:53:31
10:50:21,23.61,0.0,135,318735,卖盘,001282,2025-10-17 22:53:31
10:50:24,23.61,0.0,318,750798,卖盘,001282,2025-10-17 22:53:31
10:50:27,23.61,0.0,972,2294420,卖盘,001282,2025-10-17 22:53:31
10:50:30,23.61,0.0,1829,4319308,卖盘,001282,2025-10-17 22:53:31
10:50:33,23.61,0.0,692,1634284,卖盘,001282,2025-10-17 22:53:31
10:50:36,23.61,0.0,489,1154529,卖盘,001282,2025-10-17 22:53:31
10:50:39,23.61,0.0,328,773936,卖盘,001282,2025-10-17 22:53:31
10:50:42,23.61,0.0,185,436785,卖盘,001282,2025-10-17 22:53:31
10:50:45,23.61,0.0,264,622360,卖盘,001282,2025-10-17 22:53:31
10:50:48,23.61,0.0,268,632748,卖盘,001282,2025-10-17 22:53:31
10:50:51,23.61,0.0,51,120411,卖盘,001282,2025-10-17 22:53:31
10:50:54,23.61,0.0,94,221934,卖盘,001282,2025-10-17 22:53:31
10:50:57,23.61,0.0,395,933539,卖盘,001282,2025-10-17 22:53:31
10:51:00,23.61,0.0,64,151104,卖盘,001282,2025-10-17 22:53:31
10:51:03,23.61,0.0,178,420258,卖盘,001282,2025-10-17 22:53:31
10:51:06,23.61,0.0,134,316374,卖盘,001282,2025-10-17 22:53:31
10:51:09,23.61,0.0,82,194546,卖盘,001282,2025-10-17 22:53:31
10:51:12,23.61,0.0,230,543030,卖盘,001282,2025-10-17 22:53:31
10:51:15,23.61,0.0,90,212490,卖盘,001282,2025-10-17 22:53:31
10:51:18,23.61,0.0,373,880653,卖盘,001282,2025-10-17 22:53:31
10:51:21,23.61,0.0,145,343384,卖盘,001282,2025-10-17 22:53:31
10:51:24,23.61,0.0,126,297486,卖盘,001282,2025-10-17 22:53:31
10:51:27,23.61,0.0,208,491088,卖盘,001282,2025-10-17 22:53:31
10:51:30,23.61,0.0,97,229017,卖盘,001282,2025-10-17 22:53:31
10:51:33,23.61,0.0,389,918523,卖盘,001282,2025-10-17 22:53:31
10:51:36,23.61,0.0,193,456145,卖盘,001282,2025-10-17 22:53:31
10:51:39,23.61,0.0,102,240822,卖盘,001282,2025-10-17 22:53:31
10:51:42,23.61,0.0,148,349428,卖盘,001282,2025-10-17 22:53:31
10:51:45,23.61,0.0,497,1173889,卖盘,001282,2025-10-17 22:53:31
10:51:48,23.61,0.0,115,271515,卖盘,001282,2025-10-17 22:53:31
10:51:51,23.61,0.0,391,923151,卖盘,001282,2025-10-17 22:53:31
10:51:54,23.61,0.0,228,538308,卖盘,001282,2025-10-17 22:53:31
10:51:57,23.61,0.0,328,773936,卖盘,001282,2025-10-17 22:53:31
10:52:00,23.61,0.0,1751,4133639,卖盘,001282,2025-10-17 22:53:31
10:52:03,23.61,0.0,2310,5454854,卖盘,001282,2025-10-17 22:53:31
10:52:06,23.61,0.0,968,2284499,卖盘,001282,2025-10-17 22:53:31
10:52:09,23.61,0.0,2070,4886798,卖盘,001282,2025-10-17 22:53:31
10:52:12,23.61,0.0,287,677607,卖盘,001282,2025-10-17 22:53:31
10:52:15,23.61,0.0,41,96801,卖盘,001282,2025-10-17 22:53:31
10:52:18,23.61,0.0,108,254988,卖盘,001282,2025-10-17 22:53:31
10:52:21,23.61,0.0,26,61386,卖盘,001282,2025-10-17 22:53:31
10:52:24,23.61,0.0,36,84996,卖盘,001282,2025-10-17 22:53:31
10:52:27,23.61,0.0,13,30693,卖盘,001282,2025-10-17 22:53:31
10:52:30,23.61,0.0,1,2361,卖盘,001282,2025-10-17 22:53:31
10:52:33,23.61,0.0,27,63747,卖盘,001282,2025-10-17 22:53:31
10:52:36,23.61,0.0,48,113328,卖盘,001282,2025-10-17 22:53:31
10:52:39,23.61,0.0,10,23610,卖盘,001282,2025-10-17 22:53:31
10:52:42,23.61,0.0,308,727188,卖盘,001282,2025-10-17 22:53:31
10:52:45,23.61,0.0,161,380121,卖盘,001282,2025-10-17 22:53:31
10:52:48,23.61,0.0,15,35415,卖盘,001282,2025-10-17 22:53:31
10:52:51,23.61,0.0,7,16055,卖盘,001282,2025-10-17 22:53:31
10:52:54,23.61,0.0,6,14166,卖盘,001282,2025-10-17 22:53:31
10:52:57,23.61,0.0,1,2361,卖盘,001282,2025-10-17 22:53:31
10:53:00,23.61,0.0,8,18888,卖盘,001282,2025-10-17 22:53:31
10:53:03,23.61,0.0,20,47220,卖盘,001282,2025-10-17 22:53:31
10:53:06,23.61,0.0,130,306930,卖盘,001282,2025-10-17 22:53:31
10:53:09,23.61,0.0,25,59025,卖盘,001282,2025-10-17 22:53:31
10:53:12,23.61,0.0,11,25971,卖盘,001282,2025-10-17 22:53:31
10:53:15,23.61,0.0,29,68469,卖盘,001282,2025-10-17 22:53:31
10:53:18,23.61,0.0,292,689412,卖盘,001282,2025-10-17 22:53:31
10:53:21,23.61,0.0,30,71090,卖盘,001282,2025-10-17 22:53:31
10:53:27,23.61,0.0,31,73191,卖盘,001282,2025-10-17 22:53:31
10:53:30,23.61,0.0,47,110967,卖盘,001282,2025-10-17 22:53:31
10:53:33,23.61,0.0,17,40137,卖盘,001282,2025-10-17 22:53:31
10:53:36,23.61,0.0,1,2361,卖盘,001282,2025-10-17 22:53:31
10:53:39,23.61,0.0,67,158187,卖盘,001282,2025-10-17 22:53:31
10:53:42,23.61,0.0,2,4628,卖盘,001282,2025-10-17 22:53:31
10:53:45,23.61,0.0,4,9444,卖盘,001282,2025-10-17 22:53:31
10:53:48,23.61,0.0,55,129855,卖盘,001282,2025-10-17 22:53:31
10:53:51,23.61,0.0,61,144021,卖盘,001282,2025-10-17 22:53:31
10:53:54,23.61,0.0,10,23610,卖盘,001282,2025-10-17 22:53:31
10:53:57,23.61,0.0,30,70830,卖盘,001282,2025-10-17 22:53:31
10:54:00,23.61,0.0,8,18888,卖盘,001282,2025-10-17 22:53:31
10:54:03,23.61,0.0,72,169992,卖盘,001282,2025-10-17 22:53:31
10:54:06,23.61,0.0,10,23327,卖盘,001282,2025-10-17 22:53:31
10:54:09,23.61,0.0,11,25971,卖盘,001282,2025-10-17 22:53:31
10:54:15,23.61,0.0,13,30693,卖盘,001282,2025-10-17 22:53:31
10:54:18,23.61,0.0,16,37776,卖盘,001282,2025-10-17 22:53:31
10:54:21,23.61,0.0,46,108606,卖盘,001282,2025-10-17 22:53:31
10:54:27,23.61,0.0,18,42498,卖盘,001282,2025-10-17 22:53:31
10:54:30,23.61,0.0,70,164231,卖盘,001282,2025-10-17 22:53:31
10:54:33,23.61,0.0,51,120411,卖盘,001282,2025-10-17 22:53:31
10:54:36,23.61,0.0,5,11805,卖盘,001282,2025-10-17 22:53:31
10:54:39,23.61,0.0,56,132216,卖盘,001282,2025-10-17 22:53:31
10:54:42,23.61,0.0,37,87357,卖盘,001282,2025-10-17 22:53:31
10:54:45,23.61,0.0,11,25971,卖盘,001282,2025-10-17 22:53:31
10:54:48,23.61,0.0,84,198324,卖盘,001282,2025-10-17 22:53:31
10:54:51,23.61,0.0,44,103884,卖盘,001282,2025-10-17 22:53:31
10:54:54,23.61,0.0,37,87357,卖盘,001282,2025-10-17 22:53:31
10:54:57,23.61,0.0,77,181797,卖盘,001282,2025-10-17 22:53:31
10:55:00,23.61,0.0,13,30693,卖盘,001282,2025-10-17 22:53:31
10:55:03,23.61,0.0,59,140243,卖盘,001282,2025-10-17 22:53:31
10:55:06,23.61,0.0,35,82635,卖盘,001282,2025-10-17 22:53:31
10:55:09,23.61,0.0,26,61386,卖盘,001282,2025-10-17 22:53:31
10:55:12,23.61,0.0,18,42498,卖盘,001282,2025-10-17 22:53:31
10:55:15,23.61,0.0,30,70830,卖盘,001282,2025-10-17 22:53:31
10:55:18,23.61,0.0,6,14166,卖盘,001282,2025-10-17 22:53:31
10:55:21,23.61,0.0,11,25971,卖盘,001282,2025-10-17 22:53:31
10:55:24,23.61,0.0,6,14166,卖盘,001282,2025-10-17 22:53:31
10:55:27,23.61,0.0,10,23610,卖盘,001282,2025-10-17 22:53:31
10:55:30,23.61,0.0,6,14166,卖盘,001282,2025-10-17 22:53:31
10:55:33,23.61,0.0,7,16433,卖盘,001282,2025-10-17 22:53:31
10:55:36,23.61,0.0,48,113328,卖盘,001282,2025-10-17 22:53:31
10:55:39,23.61,0.0,30,70830,卖盘,001282,2025-10-17 22:53:31
10:55:45,23.61,0.0,10,23610,卖盘,001282,2025-10-17 22:53:31
10:55:51,23.61,0.0,10,23610,卖盘,001282,2025-10-17 22:53:31
10:55:54,23.61,0.0,36,84996,卖盘,001282,2025-10-17 22:53:31
10:55:57,23.61,0.0,21,49581,卖盘,001282,2025-10-17 22:53:31
10:56:03,23.61,0.0,12,28332,卖盘,001282,2025-10-17 22:53:31
10:56:06,23.61,0.0,3,7083,卖盘,001282,2025-10-17 22:53:31
10:56:09,23.61,0.0,12,28332,卖盘,001282,2025-10-17 22:53:31
10:56:12,23.61,0.0,9,21249,卖盘,001282,2025-10-17 22:53:31
10:56:15,23.61,0.0,5,11805,卖盘,001282,2025-10-17 22:53:31
10:56:18,23.61,0.0,10,23610,卖盘,001282,2025-10-17 22:53:31
10:56:21,23.61,0.0,101,238461,卖盘,001282,2025-10-17 22:53:31
10:56:24,23.61,0.0,259,611499,卖盘,001282,2025-10-17 22:53:31
10:56:27,23.61,0.0,24,56664,卖盘,001282,2025-10-17 22:53:31
10:56:30,23.61,0.0,3,7083,卖盘,001282,2025-10-17 22:53:31
10:56:33,23.61,0.0,13,30693,卖盘,001282,2025-10-17 22:53:31
10:56:42,23.61,0.0,110,259710,卖盘,001282,2025-10-17 22:53:31
10:56:45,23.61,0.0,64,151104,卖盘,001282,2025-10-17 22:53:31
10:56:51,23.61,0.0,40,94440,卖盘,001282,2025-10-17 22:53:31
10:56:54,23.61,0.0,627,1480536,卖盘,001282,2025-10-17 22:53:31
10:56:57,23.61,0.0,21,49581,卖盘,001282,2025-10-17 22:53:31
10:57:00,23.61,0.0,30,71491,卖盘,001282,2025-10-17 22:53:31
10:57:03,23.61,0.0,40,94440,卖盘,001282,2025-10-17 22:53:31
10:57:06,23.61,0.0,15,35415,卖盘,001282,2025-10-17 22:53:31
10:57:09,23.61,0.0,81,191241,卖盘,001282,2025-10-17 22:53:31
10:57:12,23.61,0.0,50,118050,卖盘,001282,2025-10-17 22:53:31
10:57:15,23.61,0.0,9,21249,卖盘,001282,2025-10-17 22:53:31
10:57:18,23.61,0.0,50,118050,卖盘,001282,2025-10-17 22:53:31
10:57:21,23.61,0.0,4,9444,卖盘,001282,2025-10-17 22:53:31
10:57:24,23.61,0.0,7,16527,卖盘,001282,2025-10-17 22:53:31
10:57:27,23.61,0.0,1,2361,卖盘,001282,2025-10-17 22:53:31
10:57:30,23.61,0.0,10,23610,卖盘,001282,2025-10-17 22:53:31
10:57:33,23.61,0.0,11,25971,卖盘,001282,2025-10-17 22:53:31
10:57:39,23.61,0.0,33,77913,卖盘,001282,2025-10-17 22:53:31
10:57:42,23.61,0.0,25,59025,卖盘,001282,2025-10-17 22:53:31
10:57:45,23.61,0.0,5,11805,卖盘,001282,2025-10-17 22:53:31
10:57:48,23.61,0.0,6,14166,卖盘,001282,2025-10-17 22:53:31
10:57:51,23.61,0.0,38,89718,卖盘,001282,2025-10-17 22:53:31
10:57:54,23.61,0.0,79,186519,卖盘,001282,2025-10-17 22:53:31
10:57:57,23.61,0.0,8,18888,卖盘,001282,2025-10-17 22:53:31
10:58:03,23.61,0.0,6,14166,卖盘,001282,2025-10-17 22:53:31
10:58:06,23.61,0.0,20,47220,卖盘,001282,2025-10-17 22:53:31
10:58:09,23.61,0.0,1100,2597100,卖盘,001282,2025-10-17 22:53:31
10:58:12,23.61,0.0,31,73191,卖盘,001282,2025-10-17 22:53:31
10:58:15,23.61,0.0,9,21249,卖盘,001282,2025-10-17 22:53:31
10:58:18,23.61,0.0,25,59025,卖盘,001282,2025-10-17 22:53:31
10:58:24,23.61,0.0,1216,2870976,卖盘,001282,2025-10-17 22:53:31
10:58:27,23.61,0.0,3,7083,卖盘,001282,2025-10-17 22:53:31
10:58:30,23.61,0.0,24,56664,卖盘,001282,2025-10-17 22:53:31
10:58:33,23.61,0.0,60,141660,卖盘,001282,2025-10-17 22:53:31
10:58:36,23.61,0.0,200,472200,卖盘,001282,2025-10-17 22:53:31
10:58:39,23.61,0.0,9,21249,卖盘,001282,2025-10-17 22:53:31
10:58:42,23.61,0.0,55,129855,卖盘,001282,2025-10-17 22:53:31
10:58:45,23.61,0.0,16,37776,卖盘,001282,2025-10-17 22:53:31
10:58:48,23.61,0.0,3,7083,卖盘,001282,2025-10-17 22:53:31
10:58:51,23.61,0.0,83,195019,卖盘,001282,2025-10-17 22:53:31
10:58:54,23.61,0.0,58,136938,卖盘,001282,2025-10-17 22:53:31
10:58:57,23.61,0.0,4,9444,卖盘,001282,2025-10-17 22:53:31
10:59:00,23.61,0.0,143,337623,卖盘,001282,2025-10-17 22:53:31
10:59:03,23.61,0.0,158,373038,卖盘,001282,2025-10-17 22:53:31
10:59:06,23.61,0.0,43,101523,卖盘,001282,2025-10-17 22:53:31
10:59:09,23.61,0.0,67,158187,卖盘,001282,2025-10-17 22:53:31
10:59:12,23.61,0.0,110,259710,卖盘,001282,2025-10-17 22:53:31
10:59:15,23.61,0.0,3,6611,卖盘,001282,2025-10-17 22:53:31
10:59:18,23.61,0.0,20,47220,卖盘,001282,2025-10-17 22:53:31
10:59:24,23.61,0.0,6,14166,卖盘,001282,2025-10-17 22:53:31
10:59:27,23.61,0.0,7,17471,卖盘,001282,2025-10-17 22:53:31
10:59:30,23.61,0.0,1006,2375166,卖盘,001282,2025-10-17 22:53:31
10:59:33,23.61,0.0,47,110967,卖盘,001282,2025-10-17 22:53:31
10:59:36,23.61,0.0,4,9444,卖盘,001282,2025-10-17 22:53:31
10:59:42,23.61,0.0,10,23610,卖盘,001282,2025-10-17 22:53:31
10:59:45,23.61,0.0,41,96801,卖盘,001282,2025-10-17 22:53:31
10:59:48,23.61,0.0,27,63275,卖盘,001282,2025-10-17 22:53:31
10:59:51,23.61,0.0,162,382482,卖盘,001282,2025-10-17 22:53:31
10:59:54,23.61,0.0,12,28332,卖盘,001282,2025-10-17 22:53:31
10:59:57,23.61,0.0,147,347067,卖盘,001282,2025-10-17 22:53:31
11:00:00,23.61,0.0,20,47220,卖盘,001282,2025-10-17 22:53:31
11:00:03,23.61,0.0,17,40137,卖盘,001282,2025-10-17 22:53:31
11:00:06,23.61,0.0,31,73191,卖盘,001282,2025-10-17 22:53:31
11:00:12,23.61,0.0,4,9444,卖盘,001282,2025-10-17 22:53:31
11:00:15,23.61,0.0,25,59025,卖盘,001282,2025-10-17 22:53:31
11:00:18,23.61,0.0,7,16527,卖盘,001282,2025-10-17 22:53:31
11:00:21,23.61,0.0,16,37776,卖盘,001282,2025-10-17 22:53:31
11:00:24,23.61,0.0,15,35415,卖盘,001282,2025-10-17 22:53:31
11:00:27,23.61,0.0,200,472200,卖盘,001282,2025-10-17 22:53:31
11:00:33,23.61,0.0,19,45331,卖盘,001282,2025-10-17 22:53:31
11:00:36,23.61,0.0,55,129855,卖盘,001282,2025-10-17 22:53:31
11:00:39,23.61,0.0,161,380121,卖盘,001282,2025-10-17 22:53:31
11:00:45,23.61,0.0,18,42498,卖盘,001282,2025-10-17 22:53:31
11:00:48,23.61,0.0,39,91607,卖盘,001282,2025-10-17 22:53:31
11:00:51,23.61,0.0,14,33054,卖盘,001282,2025-10-17 22:53:31
11:00:54,23.61,0.0,75,178019,卖盘,001282,2025-10-17 22:53:31
11:00:57,23.61,0.0,63,148743,卖盘,001282,2025-10-17 22:53:31
11:01:00,23.61,0.0,45,106245,卖盘,001282,2025-10-17 22:53:31
11:01:03,23.61,0.0,106,250266,卖盘,001282,2025-10-17 22:53:31
11:01:06,23.61,0.0,416,982176,卖盘,001282,2025-10-17 22:53:31
11:01:09,23.61,0.0,27,63747,卖盘,001282,2025-10-17 22:53:31
11:01:12,23.61,0.0,20,47220,卖盘,001282,2025-10-17 22:53:31
11:01:15,23.61,0.0,1,2361,卖盘,001282,2025-10-17 22:53:31
11:01:18,23.61,0.0,18,42498,卖盘,001282,2025-10-17 22:53:31
11:01:21,23.61,0.0,57,134577,卖盘,001282,2025-10-17 22:53:31
11:01:24,23.61,0.0,6,14166,卖盘,001282,2025-10-17 22:53:31
11:01:27,23.61,0.0,21,49581,卖盘,001282,2025-10-17 22:53:31
11:01:30,23.61,0.0,78,184158,卖盘,001282,2025-10-17 22:53:31
11:01:33,23.61,0.0,57,134577,卖盘,001282,2025-10-17 22:53:31
11:01:36,23.61,0.0,85,200685,卖盘,001282,2025-10-17 22:53:31
11:01:39,23.61,0.0,166,391926,卖盘,001282,2025-10-17 22:53:31
11:01:42,23.61,0.0,8,18888,卖盘,001282,2025-10-17 22:53:31
11:01:45,23.61,0.0,64,151104,卖盘,001282,2025-10-17 22:53:31
11:01:48,23.61,0.0,113,266793,卖盘,001282,2025-10-17 22:53:31
11:01:51,23.61,0.0,31,73191,卖盘,001282,2025-10-17 22:53:31
11:01:54,23.61,0.0,33,77913,卖盘,001282,2025-10-17 22:53:31
11:01:57,23.61,0.0,36,84996,卖盘,001282,2025-10-17 22:53:31
11:02:00,23.61,0.0,45,106245,卖盘,001282,2025-10-17 22:53:31
11:02:03,23.61,0.0,160,377760,卖盘,001282,2025-10-17 22:53:31
11:02:06,23.61,0.0,112,264432,卖盘,001282,2025-10-17 22:53:31
11:02:09,23.61,0.0,168,396176,卖盘,001282,2025-10-17 22:53:31
11:02:12,23.61,0.0,254,599694,卖盘,001282,2025-10-17 22:53:31
11:02:15,23.61,0.0,295,696495,卖盘,001282,2025-10-17 22:53:31
11:02:18,23.61,0.0,234,553418,卖盘,001282,2025-10-17 22:53:31
11:02:21,23.61,0.0,194,458506,卖盘,001282,2025-10-17 22:53:31
11:02:24,23.61,0.0,73,171786,卖盘,001282,2025-10-17 22:53:31
11:02:27,23.61,0.0,44,103884,卖盘,001282,2025-10-17 22:53:31
11:02:30,23.61,0.0,240,566640,卖盘,001282,2025-10-17 22:53:31
11:02:33,23.61,0.0,126,297486,卖盘,001282,2025-10-17 22:53:31
11:02:36,23.61,0.0,275,649275,卖盘,001282,2025-10-17 22:53:31
11:02:39,23.61,0.0,61,144021,卖盘,001282,2025-10-17 22:53:31
11:02:42,23.61,0.0,22,51942,卖盘,001282,2025-10-17 22:53:31
11:02:45,23.61,0.0,736,1736752,卖盘,001282,2025-10-17 22:53:31
11:02:48,23.61,0.0,54,127494,卖盘,001282,2025-10-17 22:53:31
11:02:51,23.61,0.0,1730,4084530,卖盘,001282,2025-10-17 22:53:31
11:02:54,23.61,0.0,45,107189,卖盘,001282,2025-10-17 22:53:31
11:02:57,23.61,0.0,112,264432,卖盘,001282,2025-10-17 22:53:31
11:03:00,23.61,0.0,14,33054,卖盘,001282,2025-10-17 22:53:31
11:03:03,23.61,0.0,267,630387,卖盘,001282,2025-10-17 22:53:31
11:03:06,23.61,0.0,20,48259,卖盘,001282,2025-10-17 22:53:31
11:03:09,23.61,0.0,90,212490,卖盘,001282,2025-10-17 22:53:31
11:03:12,23.61,0.0,135,318263,卖盘,001282,2025-10-17 22:53:31
11:03:15,23.61,0.0,179,422619,卖盘,001282,2025-10-17 22:53:31
11:03:18,23.61,0.0,30,70830,卖盘,001282,2025-10-17 22:53:31
11:03:21,23.61,0.0,96,226656,卖盘,001282,2025-10-17 22:53:31
11:03:24,23.61,0.0,24,56664,卖盘,001282,2025-10-17 22:53:31
11:03:27,23.61,0.0,257,605833,卖盘,001282,2025-10-17 22:53:31
11:03:30,23.61,0.0,30,70830,卖盘,001282,2025-10-17 22:53:31
11:03:33,23.61,0.0,100,236100,卖盘,001282,2025-10-17 22:53:31
11:03:36,23.61,0.0,135,318735,卖盘,001282,2025-10-17 22:53:31
11:03:39,23.61,0.0,22,51942,卖盘,001282,2025-10-17 22:53:31
11:03:42,23.61,0.0,28,66108,卖盘,001282,2025-10-17 22:53:31
11:03:45,23.61,0.0,10,23610,卖盘,001282,2025-10-17 22:53:31
11:03:48,23.61,0.0,3,7083,卖盘,001282,2025-10-17 22:53:31
11:03:51,23.61,0.0,57,134577,卖盘,001282,2025-10-17 22:53:31
11:03:54,23.61,0.0,10,23610,卖盘,001282,2025-10-17 22:53:31
11:03:57,23.61,0.0,48,113328,卖盘,001282,2025-10-17 22:53:31
11:04:00,23.61,0.0,21,49581,卖盘,001282,2025-10-17 22:53:31
11:04:03,23.61,0.0,25,59025,卖盘,001282,2025-10-17 22:53:31
11:04:06,23.61,0.0,20,48164,卖盘,001282,2025-10-17 22:53:31
11:04:12,23.61,0.0,16,37776,卖盘,001282,2025-10-17 22:53:31
11:04:18,23.61,0.0,124,292764,卖盘,001282,2025-10-17 22:53:31
11:04:21,23.61,0.0,5,11805,卖盘,001282,2025-10-17 22:53:31
11:04:27,23.61,0.0,73,172353,卖盘,001282,2025-10-17 22:53:31
11:04:30,23.61,0.0,134,316374,卖盘,001282,2025-10-17 22:53:31
11:04:33,23.61,0.0,54,127494,卖盘,001282,2025-10-17 22:53:31
11:04:36,23.61,0.0,24,56664,卖盘,001282,2025-10-17 22:53:31
11:04:39,23.61,0.0,3,7083,卖盘,001282,2025-10-17 22:53:31
11:04:42,23.61,0.0,51,120411,卖盘,001282,2025-10-17 22:53:31
11:04:45,23.61,0.0,9,21249,卖盘,001282,2025-10-17 22:53:31
11:04:48,23.61,0.0,10,23610,卖盘,001282,2025-10-17 22:53:31
11:04:51,23.61,0.0,24,56664,卖盘,001282,2025-10-17 22:53:31
11:04:54,23.61,0.0,488,1151696,卖盘,001282,2025-10-17 22:53:31
11:04:57,23.61,0.0,28,66108,卖盘,001282,2025-10-17 22:53:31
11:05:00,23.61,0.0,1,2361,卖盘,001282,2025-10-17 22:53:31
11:05:03,23.61,0.0,10,23610,卖盘,001282,2025-10-17 22:53:31
11:05:06,23.61,0.0,49,115217,卖盘,001282,2025-10-17 22:53:31
11:05:09,23.61,0.0,1,2361,卖盘,001282,2025-10-17 22:53:31
11:05:12,23.61,0.0,12,28332,卖盘,001282,2025-10-17 22:53:31
11:05:15,23.61,0.0,65,153465,卖盘,001282,2025-10-17 22:53:31
11:05:18,23.61,0.0,20,47220,卖盘,001282,2025-10-17 22:53:31
11:05:24,23.61,0.0,10,23610,卖盘,001282,2025-10-17 22:53:31
11:05:27,23.61,0.0,15,35415,卖盘,001282,2025-10-17 22:53:31
11:05:30,23.61,0.0,1,2361,卖盘,001282,2025-10-17 22:53:31
11:05:33,23.61,0.0,55,129855,卖盘,001282,2025-10-17 22:53:31
11:05:36,23.61,0.0,6,14166,卖盘,001282,2025-10-17 22:53:31
11:05:42,23.61,0.0,61,144021,卖盘,001282,2025-10-17 22:53:31
11:05:45,23.61,0.0,25,59025,卖盘,001282,2025-10-17 22:53:31
11:05:48,23.61,0.0,55,129855,卖盘,001282,2025-10-17 22:53:31
11:05:51,23.61,0.0,6,14166,卖盘,001282,2025-10-17 22:53:31
11:05:54,23.61,0.0,31,73191,卖盘,001282,2025-10-17 22:53:31
11:05:57,23.61,0.0,2,4722,卖盘,001282,2025-10-17 22:53:31
11:06:00,23.61,0.0,70,164798,卖盘,001282,2025-10-17 22:53:31
11:06:03,23.61,0.0,31,73191,卖盘,001282,2025-10-17 22:53:31
11:06:09,23.61,0.0,3,7083,卖盘,001282,2025-10-17 22:53:31
11:06:12,23.61,0.0,27,63747,卖盘,001282,2025-10-17 22:53:31
11:06:15,23.61,0.0,2,4722,卖盘,001282,2025-10-17 22:53:31
11:06:21,23.61,0.0,5,11805,卖盘,001282,2025-10-17 22:53:31
11:06:27,23.61,0.0,24,56664,卖盘,001282,2025-10-17 22:53:31
11:06:30,23.61,0.0,2,4722,卖盘,001282,2025-10-17 22:53:31
11:06:33,23.61,0.0,10,23610,卖盘,001282,2025-10-17 22:53:31
11:06:36,23.61,0.0,250,590250,卖盘,001282,2025-10-17 22:53:31
11:06:39,23.61,0.0,20,47220,卖盘,001282,2025-10-17 22:53:31
11:06:42,23.61,0.0,4,9444,卖盘,001282,2025-10-17 22:53:31
11:06:45,23.61,0.0,5,11805,卖盘,001282,2025-10-17 22:53:31
11:06:48,23.61,0.0,19,44859,卖盘,001282,2025-10-17 22:53:31
11:06:51,23.61,0.0,66,155826,卖盘,001282,2025-10-17 22:53:31
11:06:54,23.61,0.0,16,36737,卖盘,001282,2025-10-17 22:53:31
11:07:03,23.61,0.0,22,51942,卖盘,001282,2025-10-17 22:53:31
11:07:09,23.61,0.0,5,11805,卖盘,001282,2025-10-17 22:53:31
11:07:12,23.61,0.0,50,118050,卖盘,001282,2025-10-17 22:53:31
11:07:15,23.61,0.0,13,30693,卖盘,001282,2025-10-17 22:53:31
11:07:21,23.61,0.0,33,77913,卖盘,001282,2025-10-17 22:53:31
11:07:24,23.61,0.0,14,33054,卖盘,001282,2025-10-17 22:53:31
11:07:27,23.61,0.0,16,37776,卖盘,001282,2025-10-17 22:53:31
11:07:30,23.61,0.0,54,127494,卖盘,001282,2025-10-17 22:53:31
11:07:33,23.61,0.0,143,337623,卖盘,001282,2025-10-17 22:53:31
11:07:36,23.61,0.0,4,9444,卖盘,001282,2025-10-17 22:53:31
11:07:39,23.61,0.0,34,80274,卖盘,001282,2025-10-17 22:53:31
11:07:45,23.61,0.0,10,23610,卖盘,001282,2025-10-17 22:53:31
11:07:48,23.61,0.0,10,23610,卖盘,001282,2025-10-17 22:53:31
11:07:51,23.61,0.0,30,70830,卖盘,001282,2025-10-17 22:53:31
11:07:57,23.61,0.0,126,297486,卖盘,001282,2025-10-17 22:53:31
11:08:00,23.61,0.0,4,9444,卖盘,001282,2025-10-17 22:53:31
11:08:03,23.61,0.0,19,44859,卖盘,001282,2025-10-17 22:53:31
11:08:06,23.61,0.0,23,54303,卖盘,001282,2025-10-17 22:53:31
11:08:09,23.61,0.0,87,205407,卖盘,001282,2025-10-17 22:53:31
11:08:12,23.61,0.0,2,4722,卖盘,001282,2025-10-17 22:53:31
11:08:15,23.61,0.0,6,14166,卖盘,001282,2025-10-17 22:53:31
11:08:18,23.61,0.0,21,49581,卖盘,001282,2025-10-17 22:53:31
11:08:21,23.61,0.0,12,28332,卖盘,001282,2025-10-17 22:53:31
11:08:24,23.61,0.0,16,37776,卖盘,001282,2025-10-17 22:53:31
11:08:27,23.61,0.0,330,779130,卖盘,001282,2025-10-17 22:53:31
11:08:30,23.61,0.0,5,11805,卖盘,001282,2025-10-17 22:53:31
11:08:33,23.61,0.0,73,172353,卖盘,001282,2025-10-17 22:53:31
