时间,成交价,价格变动,成交量,成交额,买卖盘性质,股票代码,采集时间
09:25:00,24.1,0.0,2901,6991410,卖盘,002017,2025-10-17 22:47:31
09:30:00,24.1,0.0,1188,2862731,卖盘,002017,2025-10-17 22:47:31
09:30:03,24.13,0.03,1640,3951863,买盘,002017,2025-10-17 22:47:31
09:30:06,24.1,-0.03,886,2132726,卖盘,002017,2025-10-17 22:47:31
09:30:09,24.0,-0.1,942,2260968,卖盘,002017,2025-10-17 22:47:31
09:30:12,23.98,-0.02,1532,3673463,卖盘,002017,2025-10-17 22:47:31
09:30:15,23.94,-0.04,108,258494,卖盘,002017,2025-10-17 22:47:31
09:30:18,23.94,0.0,794,1898412,买盘,002017,2025-10-17 22:47:31
09:30:21,23.82,-0.12,468,1117041,卖盘,002017,2025-10-17 22:47:31
09:30:24,23.89,0.07,120,286130,买盘,002017,2025-10-17 22:47:31
09:30:27,23.82,-0.07,245,584106,卖盘,002017,2025-10-17 22:47:31
09:30:30,23.83,0.01,288,686694,卖盘,002017,2025-10-17 22:47:31
09:30:33,23.84,0.01,432,1030445,买盘,002017,2025-10-17 22:47:31
09:30:36,23.93,0.09,901,2151450,买盘,002017,2025-10-17 22:47:31
09:30:39,23.93,0.0,88,210370,卖盘,002017,2025-10-17 22:47:31
09:30:42,23.94,0.01,149,356637,买盘,002017,2025-10-17 22:47:31
09:30:45,23.87,-0.07,198,473188,卖盘,002017,2025-10-17 22:47:31
09:30:48,23.85,-0.02,86,205416,卖盘,002017,2025-10-17 22:47:31
09:30:51,23.84,-0.01,251,598671,卖盘,002017,2025-10-17 22:47:31
09:30:54,23.83,-0.01,182,433917,卖盘,002017,2025-10-17 22:47:31
09:30:57,23.82,-0.01,86,204951,卖盘,002017,2025-10-17 22:47:31
09:31:00,23.81,-0.01,178,423970,卖盘,002017,2025-10-17 22:47:31
09:31:03,23.83,0.02,1081,2577745,买盘,002017,2025-10-17 22:47:31
09:31:06,23.92,0.09,274,655020,买盘,002017,2025-10-17 22:47:31
09:31:09,23.96,0.04,149,356758,买盘,002017,2025-10-17 22:47:31
09:31:12,23.98,0.02,190,455377,买盘,002017,2025-10-17 22:47:31
09:31:15,24.05,0.07,237,568776,买盘,002017,2025-10-17 22:47:31
09:31:18,24.05,0.0,123,295680,买盘,002017,2025-10-17 22:47:31
09:31:21,24.0,-0.05,372,893183,卖盘,002017,2025-10-17 22:47:31
09:31:24,24.0,0.0,200,479980,买盘,002017,2025-10-17 22:47:31
09:31:27,23.94,-0.06,248,594695,卖盘,002017,2025-10-17 22:47:31
09:31:30,23.97,0.03,284,680856,买盘,002017,2025-10-17 22:47:31
09:31:33,23.95,-0.02,192,460308,卖盘,002017,2025-10-17 22:47:31
09:31:36,23.95,0.0,152,364192,买盘,002017,2025-10-17 22:47:31
09:31:39,23.95,0.0,87,208430,买盘,002017,2025-10-17 22:47:31
09:31:42,23.94,-0.01,130,311302,卖盘,002017,2025-10-17 22:47:31
09:31:45,23.93,-0.01,193,462288,卖盘,002017,2025-10-17 22:47:31
09:31:48,23.96,0.03,103,246752,中性盘,002017,2025-10-17 22:47:31
09:31:51,23.96,0.0,126,301891,卖盘,002017,2025-10-17 22:47:31
09:31:54,23.95,-0.01,107,256220,中性盘,002017,2025-10-17 22:47:31
09:31:57,23.94,-0.01,194,464520,卖盘,002017,2025-10-17 22:47:31
09:32:00,23.91,-0.03,312,746490,卖盘,002017,2025-10-17 22:47:31
09:32:03,23.9,-0.01,219,523747,卖盘,002017,2025-10-17 22:47:31
09:32:06,23.9,0.0,519,1240885,卖盘,002017,2025-10-17 22:47:31
09:32:09,23.9,0.0,175,418441,卖盘,002017,2025-10-17 22:47:31
09:32:12,23.93,0.03,403,963553,中性盘,002017,2025-10-17 22:47:31
09:32:15,23.91,-0.02,519,1241821,中性盘,002017,2025-10-17 22:47:31
09:32:18,23.9,-0.01,212,506844,卖盘,002017,2025-10-17 22:47:31
09:32:21,23.91,0.01,183,438380,中性盘,002017,2025-10-17 22:47:31
09:32:24,23.91,0.0,159,380086,卖盘,002017,2025-10-17 22:47:31
09:32:27,23.9,-0.01,152,363407,卖盘,002017,2025-10-17 22:47:31
09:32:30,23.89,-0.01,200,478027,卖盘,002017,2025-10-17 22:47:31
09:32:33,23.88,-0.01,87,207843,卖盘,002017,2025-10-17 22:47:31
09:32:36,23.85,-0.03,314,749381,卖盘,002017,2025-10-17 22:47:31
09:32:39,23.85,0.0,134,319719,卖盘,002017,2025-10-17 22:47:31
09:32:42,23.84,-0.01,144,343482,卖盘,002017,2025-10-17 22:47:31
09:32:45,23.86,0.02,140,333981,买盘,002017,2025-10-17 22:47:31
09:32:48,23.87,0.01,247,589205,中性盘,002017,2025-10-17 22:47:31
09:32:51,23.89,0.02,395,943490,买盘,002017,2025-10-17 22:47:31
09:32:54,23.89,0.0,47,112253,卖盘,002017,2025-10-17 22:47:31
09:32:57,23.93,0.04,79,189183,买盘,002017,2025-10-17 22:47:31
09:33:00,23.93,0.0,44,105172,卖盘,002017,2025-10-17 22:47:31
09:33:03,23.93,0.0,97,232173,卖盘,002017,2025-10-17 22:47:31
09:33:06,23.92,-0.01,115,275192,卖盘,002017,2025-10-17 22:47:31
09:33:09,23.91,-0.01,80,191285,买盘,002017,2025-10-17 22:47:31
09:33:12,23.91,0.0,172,411149,买盘,002017,2025-10-17 22:47:31
09:33:15,23.9,-0.01,193,461358,卖盘,002017,2025-10-17 22:47:31
09:33:18,23.89,-0.01,138,329843,卖盘,002017,2025-10-17 22:47:31
09:33:21,23.89,0.0,108,257992,卖盘,002017,2025-10-17 22:47:31
09:33:24,23.87,-0.02,68,162402,卖盘,002017,2025-10-17 22:47:31
09:33:27,23.87,0.0,271,647190,卖盘,002017,2025-10-17 22:47:31
09:33:30,23.85,-0.02,151,360242,卖盘,002017,2025-10-17 22:47:31
09:33:33,23.85,0.0,152,362568,卖盘,002017,2025-10-17 22:47:31
09:33:36,23.85,0.0,63,150250,卖盘,002017,2025-10-17 22:47:31
09:33:39,23.85,0.0,291,693951,买盘,002017,2025-10-17 22:47:31
09:33:42,23.85,0.0,260,620097,卖盘,002017,2025-10-17 22:47:31
09:33:45,23.9,0.05,752,1795536,买盘,002017,2025-10-17 22:47:31
09:33:48,23.89,-0.01,99,236494,卖盘,002017,2025-10-17 22:47:31
09:33:51,23.9,0.01,173,412987,买盘,002017,2025-10-17 22:47:31
09:33:54,23.88,-0.02,24,57303,卖盘,002017,2025-10-17 22:47:31
09:33:57,23.86,-0.02,49,116917,卖盘,002017,2025-10-17 22:47:31
09:34:00,23.85,-0.01,166,395969,卖盘,002017,2025-10-17 22:47:31
09:34:03,23.85,0.0,67,159770,买盘,002017,2025-10-17 22:47:31
09:34:06,23.83,-0.02,52,123951,卖盘,002017,2025-10-17 22:47:31
09:34:09,23.82,-0.01,301,717314,卖盘,002017,2025-10-17 22:47:31
09:34:12,23.82,0.0,104,247733,卖盘,002017,2025-10-17 22:47:31
09:34:15,23.83,0.01,248,590938,买盘,002017,2025-10-17 22:47:31
09:34:18,23.82,-0.01,167,397778,卖盘,002017,2025-10-17 22:47:31
09:34:21,23.81,-0.01,40,95270,卖盘,002017,2025-10-17 22:47:31
09:34:24,23.81,0.0,225,535822,卖盘,002017,2025-10-17 22:47:31
09:34:27,23.81,0.0,389,926468,卖盘,002017,2025-10-17 22:47:31
09:34:30,23.81,0.0,237,564466,卖盘,002017,2025-10-17 22:47:31
09:34:33,23.81,0.0,151,359848,卖盘,002017,2025-10-17 22:47:31
09:34:36,23.86,0.05,431,1027386,买盘,002017,2025-10-17 22:47:31
09:34:39,23.85,-0.01,38,90646,卖盘,002017,2025-10-17 22:47:31
09:34:42,23.82,-0.03,61,145472,卖盘,002017,2025-10-17 22:47:31
09:34:45,23.86,0.04,39,93011,中性盘,002017,2025-10-17 22:47:31
09:34:48,23.85,-0.01,38,90580,买盘,002017,2025-10-17 22:47:31
09:34:51,23.85,0.0,86,204931,买盘,002017,2025-10-17 22:47:31
09:34:54,23.83,-0.02,127,302753,卖盘,002017,2025-10-17 22:47:31
09:34:57,23.85,0.02,127,302730,买盘,002017,2025-10-17 22:47:31
09:35:00,23.82,-0.03,113,269295,卖盘,002017,2025-10-17 22:47:31
09:35:03,23.83,0.01,35,83447,中性盘,002017,2025-10-17 22:47:31
09:35:06,23.83,0.0,145,345669,卖盘,002017,2025-10-17 22:47:31
09:35:09,23.83,0.0,159,378976,卖盘,002017,2025-10-17 22:47:31
09:35:12,23.85,0.02,121,288447,买盘,002017,2025-10-17 22:47:31
09:35:15,23.83,-0.02,644,1535919,卖盘,002017,2025-10-17 22:47:31
09:35:18,23.89,0.06,79,188493,买盘,002017,2025-10-17 22:47:31
09:35:21,23.86,-0.03,216,515454,中性盘,002017,2025-10-17 22:47:31
09:35:24,23.89,0.03,102,243580,买盘,002017,2025-10-17 22:47:31
09:35:27,23.88,-0.01,292,697820,卖盘,002017,2025-10-17 22:47:31
09:35:30,23.89,0.01,43,102720,中性盘,002017,2025-10-17 22:47:31
09:35:33,23.92,0.03,274,655443,卖盘,002017,2025-10-17 22:47:31
09:35:36,23.94,0.02,42,100549,中性盘,002017,2025-10-17 22:47:31
09:35:39,23.94,0.0,16,38338,中性盘,002017,2025-10-17 22:47:31
09:35:42,23.94,0.0,39,93482,卖盘,002017,2025-10-17 22:47:31
09:35:45,23.97,0.03,105,251455,买盘,002017,2025-10-17 22:47:31
09:35:48,23.97,0.0,106,254234,买盘,002017,2025-10-17 22:47:31
09:35:51,24.02,0.05,498,1195556,买盘,002017,2025-10-17 22:47:31
09:35:54,24.05,0.03,50,120030,买盘,002017,2025-10-17 22:47:31
09:35:57,24.04,-0.01,87,209193,中性盘,002017,2025-10-17 22:47:31
09:36:00,24.04,0.0,185,444539,买盘,002017,2025-10-17 22:47:31
09:36:03,24.14,0.1,1059,2551822,买盘,002017,2025-10-17 22:47:31
09:36:06,24.15,0.01,608,1467780,买盘,002017,2025-10-17 22:47:31
09:36:09,24.15,0.0,374,903351,买盘,002017,2025-10-17 22:47:31
09:36:12,24.15,0.0,247,596873,中性盘,002017,2025-10-17 22:47:31
09:36:15,24.14,-0.01,207,499925,卖盘,002017,2025-10-17 22:47:31
09:36:18,24.15,0.01,288,695643,买盘,002017,2025-10-17 22:47:31
09:36:21,24.12,-0.03,507,1224117,卖盘,002017,2025-10-17 22:47:31
09:36:24,24.11,-0.01,260,627298,中性盘,002017,2025-10-17 22:47:31
09:36:27,24.09,-0.02,547,1319860,中性盘,002017,2025-10-17 22:47:31
09:36:30,24.09,0.0,335,807444,卖盘,002017,2025-10-17 22:47:31
09:36:33,24.1,0.01,210,506097,买盘,002017,2025-10-17 22:47:31
09:36:36,24.1,0.0,151,363916,买盘,002017,2025-10-17 22:47:31
09:36:39,24.14,0.04,160,385731,买盘,002017,2025-10-17 22:47:31
09:36:42,24.13,-0.01,133,320869,中性盘,002017,2025-10-17 22:47:31
09:36:45,24.14,0.01,87,210000,买盘,002017,2025-10-17 22:47:31
09:36:48,24.14,0.0,172,415001,买盘,002017,2025-10-17 22:47:31
09:36:51,24.14,0.0,620,1495955,中性盘,002017,2025-10-17 22:47:31
09:36:54,24.1,-0.04,240,579260,卖盘,002017,2025-10-17 22:47:31
09:36:57,24.13,0.03,359,865877,中性盘,002017,2025-10-17 22:47:31
09:37:00,24.1,-0.03,328,790634,中性盘,002017,2025-10-17 22:47:31
09:37:03,24.07,-0.03,504,1214901,卖盘,002017,2025-10-17 22:47:31
09:37:06,24.13,0.06,325,783609,买盘,002017,2025-10-17 22:47:31
09:37:09,24.25,0.12,2183,5283489,买盘,002017,2025-10-17 22:47:31
09:37:12,24.26,0.01,895,2173304,买盘,002017,2025-10-17 22:47:31
09:37:15,24.33,0.07,99,240521,买盘,002017,2025-10-17 22:47:31
09:37:18,24.55,0.22,3356,8206404,买盘,002017,2025-10-17 22:47:31
09:37:21,24.66,0.11,2862,7035357,买盘,002017,2025-10-17 22:47:31
09:37:24,24.59,-0.07,1091,2689078,卖盘,002017,2025-10-17 22:47:31
09:37:27,24.55,-0.04,1432,3519784,卖盘,002017,2025-10-17 22:47:31
09:37:30,24.59,0.04,1290,3170734,买盘,002017,2025-10-17 22:47:31
09:37:33,24.59,0.0,1154,2835529,买盘,002017,2025-10-17 22:47:31
09:37:36,24.7,0.11,1594,3931514,买盘,002017,2025-10-17 22:47:31
09:37:39,24.7,0.0,1052,2597595,卖盘,002017,2025-10-17 22:47:31
09:37:42,24.86,0.16,2161,5358464,买盘,002017,2025-10-17 22:47:31
09:37:45,24.9,0.04,1540,3831500,买盘,002017,2025-10-17 22:47:31
09:37:48,25.05,0.15,4352,10880660,买盘,002017,2025-10-17 22:47:31
09:37:51,25.1,0.05,1657,4154316,买盘,002017,2025-10-17 22:47:31
09:37:54,25.15,0.05,1985,4990651,买盘,002017,2025-10-17 22:47:31
09:37:57,25.19,0.04,2329,5852784,中性盘,002017,2025-10-17 22:47:31
09:38:00,25.16,-0.03,1996,5029896,卖盘,002017,2025-10-17 22:47:31
09:38:03,25.1,-0.06,2125,5344592,卖盘,002017,2025-10-17 22:47:31
09:38:06,25.1,0.0,1224,3072529,卖盘,002017,2025-10-17 22:47:31
09:38:09,25.09,-0.01,1538,3858608,卖盘,002017,2025-10-17 22:47:31
09:38:12,25.04,-0.05,818,2048790,卖盘,002017,2025-10-17 22:47:31
09:38:15,25.0,-0.04,1028,2571880,卖盘,002017,2025-10-17 22:47:31
09:38:18,24.97,-0.03,530,1323679,卖盘,002017,2025-10-17 22:47:31
09:38:21,24.92,-0.05,330,823416,卖盘,002017,2025-10-17 22:47:31
09:38:24,24.89,-0.03,562,1399855,卖盘,002017,2025-10-17 22:47:31
09:38:27,24.89,0.0,306,761095,卖盘,002017,2025-10-17 22:47:31
09:38:30,24.82,-0.07,289,717809,卖盘,002017,2025-10-17 22:47:31
09:38:33,24.8,-0.02,688,1708074,卖盘,002017,2025-10-17 22:47:31
09:38:36,24.78,-0.02,762,1891176,卖盘,002017,2025-10-17 22:47:31
09:38:39,24.78,0.0,788,1953782,卖盘,002017,2025-10-17 22:47:31
09:38:42,24.78,0.0,938,2324863,卖盘,002017,2025-10-17 22:47:31
09:38:45,24.78,0.0,430,1065293,买盘,002017,2025-10-17 22:47:31
09:38:48,24.78,0.0,983,2435176,买盘,002017,2025-10-17 22:47:31
09:38:51,24.78,0.0,1475,3656380,买盘,002017,2025-10-17 22:47:31
09:38:54,24.89,0.11,608,1508539,买盘,002017,2025-10-17 22:47:31
09:38:57,24.84,-0.05,899,2232502,中性盘,002017,2025-10-17 22:47:31
09:39:00,24.85,0.01,622,1546850,中性盘,002017,2025-10-17 22:47:31
09:39:03,24.8,-0.05,1230,3054310,卖盘,002017,2025-10-17 22:47:31
09:39:06,24.8,0.0,1422,3523875,买盘,002017,2025-10-17 22:47:31
09:39:09,24.79,-0.01,682,1691029,中性盘,002017,2025-10-17 22:47:31
09:39:12,24.78,-0.01,404,1001475,卖盘,002017,2025-10-17 22:47:31
09:39:15,24.99,0.21,3888,9690221,买盘,002017,2025-10-17 22:47:31
09:39:18,25.0,0.01,638,1593777,买盘,002017,2025-10-17 22:47:31
09:39:21,24.97,-0.03,645,1612149,卖盘,002017,2025-10-17 22:47:31
09:39:24,25.0,0.03,1017,2542328,买盘,002017,2025-10-17 22:47:31
09:39:27,24.98,-0.02,957,2390802,中性盘,002017,2025-10-17 22:47:31
09:39:30,25.0,0.02,1435,3586551,买盘,002017,2025-10-17 22:47:31
09:39:33,25.0,0.0,1158,2896304,买盘,002017,2025-10-17 22:47:31
09:39:36,25.01,0.01,1599,4005795,中性盘,002017,2025-10-17 22:47:31
09:39:39,25.27,0.26,7268,18297627,买盘,002017,2025-10-17 22:47:31
09:39:42,25.36,0.09,4594,11630770,买盘,002017,2025-10-17 22:47:31
09:39:45,25.45,0.09,741,1883056,买盘,002017,2025-10-17 22:47:31
09:39:48,25.5,0.05,1517,3864051,买盘,002017,2025-10-17 22:47:31
09:39:51,25.41,-0.09,3691,9389671,卖盘,002017,2025-10-17 22:47:31
09:39:54,25.43,0.02,2961,7529211,买盘,002017,2025-10-17 22:47:31
09:39:57,25.32,-0.11,1758,4461013,卖盘,002017,2025-10-17 22:47:31
09:40:00,25.32,0.0,1362,3452757,卖盘,002017,2025-10-17 22:47:31
09:40:03,25.32,0.0,947,2397567,卖盘,002017,2025-10-17 22:47:31
09:40:06,25.27,-0.05,1315,3326559,卖盘,002017,2025-10-17 22:47:31
09:40:09,25.29,0.02,4019,10184048,买盘,002017,2025-10-17 22:47:31
09:40:12,25.29,0.0,1952,4936272,卖盘,002017,2025-10-17 22:47:31
09:40:15,25.29,0.0,1232,3114352,卖盘,002017,2025-10-17 22:47:31
09:40:18,25.33,0.04,3725,9452093,买盘,002017,2025-10-17 22:47:31
09:40:21,25.3,-0.03,1168,2957638,卖盘,002017,2025-10-17 22:47:31
09:40:24,25.29,-0.01,2449,6188974,卖盘,002017,2025-10-17 22:47:31
09:40:27,25.27,-0.02,1460,3678618,中性盘,002017,2025-10-17 22:47:31
09:40:30,25.19,-0.08,1794,4523533,卖盘,002017,2025-10-17 22:47:31
09:40:33,25.16,-0.03,592,1489089,卖盘,002017,2025-10-17 22:47:31
09:40:36,25.05,-0.11,409,1026098,卖盘,002017,2025-10-17 22:47:31
09:40:39,25.01,-0.04,724,1810855,卖盘,002017,2025-10-17 22:47:31
09:40:42,25.01,0.0,871,2180459,买盘,002017,2025-10-17 22:47:31
09:40:45,25.01,0.0,581,1454373,卖盘,002017,2025-10-17 22:47:31
09:40:48,25.03,0.02,564,1413344,中性盘,002017,2025-10-17 22:47:31
09:40:51,25.04,0.01,1773,4448556,中性盘,002017,2025-10-17 22:47:31
09:40:54,25.05,0.01,570,1428409,中性盘,002017,2025-10-17 22:47:31
09:40:57,25.08,0.03,505,1265743,买盘,002017,2025-10-17 22:47:31
09:41:00,25.08,0.0,575,1441942,买盘,002017,2025-10-17 22:47:31
09:41:03,25.1,0.02,321,806122,卖盘,002017,2025-10-17 22:47:31
09:41:06,25.13,0.03,810,2034877,中性盘,002017,2025-10-17 22:47:31
09:41:09,25.14,0.01,902,2265077,买盘,002017,2025-10-17 22:47:31
09:41:12,25.18,0.04,685,1722458,买盘,002017,2025-10-17 22:47:31
09:41:15,25.15,-0.03,898,2259081,卖盘,002017,2025-10-17 22:47:31
09:41:18,25.18,0.03,669,1683606,买盘,002017,2025-10-17 22:47:31
09:41:21,25.15,-0.03,1014,2550458,卖盘,002017,2025-10-17 22:47:31
09:41:24,25.14,-0.01,787,1978523,中性盘,002017,2025-10-17 22:47:31
09:41:27,25.18,0.04,856,2152803,买盘,002017,2025-10-17 22:47:31
09:41:30,25.16,-0.02,455,1144220,中性盘,002017,2025-10-17 22:47:31
09:41:33,25.15,-0.01,511,1285013,卖盘,002017,2025-10-17 22:47:31
09:41:36,25.14,-0.01,515,1295098,中性盘,002017,2025-10-17 22:47:31
09:41:39,25.1,-0.04,530,1331335,卖盘,002017,2025-10-17 22:47:31
09:41:42,25.1,0.0,522,1311313,卖盘,002017,2025-10-17 22:47:31
09:41:45,25.13,0.03,914,2294874,买盘,002017,2025-10-17 22:47:31
09:41:48,25.1,-0.03,496,1244727,中性盘,002017,2025-10-17 22:47:31
09:41:51,25.1,0.0,646,1619953,买盘,002017,2025-10-17 22:47:31
09:41:54,25.06,-0.04,446,1118887,中性盘,002017,2025-10-17 22:47:31
09:41:57,25.1,0.04,476,1193571,买盘,002017,2025-10-17 22:47:31
09:42:00,25.09,-0.01,375,940154,买盘,002017,2025-10-17 22:47:31
09:42:03,25.06,-0.03,867,2174365,卖盘,002017,2025-10-17 22:47:31
09:42:06,25.03,-0.03,935,2341185,卖盘,002017,2025-10-17 22:47:31
09:42:09,25.0,-0.03,523,1307955,卖盘,002017,2025-10-17 22:47:31
09:42:12,25.0,0.0,588,1469862,卖盘,002017,2025-10-17 22:47:31
09:42:15,24.98,-0.02,265,662116,中性盘,002017,2025-10-17 22:47:31
09:42:18,24.95,-0.03,188,469298,卖盘,002017,2025-10-17 22:47:31
09:42:21,24.93,-0.02,90,224514,卖盘,002017,2025-10-17 22:47:31
09:42:24,24.89,-0.04,259,645204,卖盘,002017,2025-10-17 22:47:31
09:42:27,24.88,-0.01,407,1014321,卖盘,002017,2025-10-17 22:47:31
09:42:30,24.88,0.0,570,1418600,卖盘,002017,2025-10-17 22:47:31
09:42:33,24.95,0.07,877,2186987,买盘,002017,2025-10-17 22:47:31
09:42:36,24.97,0.02,850,2122256,买盘,002017,2025-10-17 22:47:31
09:42:39,24.98,0.01,416,1039784,卖盘,002017,2025-10-17 22:47:31
09:42:42,25.0,0.02,650,1625043,买盘,002017,2025-10-17 22:47:31
09:42:45,25.03,0.03,193,482671,买盘,002017,2025-10-17 22:47:31
09:42:48,25.04,0.01,365,913615,买盘,002017,2025-10-17 22:47:31
09:42:51,25.06,0.02,685,1714889,买盘,002017,2025-10-17 22:47:31
09:42:54,25.0,-0.06,359,898017,卖盘,002017,2025-10-17 22:47:31
09:42:57,25.01,0.01,360,900253,中性盘,002017,2025-10-17 22:47:31
09:43:00,25.0,-0.01,516,1290241,卖盘,002017,2025-10-17 22:47:31
09:43:03,24.96,-0.04,465,1161875,卖盘,002017,2025-10-17 22:47:31
09:43:06,24.95,-0.01,291,727084,卖盘,002017,2025-10-17 22:47:31
09:43:09,24.96,0.01,262,654317,中性盘,002017,2025-10-17 22:47:31
09:43:12,25.03,0.07,1178,2947554,买盘,002017,2025-10-17 22:47:31
09:43:15,25.13,0.1,1276,3201646,买盘,002017,2025-10-17 22:47:31
09:43:18,25.15,0.02,533,1339526,买盘,002017,2025-10-17 22:47:31
09:43:21,25.25,0.1,2445,6157378,买盘,002017,2025-10-17 22:47:31
09:43:24,25.48,0.23,9229,23461081,买盘,002017,2025-10-17 22:47:31
09:43:27,25.49,0.01,2516,6415221,中性盘,002017,2025-10-17 22:47:31
09:43:30,25.48,-0.01,2620,6673491,中性盘,002017,2025-10-17 22:47:31
09:43:33,25.47,-0.01,1028,2617453,中性盘,002017,2025-10-17 22:47:31
09:43:36,25.39,-0.08,805,2047947,中性盘,002017,2025-10-17 22:47:31
09:43:39,25.45,0.06,3060,7794785,买盘,002017,2025-10-17 22:47:31
09:43:42,25.47,0.02,4438,11314024,买盘,002017,2025-10-17 22:47:31
09:43:45,25.6,0.13,7132,18240581,买盘,002017,2025-10-17 22:47:31
09:43:48,25.75,0.15,2752,7070251,买盘,002017,2025-10-17 22:47:31
09:43:51,25.78,0.03,1149,2961086,买盘,002017,2025-10-17 22:47:31
09:43:54,25.8,0.02,2171,5599703,买盘,002017,2025-10-17 22:47:31
09:43:57,25.83,0.03,1930,4985288,买盘,002017,2025-10-17 22:47:31
09:44:00,25.86,0.03,1366,3528764,买盘,002017,2025-10-17 22:47:31
09:44:03,25.86,0.0,1548,4001298,买盘,002017,2025-10-17 22:47:31
09:44:06,25.86,0.0,2254,5828610,卖盘,002017,2025-10-17 22:47:31
09:44:09,25.85,-0.01,2190,5659075,中性盘,002017,2025-10-17 22:47:31
09:44:12,25.78,-0.07,2193,5665458,卖盘,002017,2025-10-17 22:47:31
09:44:15,25.79,0.01,3007,7760261,中性盘,002017,2025-10-17 22:47:31
09:44:18,25.8,0.01,2278,5878489,卖盘,002017,2025-10-17 22:47:31
09:44:21,25.81,0.01,5492,14195486,卖盘,002017,2025-10-17 22:47:31
09:44:24,25.87,0.06,5455,14112444,买盘,002017,2025-10-17 22:47:31
09:44:27,25.84,-0.03,1863,4821180,卖盘,002017,2025-10-17 22:47:31
09:44:30,25.9,0.06,3273,8488418,买盘,002017,2025-10-17 22:47:31
09:44:33,25.94,0.04,1787,4630245,买盘,002017,2025-10-17 22:47:31
09:44:36,25.94,0.0,1054,2736252,卖盘,002017,2025-10-17 22:47:31
09:44:39,25.94,0.0,2396,6209467,卖盘,002017,2025-10-17 22:47:31
09:44:42,25.94,0.0,886,2297377,买盘,002017,2025-10-17 22:47:31
09:44:45,25.87,-0.07,623,1614285,卖盘,002017,2025-10-17 22:47:31
09:44:48,25.92,0.05,1698,4395475,中性盘,002017,2025-10-17 22:47:31
09:44:51,25.91,-0.01,745,1928615,买盘,002017,2025-10-17 22:47:31
09:44:54,25.91,0.0,899,2328774,买盘,002017,2025-10-17 22:47:31
09:44:57,25.88,-0.03,712,1842717,卖盘,002017,2025-10-17 22:47:31
09:45:00,25.87,-0.01,2740,7099415,中性盘,002017,2025-10-17 22:47:31
09:45:03,25.87,0.0,738,1908780,卖盘,002017,2025-10-17 22:47:31
09:45:06,25.85,-0.02,1003,2593734,卖盘,002017,2025-10-17 22:47:31
09:45:09,25.85,0.0,739,1910690,卖盘,002017,2025-10-17 22:47:31
09:45:12,25.84,-0.01,3428,8865438,卖盘,002017,2025-10-17 22:47:31
09:45:15,25.84,0.0,1650,4264305,卖盘,002017,2025-10-17 22:47:31
09:45:18,25.85,0.01,1390,3591823,买盘,002017,2025-10-17 22:47:31
09:45:21,25.86,0.01,1591,4110567,买盘,002017,2025-10-17 22:47:31
09:45:24,25.87,0.01,1763,4557912,买盘,002017,2025-10-17 22:47:31
09:45:27,25.95,0.08,9056,23514953,买盘,002017,2025-10-17 22:47:31
09:45:30,26.36,0.41,53968,142060979,买盘,002017,2025-10-17 22:47:31
09:45:33,26.36,0.0,1804,4755344,卖盘,002017,2025-10-17 22:47:31
09:45:36,26.36,0.0,1524,4017264,卖盘,002017,2025-10-17 22:47:31
09:45:39,26.36,0.0,3404,8972944,卖盘,002017,2025-10-17 22:47:31
09:45:42,26.36,0.0,2810,7407160,卖盘,002017,2025-10-17 22:47:31
09:45:45,26.36,0.0,2512,6621632,卖盘,002017,2025-10-17 22:47:31
09:45:48,26.36,0.0,2641,6961676,卖盘,002017,2025-10-17 22:47:31
09:45:51,26.36,0.0,2180,5746480,卖盘,002017,2025-10-17 22:47:31
09:45:54,26.36,0.0,2790,7354440,卖盘,002017,2025-10-17 22:47:31
09:45:57,26.36,0.0,3038,8008194,卖盘,002017,2025-10-17 22:47:31
09:46:00,26.36,0.0,2565,6762131,卖盘,002017,2025-10-17 22:47:31
09:46:03,26.36,0.0,1848,4871328,卖盘,002017,2025-10-17 22:47:31
09:46:06,26.36,0.0,2272,5988992,卖盘,002017,2025-10-17 22:47:31
09:46:09,26.36,0.0,1481,3903916,卖盘,002017,2025-10-17 22:47:31
09:46:12,26.36,0.0,726,1913736,卖盘,002017,2025-10-17 22:47:31
09:46:15,26.36,0.0,1477,3893636,卖盘,002017,2025-10-17 22:47:31
09:46:18,26.36,0.0,1806,4760616,卖盘,002017,2025-10-17 22:47:31
09:46:21,26.36,0.0,961,2533196,卖盘,002017,2025-10-17 22:47:31
09:46:24,26.36,0.0,1565,4125340,卖盘,002017,2025-10-17 22:47:31
09:46:27,26.36,0.0,1277,3366172,卖盘,002017,2025-10-17 22:47:31
09:46:30,26.36,0.0,1129,2976044,卖盘,002017,2025-10-17 22:47:31
09:46:33,26.36,0.0,624,1644864,卖盘,002017,2025-10-17 22:47:31
09:46:36,26.36,0.0,820,2161520,卖盘,002017,2025-10-17 22:47:31
09:46:39,26.36,0.0,732,1929552,卖盘,002017,2025-10-17 22:47:31
09:46:42,26.36,0.0,527,1389172,卖盘,002017,2025-10-17 22:47:31
09:46:45,26.36,0.0,885,2332860,卖盘,002017,2025-10-17 22:47:31
09:46:48,26.36,0.0,652,1718672,卖盘,002017,2025-10-17 22:47:31
09:46:51,26.36,0.0,596,1571056,卖盘,002017,2025-10-17 22:47:31
09:46:54,26.36,0.0,1095,2886420,卖盘,002017,2025-10-17 22:47:31
09:46:57,26.36,0.0,738,1945368,卖盘,002017,2025-10-17 22:47:31
09:47:00,26.36,0.0,642,1692312,卖盘,002017,2025-10-17 22:47:31
09:47:03,26.36,0.0,1136,2994496,卖盘,002017,2025-10-17 22:47:31
09:47:06,26.36,0.0,890,2346040,卖盘,002017,2025-10-17 22:47:31
09:47:09,26.36,0.0,566,1491976,卖盘,002017,2025-10-17 22:47:31
09:47:12,26.36,0.0,1399,3687764,卖盘,002017,2025-10-17 22:47:31
09:47:15,26.36,0.0,629,1658044,卖盘,002017,2025-10-17 22:47:31
09:47:18,26.36,0.0,869,2290684,卖盘,002017,2025-10-17 22:47:31
09:47:21,26.36,0.0,845,2227420,卖盘,002017,2025-10-17 22:47:31
09:47:24,26.36,0.0,594,1565784,卖盘,002017,2025-10-17 22:47:31
09:47:27,26.36,0.0,523,1378628,卖盘,002017,2025-10-17 22:47:31
09:47:30,26.36,0.0,604,1592144,卖盘,002017,2025-10-17 22:47:31
09:47:33,26.36,0.0,1836,4839696,卖盘,002017,2025-10-17 22:47:31
09:47:36,26.36,0.0,430,1133480,卖盘,002017,2025-10-17 22:47:31
09:47:39,26.36,0.0,621,1636956,卖盘,002017,2025-10-17 22:47:31
09:47:42,26.36,0.0,1109,2922533,卖盘,002017,2025-10-17 22:47:31
09:47:45,26.36,0.0,374,985864,卖盘,002017,2025-10-17 22:47:31
09:47:48,26.36,0.0,410,1080760,卖盘,002017,2025-10-17 22:47:31
09:47:51,26.36,0.0,418,1101848,卖盘,002017,2025-10-17 22:47:31
09:47:54,26.36,0.0,347,914692,卖盘,002017,2025-10-17 22:47:31
09:47:57,26.36,0.0,574,1513064,卖盘,002017,2025-10-17 22:47:31
09:48:00,26.36,0.0,589,1552604,卖盘,002017,2025-10-17 22:47:31
09:48:03,26.36,0.0,552,1455072,卖盘,002017,2025-10-17 22:47:31
09:48:06,26.36,0.0,749,1975155,卖盘,002017,2025-10-17 22:47:31
09:48:09,26.36,0.0,909,2396124,卖盘,002017,2025-10-17 22:47:31
09:48:12,26.36,0.0,424,1117664,卖盘,002017,2025-10-17 22:47:31
09:48:15,26.36,0.0,276,727536,卖盘,002017,2025-10-17 22:47:31
09:48:18,26.36,0.0,287,756532,卖盘,002017,2025-10-17 22:47:31
09:48:21,26.36,0.0,578,1523608,卖盘,002017,2025-10-17 22:47:31
09:48:24,26.36,0.0,185,487660,卖盘,002017,2025-10-17 22:47:31
09:48:27,26.36,0.0,333,877788,卖盘,002017,2025-10-17 22:47:31
09:48:30,26.36,0.0,309,814524,卖盘,002017,2025-10-17 22:47:31
09:48:33,26.36,0.0,412,1086032,卖盘,002017,2025-10-17 22:47:31
09:48:36,26.36,0.0,180,474480,卖盘,002017,2025-10-17 22:47:31
09:48:39,26.36,0.0,289,761804,卖盘,002017,2025-10-17 22:47:31
09:48:42,26.36,0.0,434,1144024,卖盘,002017,2025-10-17 22:47:31
09:48:45,26.36,0.0,270,711720,卖盘,002017,2025-10-17 22:47:31
09:48:48,26.36,0.0,632,1665952,卖盘,002017,2025-10-17 22:47:31
09:48:51,26.36,0.0,862,2272232,卖盘,002017,2025-10-17 22:47:31
09:48:54,26.36,0.0,228,601008,卖盘,002017,2025-10-17 22:47:31
09:48:57,26.36,0.0,299,788164,卖盘,002017,2025-10-17 22:47:31
09:49:00,26.36,0.0,266,701176,卖盘,002017,2025-10-17 22:47:31
09:49:03,26.36,0.0,111,292596,卖盘,002017,2025-10-17 22:47:31
09:49:06,26.36,0.0,169,445484,卖盘,002017,2025-10-17 22:47:31
09:49:09,26.36,0.0,309,814524,卖盘,002017,2025-10-17 22:47:31
09:49:12,26.36,0.0,266,701176,卖盘,002017,2025-10-17 22:47:31
09:49:15,26.36,0.0,177,466572,卖盘,002017,2025-10-17 22:47:31
09:49:18,26.36,0.0,389,1025404,卖盘,002017,2025-10-17 22:47:31
09:49:21,26.36,0.0,235,619460,卖盘,002017,2025-10-17 22:47:31
09:49:24,26.36,0.0,276,727536,卖盘,002017,2025-10-17 22:47:31
09:49:27,26.36,0.0,305,803980,卖盘,002017,2025-10-17 22:47:31
09:49:30,26.36,0.0,224,590464,卖盘,002017,2025-10-17 22:47:31
09:49:33,26.36,0.0,129,340044,卖盘,002017,2025-10-17 22:47:31
09:49:36,26.36,0.0,550,1449800,卖盘,002017,2025-10-17 22:47:31
09:49:39,26.36,0.0,164,432304,卖盘,002017,2025-10-17 22:47:31
09:49:42,26.36,0.0,788,2077168,卖盘,002017,2025-10-17 22:47:31
09:49:45,26.36,0.0,310,817160,卖盘,002017,2025-10-17 22:47:31
09:49:48,26.36,0.0,249,656364,卖盘,002017,2025-10-17 22:47:31
09:49:51,26.36,0.0,588,1549968,卖盘,002017,2025-10-17 22:47:31
09:49:54,26.36,0.0,465,1225740,卖盘,002017,2025-10-17 22:47:31
09:49:57,26.36,0.0,120,316320,卖盘,002017,2025-10-17 22:47:31
09:50:00,26.36,0.0,437,1151932,卖盘,002017,2025-10-17 22:47:31
09:50:03,26.36,0.0,427,1125572,卖盘,002017,2025-10-17 22:47:31
09:50:06,26.36,0.0,79,208244,卖盘,002017,2025-10-17 22:47:31
09:50:09,26.36,0.0,327,861972,卖盘,002017,2025-10-17 22:47:31
09:50:12,26.36,0.0,208,548288,卖盘,002017,2025-10-17 22:47:31
09:50:15,26.36,0.0,202,532472,卖盘,002017,2025-10-17 22:47:31
09:50:18,26.36,0.0,99,260964,卖盘,002017,2025-10-17 22:47:31
09:50:21,26.36,0.0,1356,3574416,卖盘,002017,2025-10-17 22:47:31
09:50:24,26.36,0.0,231,608916,卖盘,002017,2025-10-17 22:47:31
09:50:27,26.36,0.0,553,1457972,卖盘,002017,2025-10-17 22:47:31
09:50:30,26.36,0.0,145,382220,卖盘,002017,2025-10-17 22:47:31
09:50:33,26.36,0.0,153,403308,卖盘,002017,2025-10-17 22:47:31
09:50:36,26.36,0.0,249,656364,卖盘,002017,2025-10-17 22:47:31
09:50:39,26.36,0.0,182,479752,卖盘,002017,2025-10-17 22:47:31
09:50:42,26.36,0.0,212,558832,卖盘,002017,2025-10-17 22:47:31
09:50:45,26.36,0.0,174,458664,卖盘,002017,2025-10-17 22:47:31
09:50:48,26.36,0.0,323,851428,卖盘,002017,2025-10-17 22:47:31
09:50:51,26.36,0.0,494,1302184,卖盘,002017,2025-10-17 22:47:31
09:50:54,26.36,0.0,164,432304,卖盘,002017,2025-10-17 22:47:31
09:50:57,26.36,0.0,311,819796,卖盘,002017,2025-10-17 22:47:31
09:51:00,26.36,0.0,199,524564,卖盘,002017,2025-10-17 22:47:31
09:51:03,26.36,0.0,175,461300,卖盘,002017,2025-10-17 22:47:31
09:51:06,26.36,0.0,426,1122936,卖盘,002017,2025-10-17 22:47:31
09:51:09,26.36,0.0,207,545652,卖盘,002017,2025-10-17 22:47:31
09:51:12,26.36,0.0,223,587828,卖盘,002017,2025-10-17 22:47:31
09:51:15,26.36,0.0,172,453392,卖盘,002017,2025-10-17 22:47:31
09:51:18,26.36,0.0,133,350588,卖盘,002017,2025-10-17 22:47:31
09:51:21,26.36,0.0,114,300504,卖盘,002017,2025-10-17 22:47:31
09:51:24,26.36,0.0,230,606280,卖盘,002017,2025-10-17 22:47:31
09:51:27,26.36,0.0,114,300504,卖盘,002017,2025-10-17 22:47:31
09:51:30,26.36,0.0,167,440212,卖盘,002017,2025-10-17 22:47:31
09:51:33,26.36,0.0,128,337408,卖盘,002017,2025-10-17 22:47:31
09:51:36,26.36,0.0,193,508748,卖盘,002017,2025-10-17 22:47:31
09:51:39,26.36,0.0,257,677452,卖盘,002017,2025-10-17 22:47:31
09:51:42,26.36,0.0,177,467679,卖盘,002017,2025-10-17 22:47:31
09:51:45,26.36,0.0,104,274144,卖盘,002017,2025-10-17 22:47:31
09:51:48,26.36,0.0,75,197700,卖盘,002017,2025-10-17 22:47:31
09:51:51,26.36,0.0,247,651092,卖盘,002017,2025-10-17 22:47:31
09:51:54,26.36,0.0,57,150252,卖盘,002017,2025-10-17 22:47:31
09:51:57,26.36,0.0,249,656364,卖盘,002017,2025-10-17 22:47:31
09:52:00,26.36,0.0,146,384856,卖盘,002017,2025-10-17 22:47:31
09:52:03,26.36,0.0,130,342680,卖盘,002017,2025-10-17 22:47:31
09:52:06,26.36,0.0,205,540380,卖盘,002017,2025-10-17 22:47:31
09:52:09,26.36,0.0,141,371676,卖盘,002017,2025-10-17 22:47:31
09:52:12,26.36,0.0,181,477116,卖盘,002017,2025-10-17 22:47:31
09:52:15,26.36,0.0,358,943688,卖盘,002017,2025-10-17 22:47:31
09:52:18,26.36,0.0,179,471844,卖盘,002017,2025-10-17 22:47:31
09:52:21,26.36,0.0,147,387492,卖盘,002017,2025-10-17 22:47:31
09:52:24,26.36,0.0,301,793436,卖盘,002017,2025-10-17 22:47:31
09:52:27,26.36,0.0,172,453392,卖盘,002017,2025-10-17 22:47:31
09:52:30,26.36,0.0,174,458664,卖盘,002017,2025-10-17 22:47:31
09:52:33,26.36,0.0,199,524564,卖盘,002017,2025-10-17 22:47:31
09:52:36,26.36,0.0,201,529836,卖盘,002017,2025-10-17 22:47:31
09:52:39,26.36,0.0,245,645820,卖盘,002017,2025-10-17 22:47:31
09:52:42,26.36,0.0,2057,5422252,卖盘,002017,2025-10-17 22:47:31
09:52:45,26.36,0.0,90,237240,卖盘,002017,2025-10-17 22:47:31
09:52:48,26.36,0.0,215,566740,卖盘,002017,2025-10-17 22:47:31
09:52:51,26.36,0.0,196,516656,卖盘,002017,2025-10-17 22:47:31
09:52:54,26.36,0.0,193,508748,卖盘,002017,2025-10-17 22:47:31
09:52:57,26.36,0.0,137,359999,卖盘,002017,2025-10-17 22:47:31
09:53:00,26.36,0.0,178,469208,卖盘,002017,2025-10-17 22:47:31
09:53:03,26.36,0.0,89,234604,卖盘,002017,2025-10-17 22:47:31
09:53:06,26.36,0.0,127,334772,卖盘,002017,2025-10-17 22:47:31
09:53:09,26.36,0.0,173,456028,卖盘,002017,2025-10-17 22:47:31
09:53:12,26.36,0.0,215,566740,卖盘,002017,2025-10-17 22:47:31
09:53:15,26.36,0.0,159,419124,卖盘,002017,2025-10-17 22:47:31
09:53:18,26.36,0.0,443,1167748,卖盘,002017,2025-10-17 22:47:31
09:53:21,26.36,0.0,160,421760,卖盘,002017,2025-10-17 22:47:31
09:53:24,26.36,0.0,82,216152,卖盘,002017,2025-10-17 22:47:31
09:53:27,26.36,0.0,153,403308,卖盘,002017,2025-10-17 22:47:31
09:53:30,26.36,0.0,167,441345,卖盘,002017,2025-10-17 22:47:31
09:53:33,26.36,0.0,274,722264,卖盘,002017,2025-10-17 22:47:31
09:53:36,26.36,0.0,47,123892,卖盘,002017,2025-10-17 22:47:31
09:53:39,26.36,0.0,143,376948,卖盘,002017,2025-10-17 22:47:31
09:53:42,26.36,0.0,145,382220,卖盘,002017,2025-10-17 22:47:31
09:53:45,26.36,0.0,298,785528,卖盘,002017,2025-10-17 22:47:31
09:53:48,26.36,0.0,65,171340,卖盘,002017,2025-10-17 22:47:31
09:53:51,26.36,0.0,91,239876,卖盘,002017,2025-10-17 22:47:31
09:53:54,26.36,0.0,243,640548,卖盘,002017,2025-10-17 22:47:31
09:53:57,26.36,0.0,42,110712,卖盘,002017,2025-10-17 22:47:31
09:54:00,26.36,0.0,63,166068,卖盘,002017,2025-10-17 22:47:31
09:54:03,26.36,0.0,102,268872,卖盘,002017,2025-10-17 22:47:31
09:54:06,26.36,0.0,55,144980,卖盘,002017,2025-10-17 22:47:31
09:54:09,26.36,0.0,60,158160,卖盘,002017,2025-10-17 22:47:31
09:54:12,26.36,0.0,112,295232,卖盘,002017,2025-10-17 22:47:31
09:54:15,26.36,0.0,91,239876,卖盘,002017,2025-10-17 22:47:31
09:54:18,26.36,0.0,49,129164,卖盘,002017,2025-10-17 22:47:31
09:54:21,26.36,0.0,107,282052,卖盘,002017,2025-10-17 22:47:31
09:54:24,26.36,0.0,97,255692,卖盘,002017,2025-10-17 22:47:31
09:54:27,26.36,0.0,88,231968,卖盘,002017,2025-10-17 22:47:31
09:54:30,26.36,0.0,174,458664,卖盘,002017,2025-10-17 22:47:31
09:54:33,26.36,0.0,88,231968,卖盘,002017,2025-10-17 22:47:31
09:54:36,26.36,0.0,112,295232,卖盘,002017,2025-10-17 22:47:31
09:54:39,26.36,0.0,72,189792,卖盘,002017,2025-10-17 22:47:31
09:54:42,26.36,0.0,100,263600,卖盘,002017,2025-10-17 22:47:31
09:54:45,26.36,0.0,130,342680,卖盘,002017,2025-10-17 22:47:31
09:54:48,26.36,0.0,34,89624,卖盘,002017,2025-10-17 22:47:31
09:54:51,26.36,0.0,66,173976,卖盘,002017,2025-10-17 22:47:31
09:54:54,26.36,0.0,88,231968,卖盘,002017,2025-10-17 22:47:31
09:54:57,26.36,0.0,330,869880,卖盘,002017,2025-10-17 22:47:31
09:55:00,26.36,0.0,105,276780,卖盘,002017,2025-10-17 22:47:31
09:55:03,26.36,0.0,260,685360,卖盘,002017,2025-10-17 22:47:31
09:55:06,26.36,0.0,223,587828,卖盘,002017,2025-10-17 22:47:31
09:55:09,26.36,0.0,237,624732,卖盘,002017,2025-10-17 22:47:31
09:55:12,26.36,0.0,115,303140,卖盘,002017,2025-10-17 22:47:31
09:55:15,26.36,0.0,85,224060,卖盘,002017,2025-10-17 22:47:31
09:55:18,26.36,0.0,183,482388,卖盘,002017,2025-10-17 22:47:31
09:55:21,26.36,0.0,113,297868,卖盘,002017,2025-10-17 22:47:31
09:55:24,26.36,0.0,362,954232,卖盘,002017,2025-10-17 22:47:31
09:55:27,26.36,0.0,88,231968,卖盘,002017,2025-10-17 22:47:31
09:55:30,26.36,0.0,103,271508,卖盘,002017,2025-10-17 22:47:31
09:55:33,26.36,0.0,96,253056,卖盘,002017,2025-10-17 22:47:31
09:55:36,26.36,0.0,118,311048,卖盘,002017,2025-10-17 22:47:31
09:55:39,26.36,0.0,164,432304,卖盘,002017,2025-10-17 22:47:31
09:55:42,26.36,0.0,117,308412,卖盘,002017,2025-10-17 22:47:31
09:55:45,26.36,0.0,60,158160,卖盘,002017,2025-10-17 22:47:31
09:55:48,26.36,0.0,365,962140,卖盘,002017,2025-10-17 22:47:31
09:55:51,26.36,0.0,66,173976,卖盘,002017,2025-10-17 22:47:31
09:55:54,26.36,0.0,371,977956,卖盘,002017,2025-10-17 22:47:31
09:55:57,26.36,0.0,118,311048,卖盘,002017,2025-10-17 22:47:31
09:56:00,26.36,0.0,79,208244,卖盘,002017,2025-10-17 22:47:31
09:56:03,26.36,0.0,36,94896,卖盘,002017,2025-10-17 22:47:31
09:56:06,26.36,0.0,70,184520,卖盘,002017,2025-10-17 22:47:31
09:56:09,26.36,0.0,93,245148,卖盘,002017,2025-10-17 22:47:31
09:56:12,26.36,0.0,56,147616,卖盘,002017,2025-10-17 22:47:31
09:56:15,26.36,0.0,61,160796,卖盘,002017,2025-10-17 22:47:31
09:56:18,26.36,0.0,307,809252,卖盘,002017,2025-10-17 22:47:31
09:56:21,26.36,0.0,287,756532,卖盘,002017,2025-10-17 22:47:31
09:56:24,26.36,0.0,88,231968,卖盘,002017,2025-10-17 22:47:31
09:56:27,26.36,0.0,174,458664,卖盘,002017,2025-10-17 22:47:31
09:56:30,26.36,0.0,275,724900,卖盘,002017,2025-10-17 22:47:31
09:56:33,26.36,0.0,178,469208,卖盘,002017,2025-10-17 22:47:31
09:56:36,26.36,0.0,27,71172,卖盘,002017,2025-10-17 22:47:31
09:56:39,26.36,0.0,40,105440,卖盘,002017,2025-10-17 22:47:31
09:56:42,26.36,0.0,81,213516,卖盘,002017,2025-10-17 22:47:31
09:56:45,26.36,0.0,99,260964,卖盘,002017,2025-10-17 22:47:31
09:56:48,26.36,0.0,163,429668,卖盘,002017,2025-10-17 22:47:31
09:56:51,26.36,0.0,111,292596,卖盘,002017,2025-10-17 22:47:31
09:56:54,26.36,0.0,33,86988,卖盘,002017,2025-10-17 22:47:31
09:56:57,26.36,0.0,192,506112,卖盘,002017,2025-10-17 22:47:31
09:57:00,26.36,0.0,188,495568,卖盘,002017,2025-10-17 22:47:31
09:57:03,26.36,0.0,78,205608,卖盘,002017,2025-10-17 22:47:31
09:57:06,26.36,0.0,61,160796,卖盘,002017,2025-10-17 22:47:31
09:57:09,26.36,0.0,13,34268,卖盘,002017,2025-10-17 22:47:31
09:57:12,26.36,0.0,118,311048,卖盘,002017,2025-10-17 22:47:31
09:57:15,26.36,0.0,146,384856,卖盘,002017,2025-10-17 22:47:31
09:57:18,26.36,0.0,348,917328,卖盘,002017,2025-10-17 22:47:31
09:57:21,26.36,0.0,83,218788,卖盘,002017,2025-10-17 22:47:31
09:57:24,26.36,0.0,118,311048,卖盘,002017,2025-10-17 22:47:31
09:57:27,26.36,0.0,113,297868,卖盘,002017,2025-10-17 22:47:31
09:57:30,26.36,0.0,352,927872,卖盘,002017,2025-10-17 22:47:31
09:57:33,26.36,0.0,185,487660,卖盘,002017,2025-10-17 22:47:31
09:57:36,26.36,0.0,69,181884,卖盘,002017,2025-10-17 22:47:31
09:57:39,26.36,0.0,141,371676,卖盘,002017,2025-10-17 22:47:31
09:57:42,26.36,0.0,65,171340,卖盘,002017,2025-10-17 22:47:31
09:57:45,26.36,0.0,104,274144,卖盘,002017,2025-10-17 22:47:31
09:57:48,26.36,0.0,38,100168,卖盘,002017,2025-10-17 22:47:31
09:57:51,26.36,0.0,98,258328,卖盘,002017,2025-10-17 22:47:31
09:57:54,26.36,0.0,331,872516,卖盘,002017,2025-10-17 22:47:31
09:57:57,26.36,0.0,64,168704,卖盘,002017,2025-10-17 22:47:31
09:58:00,26.36,0.0,158,416488,卖盘,002017,2025-10-17 22:47:31
09:58:03,26.36,0.0,46,121256,卖盘,002017,2025-10-17 22:47:31
09:58:06,26.36,0.0,69,181884,卖盘,002017,2025-10-17 22:47:31
09:58:09,26.36,0.0,88,231968,卖盘,002017,2025-10-17 22:47:31
09:58:12,26.36,0.0,52,137072,卖盘,002017,2025-10-17 22:47:31
09:58:15,26.36,0.0,335,883798,卖盘,002017,2025-10-17 22:47:31
09:58:18,26.36,0.0,115,303140,卖盘,002017,2025-10-17 22:47:31
09:58:21,26.36,0.0,61,160796,卖盘,002017,2025-10-17 22:47:31
09:58:24,26.36,0.0,65,171340,卖盘,002017,2025-10-17 22:47:31
09:58:27,26.36,0.0,113,297868,卖盘,002017,2025-10-17 22:47:31
09:58:30,26.36,0.0,58,152888,卖盘,002017,2025-10-17 22:47:31
09:58:33,26.36,0.0,226,595736,卖盘,002017,2025-10-17 22:47:31
09:58:36,26.36,0.0,29,76444,卖盘,002017,2025-10-17 22:47:31
09:58:39,26.36,0.0,107,282052,卖盘,002017,2025-10-17 22:47:31
09:58:42,26.36,0.0,51,134436,卖盘,002017,2025-10-17 22:47:31
09:58:45,26.36,0.0,12,31632,卖盘,002017,2025-10-17 22:47:31
09:58:48,26.36,0.0,62,163432,卖盘,002017,2025-10-17 22:47:31
09:58:51,26.36,0.0,60,158160,卖盘,002017,2025-10-17 22:47:31
09:58:54,26.36,0.0,39,102804,卖盘,002017,2025-10-17 22:47:31
09:58:57,26.36,0.0,118,311048,卖盘,002017,2025-10-17 22:47:31
09:59:00,26.36,0.0,36,94896,卖盘,002017,2025-10-17 22:47:31
09:59:03,26.36,0.0,178,469208,卖盘,002017,2025-10-17 22:47:31
09:59:06,26.36,0.0,200,527200,卖盘,002017,2025-10-17 22:47:31
09:59:09,26.36,0.0,60,158160,卖盘,002017,2025-10-17 22:47:31
09:59:12,26.36,0.0,113,297868,卖盘,002017,2025-10-17 22:47:31
09:59:15,26.36,0.0,147,387492,卖盘,002017,2025-10-17 22:47:31
09:59:18,26.36,0.0,31,81716,卖盘,002017,2025-10-17 22:47:31
09:59:21,26.36,0.0,151,398036,卖盘,002017,2025-10-17 22:47:31
09:59:24,26.36,0.0,141,371676,卖盘,002017,2025-10-17 22:47:31
09:59:27,26.36,0.0,263,693268,卖盘,002017,2025-10-17 22:47:31
09:59:30,26.36,0.0,335,883060,卖盘,002017,2025-10-17 22:47:31
09:59:33,26.36,0.0,86,226696,卖盘,002017,2025-10-17 22:47:31
09:59:36,26.36,0.0,92,242512,卖盘,002017,2025-10-17 22:47:31
09:59:39,26.36,0.0,39,102804,卖盘,002017,2025-10-17 22:47:31
09:59:42,26.36,0.0,85,224060,卖盘,002017,2025-10-17 22:47:31
09:59:45,26.36,0.0,46,121256,卖盘,002017,2025-10-17 22:47:31
09:59:48,26.36,0.0,140,369040,卖盘,002017,2025-10-17 22:47:31
09:59:51,26.36,0.0,354,933144,卖盘,002017,2025-10-17 22:47:31
09:59:54,26.36,0.0,109,287324,卖盘,002017,2025-10-17 22:47:31
09:59:57,26.36,0.0,239,630004,卖盘,002017,2025-10-17 22:47:31
10:00:00,26.36,0.0,132,347952,卖盘,002017,2025-10-17 22:47:31
10:00:03,26.36,0.0,1816,4786976,卖盘,002017,2025-10-17 22:47:31
10:00:06,26.36,0.0,237,624732,卖盘,002017,2025-10-17 22:47:31
10:00:09,26.36,0.0,149,392764,卖盘,002017,2025-10-17 22:47:31
10:00:12,26.36,0.0,169,445484,卖盘,002017,2025-10-17 22:47:31
10:00:15,26.36,0.0,25,65900,卖盘,002017,2025-10-17 22:47:31
10:00:18,26.36,0.0,65,171340,卖盘,002017,2025-10-17 22:47:31
10:00:21,26.36,0.0,373,983228,卖盘,002017,2025-10-17 22:47:31
10:00:24,26.36,0.0,100,263600,卖盘,002017,2025-10-17 22:47:31
10:00:27,26.36,0.0,22,57992,卖盘,002017,2025-10-17 22:47:31
10:00:30,26.36,0.0,27,71172,卖盘,002017,2025-10-17 22:47:31
10:00:33,26.36,0.0,167,440212,卖盘,002017,2025-10-17 22:47:31
10:00:36,26.36,0.0,61,160796,卖盘,002017,2025-10-17 22:47:31
10:00:39,26.36,0.0,150,395400,卖盘,002017,2025-10-17 22:47:31
10:00:42,26.36,0.0,43,113348,卖盘,002017,2025-10-17 22:47:31
10:00:45,26.36,0.0,24,63264,卖盘,002017,2025-10-17 22:47:31
10:00:48,26.36,0.0,142,374312,卖盘,002017,2025-10-17 22:47:31
10:00:51,26.36,0.0,217,572012,卖盘,002017,2025-10-17 22:47:31
10:00:54,26.36,0.0,37,97532,卖盘,002017,2025-10-17 22:47:31
10:00:57,26.36,0.0,95,250420,卖盘,002017,2025-10-17 22:47:31
10:01:00,26.36,0.0,1961,5169196,卖盘,002017,2025-10-17 22:47:31
10:01:03,26.36,0.0,76,200336,卖盘,002017,2025-10-17 22:47:31
10:01:06,26.36,0.0,85,224060,卖盘,002017,2025-10-17 22:47:31
10:01:09,26.36,0.0,127,334772,卖盘,002017,2025-10-17 22:47:31
10:01:12,26.36,0.0,101,266236,卖盘,002017,2025-10-17 22:47:31
10:01:15,26.36,0.0,73,192428,卖盘,002017,2025-10-17 22:47:31
10:01:18,26.36,0.0,28,73808,卖盘,002017,2025-10-17 22:47:31
10:01:21,26.36,0.0,166,437576,卖盘,002017,2025-10-17 22:47:31
10:01:24,26.36,0.0,38,100168,卖盘,002017,2025-10-17 22:47:31
10:01:27,26.36,0.0,24,63264,卖盘,002017,2025-10-17 22:47:31
10:01:30,26.36,0.0,98,258328,卖盘,002017,2025-10-17 22:47:31
10:01:33,26.36,0.0,81,213516,卖盘,002017,2025-10-17 22:47:31
10:01:36,26.36,0.0,43,113348,卖盘,002017,2025-10-17 22:47:31
10:01:39,26.36,0.0,249,656364,卖盘,002017,2025-10-17 22:47:31
10:01:42,26.36,0.0,39,102804,卖盘,002017,2025-10-17 22:47:31
10:01:45,26.36,0.0,145,382220,卖盘,002017,2025-10-17 22:47:31
10:01:48,26.36,0.0,27,71172,卖盘,002017,2025-10-17 22:47:31
10:01:51,26.36,0.0,254,669280,卖盘,002017,2025-10-17 22:47:31
10:01:54,26.36,0.0,142,374312,卖盘,002017,2025-10-17 22:47:31
10:01:57,26.36,0.0,998,2630728,卖盘,002017,2025-10-17 22:47:31
10:02:00,26.36,0.0,21,55356,卖盘,002017,2025-10-17 22:47:31
10:02:03,26.36,0.0,74,195064,卖盘,002017,2025-10-17 22:47:31
10:02:06,26.36,0.0,151,398036,卖盘,002017,2025-10-17 22:47:31
10:02:09,26.36,0.0,54,142344,卖盘,002017,2025-10-17 22:47:31
10:02:12,26.36,0.0,89,234604,卖盘,002017,2025-10-17 22:47:31
10:02:15,26.36,0.0,158,416488,卖盘,002017,2025-10-17 22:47:31
10:02:18,26.36,0.0,53,139708,卖盘,002017,2025-10-17 22:47:31
10:02:21,26.36,0.0,63,166068,卖盘,002017,2025-10-17 22:47:31
10:02:24,26.36,0.0,88,231968,卖盘,002017,2025-10-17 22:47:31
10:02:27,26.36,0.0,635,1673860,卖盘,002017,2025-10-17 22:47:31
10:02:30,26.36,0.0,86,226696,卖盘,002017,2025-10-17 22:47:31
10:02:33,26.36,0.0,91,239876,卖盘,002017,2025-10-17 22:47:31
10:02:36,26.36,0.0,66,173976,卖盘,002017,2025-10-17 22:47:31
10:02:39,26.36,0.0,95,250420,卖盘,002017,2025-10-17 22:47:31
10:02:42,26.36,0.0,62,163432,卖盘,002017,2025-10-17 22:47:31
10:02:45,26.36,0.0,71,187156,卖盘,002017,2025-10-17 22:47:31
10:02:48,26.36,0.0,93,245148,卖盘,002017,2025-10-17 22:47:31
10:02:51,26.36,0.0,23,60628,卖盘,002017,2025-10-17 22:47:31
10:02:54,26.36,0.0,59,155524,卖盘,002017,2025-10-17 22:47:31
10:02:57,26.36,0.0,89,234604,卖盘,002017,2025-10-17 22:47:31
10:03:00,26.36,0.0,245,645820,卖盘,002017,2025-10-17 22:47:31
10:03:03,26.36,0.0,58,152888,卖盘,002017,2025-10-17 22:47:31
10:03:06,26.36,0.0,55,144980,卖盘,002017,2025-10-17 22:47:31
10:03:09,26.36,0.0,28,73808,卖盘,002017,2025-10-17 22:47:31
10:03:12,26.36,0.0,24,63264,卖盘,002017,2025-10-17 22:47:31
10:03:15,26.36,0.0,14,36904,卖盘,002017,2025-10-17 22:47:31
10:03:18,26.36,0.0,186,490296,卖盘,002017,2025-10-17 22:47:31
10:03:21,26.36,0.0,68,179248,卖盘,002017,2025-10-17 22:47:31
10:03:24,26.36,0.0,124,326864,卖盘,002017,2025-10-17 22:47:31
10:03:27,26.36,0.0,100,263600,卖盘,002017,2025-10-17 22:47:31
10:03:30,26.36,0.0,39,102804,卖盘,002017,2025-10-17 22:47:31
10:03:33,26.36,0.0,31,81716,卖盘,002017,2025-10-17 22:47:31
10:03:36,26.36,0.0,4,10544,卖盘,002017,2025-10-17 22:47:31
10:03:39,26.36,0.0,152,400672,卖盘,002017,2025-10-17 22:47:31
10:03:42,26.36,0.0,50,131800,卖盘,002017,2025-10-17 22:47:31
10:03:45,26.36,0.0,26,68536,卖盘,002017,2025-10-17 22:47:31
10:03:48,26.36,0.0,73,192428,卖盘,002017,2025-10-17 22:47:31
10:03:51,26.36,0.0,40,105440,卖盘,002017,2025-10-17 22:47:31
10:03:54,26.36,0.0,79,208244,卖盘,002017,2025-10-17 22:47:31
10:03:57,26.36,0.0,14,36904,卖盘,002017,2025-10-17 22:47:31
10:04:00,26.36,0.0,50,131800,卖盘,002017,2025-10-17 22:47:31
10:04:03,26.36,0.0,32,84352,卖盘,002017,2025-10-17 22:47:31
10:04:06,26.36,0.0,79,208244,卖盘,002017,2025-10-17 22:47:31
10:04:09,26.36,0.0,78,205608,卖盘,002017,2025-10-17 22:47:31
10:04:12,26.36,0.0,25,65900,卖盘,002017,2025-10-17 22:47:31
10:04:15,26.36,0.0,7,18452,卖盘,002017,2025-10-17 22:47:31
10:04:18,26.36,0.0,199,524564,卖盘,002017,2025-10-17 22:47:31
10:04:21,26.36,0.0,31,81716,卖盘,002017,2025-10-17 22:47:31
10:04:24,26.36,0.0,20,52720,卖盘,002017,2025-10-17 22:47:31
10:04:27,26.36,0.0,43,113348,卖盘,002017,2025-10-17 22:47:31
10:04:30,26.36,0.0,75,197700,卖盘,002017,2025-10-17 22:47:31
10:04:33,26.36,0.0,73,192428,卖盘,002017,2025-10-17 22:47:31
10:04:36,26.36,0.0,45,118620,卖盘,002017,2025-10-17 22:47:31
10:04:39,26.36,0.0,44,115984,卖盘,002017,2025-10-17 22:47:31
10:04:42,26.36,0.0,33,86988,卖盘,002017,2025-10-17 22:47:31
10:04:45,26.36,0.0,42,110712,卖盘,002017,2025-10-17 22:47:31
10:04:48,26.36,0.0,34,89624,卖盘,002017,2025-10-17 22:47:31
10:04:51,26.36,0.0,37,97532,卖盘,002017,2025-10-17 22:47:31
10:04:54,26.36,0.0,33,86988,卖盘,002017,2025-10-17 22:47:31
10:04:57,26.36,0.0,67,176612,卖盘,002017,2025-10-17 22:47:31
10:05:00,26.36,0.0,16,42176,卖盘,002017,2025-10-17 22:47:31
10:05:03,26.36,0.0,51,134436,卖盘,002017,2025-10-17 22:47:31
10:05:06,26.36,0.0,48,126528,卖盘,002017,2025-10-17 22:47:31
10:05:09,26.36,0.0,97,255692,卖盘,002017,2025-10-17 22:47:31
10:05:12,26.36,0.0,46,121256,卖盘,002017,2025-10-17 22:47:31
10:05:15,26.36,0.0,52,137072,卖盘,002017,2025-10-17 22:47:31
10:05:18,26.36,0.0,64,168704,卖盘,002017,2025-10-17 22:47:31
10:05:21,26.36,0.0,28,73808,卖盘,002017,2025-10-17 22:47:31
10:05:24,26.36,0.0,31,81716,卖盘,002017,2025-10-17 22:47:31
10:05:27,26.36,0.0,33,86988,卖盘,002017,2025-10-17 22:47:31
10:05:30,26.36,0.0,218,574648,卖盘,002017,2025-10-17 22:47:31
10:05:33,26.36,0.0,71,187156,卖盘,002017,2025-10-17 22:47:31
10:05:36,26.36,0.0,1,2636,卖盘,002017,2025-10-17 22:47:31
10:05:39,26.36,0.0,41,108076,卖盘,002017,2025-10-17 22:47:31
10:05:42,26.36,0.0,79,208244,卖盘,002017,2025-10-17 22:47:31
10:05:45,26.36,0.0,241,635276,卖盘,002017,2025-10-17 22:47:31
10:05:48,26.36,0.0,96,253056,卖盘,002017,2025-10-17 22:47:31
10:05:51,26.36,0.0,35,92260,卖盘,002017,2025-10-17 22:47:31
10:05:54,26.36,0.0,95,250420,卖盘,002017,2025-10-17 22:47:31
10:05:57,26.36,0.0,60,158160,卖盘,002017,2025-10-17 22:47:31
10:06:00,26.36,0.0,106,279416,卖盘,002017,2025-10-17 22:47:31
10:06:03,26.36,0.0,57,150252,卖盘,002017,2025-10-17 22:47:31
10:06:06,26.36,0.0,97,255692,卖盘,002017,2025-10-17 22:47:31
10:06:09,26.36,0.0,207,545652,卖盘,002017,2025-10-17 22:47:31
10:06:12,26.36,0.0,102,268872,卖盘,002017,2025-10-17 22:47:31
10:06:15,26.36,0.0,175,461300,卖盘,002017,2025-10-17 22:47:31
10:06:18,26.36,0.0,30,79080,卖盘,002017,2025-10-17 22:47:31
10:06:21,26.36,0.0,37,97532,卖盘,002017,2025-10-17 22:47:31
10:06:24,26.36,0.0,76,200336,卖盘,002017,2025-10-17 22:47:31
10:06:27,26.36,0.0,118,311048,卖盘,002017,2025-10-17 22:47:31
10:06:30,26.36,0.0,62,163432,卖盘,002017,2025-10-17 22:47:31
10:06:33,26.36,0.0,46,121256,卖盘,002017,2025-10-17 22:47:31
10:06:36,26.36,0.0,127,334772,卖盘,002017,2025-10-17 22:47:31
10:06:39,26.36,0.0,231,608916,卖盘,002017,2025-10-17 22:47:31
10:06:42,26.36,0.0,45,118620,卖盘,002017,2025-10-17 22:47:31
10:06:45,26.36,0.0,23,60628,卖盘,002017,2025-10-17 22:47:31
10:06:48,26.36,0.0,20,52720,卖盘,002017,2025-10-17 22:47:31
10:06:51,26.36,0.0,151,398036,卖盘,002017,2025-10-17 22:47:31
10:06:54,26.36,0.0,58,152888,卖盘,002017,2025-10-17 22:47:31
10:06:57,26.36,0.0,43,113348,卖盘,002017,2025-10-17 22:47:31
10:07:00,26.36,0.0,42,110712,卖盘,002017,2025-10-17 22:47:31
10:07:03,26.36,0.0,27,71172,卖盘,002017,2025-10-17 22:47:31
10:07:06,26.36,0.0,150,395400,卖盘,002017,2025-10-17 22:47:31
10:07:09,26.36,0.0,75,197700,卖盘,002017,2025-10-17 22:47:31
10:07:12,26.36,0.0,78,205608,卖盘,002017,2025-10-17 22:47:31
10:07:15,26.36,0.0,105,276780,卖盘,002017,2025-10-17 22:47:31
10:07:18,26.36,0.0,52,137072,卖盘,002017,2025-10-17 22:47:31
10:07:21,26.36,0.0,28,73808,卖盘,002017,2025-10-17 22:47:31
10:07:24,26.36,0.0,54,142344,卖盘,002017,2025-10-17 22:47:31
10:07:27,26.36,0.0,25,65900,卖盘,002017,2025-10-17 22:47:31
10:07:30,26.36,0.0,8,21088,卖盘,002017,2025-10-17 22:47:31
10:07:33,26.36,0.0,55,144980,卖盘,002017,2025-10-17 22:47:31
10:07:36,26.36,0.0,100,263600,卖盘,002017,2025-10-17 22:47:31
10:07:39,26.36,0.0,139,366404,卖盘,002017,2025-10-17 22:47:31
10:07:42,26.36,0.0,74,195064,卖盘,002017,2025-10-17 22:47:31
10:07:45,26.36,0.0,103,271508,卖盘,002017,2025-10-17 22:47:31
10:07:48,26.36,0.0,43,113348,卖盘,002017,2025-10-17 22:47:31
10:07:51,26.36,0.0,39,102804,卖盘,002017,2025-10-17 22:47:31
10:07:54,26.36,0.0,21,55356,卖盘,002017,2025-10-17 22:47:31
10:07:57,26.36,0.0,281,740716,卖盘,002017,2025-10-17 22:47:31
10:08:00,26.36,0.0,32,84352,卖盘,002017,2025-10-17 22:47:31
10:08:03,26.36,0.0,40,105440,卖盘,002017,2025-10-17 22:47:31
10:08:06,26.36,0.0,47,123892,卖盘,002017,2025-10-17 22:47:31
10:08:09,26.36,0.0,5,13180,卖盘,002017,2025-10-17 22:47:31
10:08:12,26.36,0.0,49,129164,卖盘,002017,2025-10-17 22:47:31
10:08:15,26.36,0.0,1027,2707172,卖盘,002017,2025-10-17 22:47:31
10:08:18,26.36,0.0,9,23724,卖盘,002017,2025-10-17 22:47:31
10:08:21,26.36,0.0,43,113348,卖盘,002017,2025-10-17 22:47:31
10:08:24,26.36,0.0,68,179248,卖盘,002017,2025-10-17 22:47:31
10:08:27,26.36,0.0,19,50084,卖盘,002017,2025-10-17 22:47:31
10:08:30,26.36,0.0,20,52720,卖盘,002017,2025-10-17 22:47:31
10:08:33,26.36,0.0,17,44812,卖盘,002017,2025-10-17 22:47:31
10:08:36,26.36,0.0,51,134436,卖盘,002017,2025-10-17 22:47:31
10:08:39,26.36,0.0,995,2622820,卖盘,002017,2025-10-17 22:47:31
10:08:42,26.36,0.0,88,231968,卖盘,002017,2025-10-17 22:47:31
10:08:45,26.36,0.0,34,89624,卖盘,002017,2025-10-17 22:47:31
10:08:48,26.36,0.0,178,469208,卖盘,002017,2025-10-17 22:47:31
10:08:51,26.36,0.0,44,115984,卖盘,002017,2025-10-17 22:47:31
10:08:54,26.36,0.0,147,387492,卖盘,002017,2025-10-17 22:47:31
10:08:57,26.36,0.0,15,39540,卖盘,002017,2025-10-17 22:47:31
10:09:00,26.36,0.0,161,424396,卖盘,002017,2025-10-17 22:47:31
10:09:03,26.36,0.0,267,703812,卖盘,002017,2025-10-17 22:47:31
10:09:06,26.36,0.0,12,31632,卖盘,002017,2025-10-17 22:47:31
10:09:09,26.36,0.0,26,68536,卖盘,002017,2025-10-17 22:47:31
10:09:12,26.36,0.0,11,28996,卖盘,002017,2025-10-17 22:47:31
10:09:15,26.36,0.0,53,139708,卖盘,002017,2025-10-17 22:47:31
10:09:18,26.36,0.0,112,295232,卖盘,002017,2025-10-17 22:47:31
10:09:21,26.36,0.0,132,347952,卖盘,002017,2025-10-17 22:47:31
10:09:24,26.36,0.0,52,137072,卖盘,002017,2025-10-17 22:47:31
10:09:27,26.36,0.0,112,295232,卖盘,002017,2025-10-17 22:47:31
10:09:30,26.36,0.0,39,102804,卖盘,002017,2025-10-17 22:47:31
10:09:33,26.36,0.0,36,94896,卖盘,002017,2025-10-17 22:47:31
10:09:36,26.36,0.0,42,110712,卖盘,002017,2025-10-17 22:47:31
10:09:39,26.36,0.0,50,131800,卖盘,002017,2025-10-17 22:47:31
10:09:42,26.36,0.0,106,279416,卖盘,002017,2025-10-17 22:47:31
10:09:48,26.36,0.0,22,57992,卖盘,002017,2025-10-17 22:47:31
10:09:51,26.36,0.0,62,163432,卖盘,002017,2025-10-17 22:47:31
10:09:54,26.36,0.0,65,171340,卖盘,002017,2025-10-17 22:47:31
10:09:57,26.36,0.0,19,50084,卖盘,002017,2025-10-17 22:47:31
10:10:00,26.36,0.0,34,89624,卖盘,002017,2025-10-17 22:47:31
10:10:03,26.36,0.0,15,39540,卖盘,002017,2025-10-17 22:47:31
10:10:06,26.36,0.0,158,416488,卖盘,002017,2025-10-17 22:47:31
10:10:09,26.36,0.0,68,179248,卖盘,002017,2025-10-17 22:47:31
10:10:12,26.36,0.0,6,15816,卖盘,002017,2025-10-17 22:47:31
10:10:15,26.36,0.0,27,71172,卖盘,002017,2025-10-17 22:47:31
10:10:18,26.36,0.0,25,65900,卖盘,002017,2025-10-17 22:47:31
10:10:21,26.36,0.0,10,26360,卖盘,002017,2025-10-17 22:47:31
10:10:24,26.36,0.0,25,65900,卖盘,002017,2025-10-17 22:47:31
10:10:27,26.36,0.0,14,36904,卖盘,002017,2025-10-17 22:47:31
10:10:30,26.36,0.0,13,34268,卖盘,002017,2025-10-17 22:47:31
10:10:33,26.36,0.0,23,60628,卖盘,002017,2025-10-17 22:47:31
10:10:36,26.36,0.0,13,34268,卖盘,002017,2025-10-17 22:47:31
10:10:39,26.36,0.0,57,150252,卖盘,002017,2025-10-17 22:47:31
10:10:42,26.36,0.0,50,131800,卖盘,002017,2025-10-17 22:47:31
10:10:45,26.36,0.0,94,247784,卖盘,002017,2025-10-17 22:47:31
10:10:48,26.36,0.0,6,15816,卖盘,002017,2025-10-17 22:47:31
10:10:51,26.36,0.0,35,92260,卖盘,002017,2025-10-17 22:47:31
10:10:54,26.36,0.0,114,300504,卖盘,002017,2025-10-17 22:47:31
10:10:57,26.36,0.0,107,282052,卖盘,002017,2025-10-17 22:47:31
10:11:00,26.36,0.0,30,79080,卖盘,002017,2025-10-17 22:47:31
10:11:03,26.36,0.0,342,901512,卖盘,002017,2025-10-17 22:47:31
10:11:06,26.36,0.0,6,15816,卖盘,002017,2025-10-17 22:47:31
10:11:09,26.36,0.0,21,55356,卖盘,002017,2025-10-17 22:47:31
10:11:12,26.36,0.0,25,65900,卖盘,002017,2025-10-17 22:47:31
10:11:15,26.36,0.0,77,202972,卖盘,002017,2025-10-17 22:47:31
10:11:18,26.36,0.0,21,55356,卖盘,002017,2025-10-17 22:47:31
10:11:21,26.36,0.0,233,614188,卖盘,002017,2025-10-17 22:47:31
10:11:24,26.36,0.0,100,263600,卖盘,002017,2025-10-17 22:47:31
10:11:27,26.36,0.0,60,158160,卖盘,002017,2025-10-17 22:47:31
10:11:30,26.36,0.0,38,100168,卖盘,002017,2025-10-17 22:47:31
10:11:33,26.36,0.0,15,39540,卖盘,002017,2025-10-17 22:47:31
10:11:36,26.36,0.0,73,192428,卖盘,002017,2025-10-17 22:47:31
10:11:39,26.36,0.0,66,173976,卖盘,002017,2025-10-17 22:47:31
10:11:42,26.36,0.0,16,42176,卖盘,002017,2025-10-17 22:47:31
10:11:45,26.36,0.0,3,7908,卖盘,002017,2025-10-17 22:47:31
10:11:48,26.36,0.0,169,445484,卖盘,002017,2025-10-17 22:47:31
10:11:51,26.36,0.0,17,44812,卖盘,002017,2025-10-17 22:47:31
10:11:54,26.36,0.0,107,282052,卖盘,002017,2025-10-17 22:47:31
10:11:57,26.36,0.0,60,158160,卖盘,002017,2025-10-17 22:47:31
10:12:00,26.36,0.0,26,68536,卖盘,002017,2025-10-17 22:47:31
10:12:03,26.36,0.0,71,187156,卖盘,002017,2025-10-17 22:47:31
10:12:06,26.36,0.0,9,23724,卖盘,002017,2025-10-17 22:47:31
10:12:09,26.36,0.0,133,350588,卖盘,002017,2025-10-17 22:47:31
10:12:12,26.36,0.0,20,52720,卖盘,002017,2025-10-17 22:47:31
10:12:15,26.36,0.0,14,36904,卖盘,002017,2025-10-17 22:47:31
10:12:18,26.36,0.0,37,97532,卖盘,002017,2025-10-17 22:47:31
10:12:21,26.36,0.0,50,131800,卖盘,002017,2025-10-17 22:47:31
10:12:24,26.36,0.0,40,105440,卖盘,002017,2025-10-17 22:47:31
10:12:27,26.36,0.0,42,110712,卖盘,002017,2025-10-17 22:47:31
10:12:30,26.36,0.0,16,42176,卖盘,002017,2025-10-17 22:47:31
10:12:33,26.36,0.0,45,118620,卖盘,002017,2025-10-17 22:47:31
10:12:36,26.36,0.0,40,105440,卖盘,002017,2025-10-17 22:47:31
10:12:39,26.36,0.0,107,282052,卖盘,002017,2025-10-17 22:47:31
10:12:42,26.36,0.0,128,337408,卖盘,002017,2025-10-17 22:47:31
10:12:45,26.36,0.0,59,155524,卖盘,002017,2025-10-17 22:47:31
10:12:48,26.36,0.0,86,226696,卖盘,002017,2025-10-17 22:47:31
10:12:51,26.36,0.0,66,173976,卖盘,002017,2025-10-17 22:47:31
10:12:54,26.36,0.0,77,202972,卖盘,002017,2025-10-17 22:47:31
10:12:57,26.36,0.0,3,7908,卖盘,002017,2025-10-17 22:47:31
10:13:00,26.36,0.0,29,76444,卖盘,002017,2025-10-17 22:47:31
10:13:03,26.36,0.0,6,15816,卖盘,002017,2025-10-17 22:47:31
10:13:06,26.36,0.0,942,2483112,卖盘,002017,2025-10-17 22:47:31
10:13:09,26.36,0.0,6,15816,卖盘,002017,2025-10-17 22:47:31
10:13:12,26.36,0.0,28,73808,卖盘,002017,2025-10-17 22:47:31
10:13:15,26.36,0.0,20,52720,卖盘,002017,2025-10-17 22:47:31
10:13:18,26.36,0.0,31,81716,卖盘,002017,2025-10-17 22:47:31
10:13:21,26.36,0.0,9,23724,卖盘,002017,2025-10-17 22:47:31
10:13:24,26.36,0.0,4,10544,卖盘,002017,2025-10-17 22:47:31
10:13:27,26.36,0.0,43,113348,卖盘,002017,2025-10-17 22:47:31
10:13:30,26.36,0.0,88,231968,卖盘,002017,2025-10-17 22:47:31
10:13:33,26.36,0.0,4,10544,卖盘,002017,2025-10-17 22:47:31
10:13:36,26.36,0.0,23,60628,卖盘,002017,2025-10-17 22:47:31
10:13:39,26.36,0.0,17,44812,卖盘,002017,2025-10-17 22:47:31
10:13:42,26.36,0.0,86,226696,卖盘,002017,2025-10-17 22:47:31
10:13:45,26.36,0.0,30,79080,卖盘,002017,2025-10-17 22:47:31
10:13:48,26.36,0.0,2,5272,卖盘,002017,2025-10-17 22:47:31
10:13:51,26.36,0.0,357,941052,卖盘,002017,2025-10-17 22:47:31
10:13:54,26.36,0.0,54,142344,卖盘,002017,2025-10-17 22:47:31
10:13:57,26.36,0.0,13,34268,卖盘,002017,2025-10-17 22:47:31
10:14:00,26.36,0.0,25,65900,卖盘,002017,2025-10-17 22:47:31
10:14:03,26.36,0.0,5,13180,卖盘,002017,2025-10-17 22:47:31
10:14:06,26.36,0.0,19,50084,卖盘,002017,2025-10-17 22:47:31
10:14:09,26.36,0.0,39,102804,卖盘,002017,2025-10-17 22:47:31
10:14:12,26.36,0.0,18,47448,卖盘,002017,2025-10-17 22:47:31
10:14:15,26.36,0.0,29,76444,卖盘,002017,2025-10-17 22:47:31
10:14:18,26.36,0.0,150,395400,卖盘,002017,2025-10-17 22:47:31
10:14:21,26.36,0.0,36,94896,卖盘,002017,2025-10-17 22:47:31
10:14:24,26.36,0.0,1,2636,卖盘,002017,2025-10-17 22:47:31
10:14:27,26.36,0.0,22,57992,卖盘,002017,2025-10-17 22:47:31
10:14:30,26.36,0.0,6,15816,卖盘,002017,2025-10-17 22:47:31
10:14:33,26.36,0.0,3,7908,卖盘,002017,2025-10-17 22:47:31
10:14:36,26.36,0.0,41,108076,卖盘,002017,2025-10-17 22:47:31
10:14:39,26.36,0.0,18,47448,卖盘,002017,2025-10-17 22:47:31
10:14:42,26.36,0.0,38,100168,卖盘,002017,2025-10-17 22:47:31
10:14:45,26.36,0.0,6,15816,卖盘,002017,2025-10-17 22:47:31
10:14:48,26.36,0.0,304,801344,卖盘,002017,2025-10-17 22:47:31
10:14:51,26.36,0.0,29,76444,卖盘,002017,2025-10-17 22:47:31
10:14:54,26.36,0.0,18,47448,卖盘,002017,2025-10-17 22:47:31
10:14:57,26.36,0.0,463,1220468,卖盘,002017,2025-10-17 22:47:31
10:15:00,26.36,0.0,22,57992,卖盘,002017,2025-10-17 22:47:31
10:15:03,26.36,0.0,10,26360,卖盘,002017,2025-10-17 22:47:31
10:15:06,26.36,0.0,551,1452436,卖盘,002017,2025-10-17 22:47:31
10:15:09,26.36,0.0,16,42176,卖盘,002017,2025-10-17 22:47:31
10:15:15,26.36,0.0,6,15816,卖盘,002017,2025-10-17 22:47:31
10:15:18,26.36,0.0,2,5272,卖盘,002017,2025-10-17 22:47:31
10:15:21,26.36,0.0,1,2636,卖盘,002017,2025-10-17 22:47:31
10:15:24,26.36,0.0,8,21088,卖盘,002017,2025-10-17 22:47:31
10:15:27,26.36,0.0,38,100168,卖盘,002017,2025-10-17 22:47:31
10:15:30,26.36,0.0,11,28996,卖盘,002017,2025-10-17 22:47:31
10:15:33,26.36,0.0,88,231968,卖盘,002017,2025-10-17 22:47:31
10:15:36,26.36,0.0,7,18452,卖盘,002017,2025-10-17 22:47:31
10:15:39,26.36,0.0,14,36904,卖盘,002017,2025-10-17 22:47:31
10:15:42,26.36,0.0,28,73808,卖盘,002017,2025-10-17 22:47:31
10:15:45,26.36,0.0,80,210880,卖盘,002017,2025-10-17 22:47:31
10:15:48,26.36,0.0,15,39540,卖盘,002017,2025-10-17 22:47:31
10:15:51,26.36,0.0,59,155524,卖盘,002017,2025-10-17 22:47:31
10:15:54,26.36,0.0,23,60628,卖盘,002017,2025-10-17 22:47:31
10:15:57,26.36,0.0,115,303140,卖盘,002017,2025-10-17 22:47:31
10:16:00,26.36,0.0,118,311048,卖盘,002017,2025-10-17 22:47:31
10:16:03,26.36,0.0,95,250420,卖盘,002017,2025-10-17 22:47:31
10:16:06,26.36,0.0,27,71172,卖盘,002017,2025-10-17 22:47:31
10:16:09,26.36,0.0,1,2636,卖盘,002017,2025-10-17 22:47:31
10:16:12,26.36,0.0,15,39540,卖盘,002017,2025-10-17 22:47:31
10:16:15,26.36,0.0,6,15816,卖盘,002017,2025-10-17 22:47:31
10:16:18,26.36,0.0,2,5272,卖盘,002017,2025-10-17 22:47:31
10:16:21,26.36,0.0,18,47448,卖盘,002017,2025-10-17 22:47:31
10:16:24,26.36,0.0,73,192428,卖盘,002017,2025-10-17 22:47:31
10:16:27,26.36,0.0,170,448120,卖盘,002017,2025-10-17 22:47:31
10:16:30,26.36,0.0,81,213516,卖盘,002017,2025-10-17 22:47:31
10:16:33,26.36,0.0,10,26360,卖盘,002017,2025-10-17 22:47:31
10:16:36,26.36,0.0,15,39540,卖盘,002017,2025-10-17 22:47:31
10:16:39,26.36,0.0,6,15816,卖盘,002017,2025-10-17 22:47:31
10:16:42,26.36,0.0,42,110712,卖盘,002017,2025-10-17 22:47:31
10:16:45,26.36,0.0,253,666908,卖盘,002017,2025-10-17 22:47:31
10:16:48,26.36,0.0,23,60628,卖盘,002017,2025-10-17 22:47:31
10:16:51,26.36,0.0,207,545652,卖盘,002017,2025-10-17 22:47:31
10:16:54,26.36,0.0,7,18452,卖盘,002017,2025-10-17 22:47:31
10:16:57,26.36,0.0,9,23724,卖盘,002017,2025-10-17 22:47:31
10:17:00,26.36,0.0,54,142344,卖盘,002017,2025-10-17 22:47:31
10:17:03,26.36,0.0,17,44812,卖盘,002017,2025-10-17 22:47:31
10:17:06,26.36,0.0,11,28996,卖盘,002017,2025-10-17 22:47:31
10:17:09,26.36,0.0,20,52720,卖盘,002017,2025-10-17 22:47:31
10:17:12,26.36,0.0,5,13180,卖盘,002017,2025-10-17 22:47:31
10:17:15,26.36,0.0,7,18452,卖盘,002017,2025-10-17 22:47:31
10:17:18,26.36,0.0,7,18452,卖盘,002017,2025-10-17 22:47:31
10:17:21,26.36,0.0,33,86988,卖盘,002017,2025-10-17 22:47:31
10:17:24,26.36,0.0,11,28996,卖盘,002017,2025-10-17 22:47:31
10:17:27,26.36,0.0,1,2636,卖盘,002017,2025-10-17 22:47:31
10:17:30,26.36,0.0,80,210880,卖盘,002017,2025-10-17 22:47:31
10:17:33,26.36,0.0,98,258328,卖盘,002017,2025-10-17 22:47:31
10:17:36,26.36,0.0,30,79080,卖盘,002017,2025-10-17 22:47:31
10:17:39,26.36,0.0,60,158160,卖盘,002017,2025-10-17 22:47:31
10:17:42,26.36,0.0,86,226696,卖盘,002017,2025-10-17 22:47:31
10:17:45,26.36,0.0,48,126528,卖盘,002017,2025-10-17 22:47:31
10:17:48,26.36,0.0,63,166068,卖盘,002017,2025-10-17 22:47:31
10:17:51,26.36,0.0,35,92260,卖盘,002017,2025-10-17 22:47:31
10:17:54,26.36,0.0,112,295232,卖盘,002017,2025-10-17 22:47:31
10:17:57,26.36,0.0,21,55356,卖盘,002017,2025-10-17 22:47:31
10:18:00,26.36,0.0,25,65900,卖盘,002017,2025-10-17 22:47:31
10:18:03,26.36,0.0,14,36904,卖盘,002017,2025-10-17 22:47:31
10:18:06,26.36,0.0,28,73808,卖盘,002017,2025-10-17 22:47:31
10:18:09,26.36,0.0,4,10544,卖盘,002017,2025-10-17 22:47:31
10:18:12,26.36,0.0,30,79080,卖盘,002017,2025-10-17 22:47:31
10:18:15,26.36,0.0,20,52720,卖盘,002017,2025-10-17 22:47:31
10:18:18,26.36,0.0,228,601008,卖盘,002017,2025-10-17 22:47:31
10:18:21,26.36,0.0,7,18452,卖盘,002017,2025-10-17 22:47:31
10:18:24,26.36,0.0,42,110712,卖盘,002017,2025-10-17 22:47:31
10:18:27,26.36,0.0,192,506112,卖盘,002017,2025-10-17 22:47:31
10:18:30,26.36,0.0,69,181884,卖盘,002017,2025-10-17 22:47:31
10:18:33,26.36,0.0,6,15816,卖盘,002017,2025-10-17 22:47:31
10:18:36,26.36,0.0,64,169495,卖盘,002017,2025-10-17 22:47:31
10:18:39,26.36,0.0,76,200336,卖盘,002017,2025-10-17 22:47:31
10:18:42,26.36,0.0,4,10544,卖盘,002017,2025-10-17 22:47:31
10:18:45,26.36,0.0,11,28996,卖盘,002017,2025-10-17 22:47:31
10:18:48,26.36,0.0,8,21088,卖盘,002017,2025-10-17 22:47:31
10:18:51,26.36,0.0,94,247784,卖盘,002017,2025-10-17 22:47:31
10:18:54,26.36,0.0,34,89624,卖盘,002017,2025-10-17 22:47:31
10:18:57,26.36,0.0,77,202972,卖盘,002017,2025-10-17 22:47:31
10:19:00,26.36,0.0,26,68536,卖盘,002017,2025-10-17 22:47:31
10:19:03,26.36,0.0,29,76444,卖盘,002017,2025-10-17 22:47:31
10:19:06,26.36,0.0,57,150252,卖盘,002017,2025-10-17 22:47:31
10:19:09,26.36,0.0,179,471844,卖盘,002017,2025-10-17 22:47:31
10:19:12,26.36,0.0,34,89624,卖盘,002017,2025-10-17 22:47:31
10:19:15,26.36,0.0,14,36904,卖盘,002017,2025-10-17 22:47:31
10:19:18,26.36,0.0,25,65900,卖盘,002017,2025-10-17 22:47:31
10:19:21,26.36,0.0,30,79080,卖盘,002017,2025-10-17 22:47:31
10:19:24,26.36,0.0,290,764440,卖盘,002017,2025-10-17 22:47:31
10:19:27,26.36,0.0,43,113348,卖盘,002017,2025-10-17 22:47:31
10:19:30,26.36,0.0,68,179248,卖盘,002017,2025-10-17 22:47:31
10:19:33,26.36,0.0,76,200336,卖盘,002017,2025-10-17 22:47:31
10:19:36,26.36,0.0,87,229332,卖盘,002017,2025-10-17 22:47:31
10:19:39,26.36,0.0,65,171340,卖盘,002017,2025-10-17 22:47:31
10:19:42,26.36,0.0,15,39540,卖盘,002017,2025-10-17 22:47:31
10:19:45,26.36,0.0,44,115984,卖盘,002017,2025-10-17 22:47:31
10:19:48,26.36,0.0,41,108076,卖盘,002017,2025-10-17 22:47:31
10:19:51,26.36,0.0,94,247784,卖盘,002017,2025-10-17 22:47:31
10:19:54,26.36,0.0,14,36904,卖盘,002017,2025-10-17 22:47:31
10:19:57,26.36,0.0,96,253056,卖盘,002017,2025-10-17 22:47:31
10:20:00,26.36,0.0,110,290988,卖盘,002017,2025-10-17 22:47:31
10:20:03,26.36,0.0,19,50084,卖盘,002017,2025-10-17 22:47:31
10:20:06,26.36,0.0,34,89624,卖盘,002017,2025-10-17 22:47:31
10:20:09,26.36,0.0,51,134436,卖盘,002017,2025-10-17 22:47:31
10:20:12,26.36,0.0,36,94896,卖盘,002017,2025-10-17 22:47:31
10:20:15,26.36,0.0,29,76444,卖盘,002017,2025-10-17 22:47:31
10:20:18,26.36,0.0,25,65900,卖盘,002017,2025-10-17 22:47:31
10:20:21,26.36,0.0,64,168704,卖盘,002017,2025-10-17 22:47:31
10:20:24,26.36,0.0,35,92260,卖盘,002017,2025-10-17 22:47:31
10:20:27,26.36,0.0,116,305776,卖盘,002017,2025-10-17 22:47:31
10:20:30,26.36,0.0,67,176612,卖盘,002017,2025-10-17 22:47:31
10:20:33,26.36,0.0,42,110712,卖盘,002017,2025-10-17 22:47:31
10:20:36,26.36,0.0,23,60628,卖盘,002017,2025-10-17 22:47:31
10:20:39,26.36,0.0,4,10544,卖盘,002017,2025-10-17 22:47:31
10:20:42,26.36,0.0,9,23724,卖盘,002017,2025-10-17 22:47:31
10:20:45,26.36,0.0,8,21088,卖盘,002017,2025-10-17 22:47:31
10:20:48,26.36,0.0,27,71172,卖盘,002017,2025-10-17 22:47:31
10:20:51,26.36,0.0,15,39540,卖盘,002017,2025-10-17 22:47:31
10:20:54,26.36,0.0,62,163432,卖盘,002017,2025-10-17 22:47:31
10:20:57,26.36,0.0,5,13180,卖盘,002017,2025-10-17 22:47:31
10:21:00,26.36,0.0,14,36904,卖盘,002017,2025-10-17 22:47:31
10:21:03,26.36,0.0,16,42176,卖盘,002017,2025-10-17 22:47:31
10:21:06,26.36,0.0,48,126528,卖盘,002017,2025-10-17 22:47:31
10:21:09,26.36,0.0,27,71172,卖盘,002017,2025-10-17 22:47:31
10:21:12,26.36,0.0,45,118620,卖盘,002017,2025-10-17 22:47:31
10:21:15,26.36,0.0,21,55356,卖盘,002017,2025-10-17 22:47:31
10:21:18,26.36,0.0,22,57992,卖盘,002017,2025-10-17 22:47:31
10:21:21,26.36,0.0,5,13180,卖盘,002017,2025-10-17 22:47:31
10:21:24,26.36,0.0,26,68536,卖盘,002017,2025-10-17 22:47:31
10:21:27,26.36,0.0,11,28996,卖盘,002017,2025-10-17 22:47:31
10:21:33,26.36,0.0,124,326864,卖盘,002017,2025-10-17 22:47:31
10:21:36,26.36,0.0,241,635276,卖盘,002017,2025-10-17 22:47:31
10:21:39,26.36,0.0,13,34268,卖盘,002017,2025-10-17 22:47:31
10:21:42,26.36,0.0,118,311048,卖盘,002017,2025-10-17 22:47:31
10:21:45,26.36,0.0,10,26360,卖盘,002017,2025-10-17 22:47:31
10:21:48,26.36,0.0,21,55356,卖盘,002017,2025-10-17 22:47:31
10:21:51,26.36,0.0,36,94896,卖盘,002017,2025-10-17 22:47:31
10:21:57,26.36,0.0,25,65900,卖盘,002017,2025-10-17 22:47:31
10:22:00,26.36,0.0,68,179248,卖盘,002017,2025-10-17 22:47:31
10:22:03,26.36,0.0,57,150252,卖盘,002017,2025-10-17 22:47:31
10:22:06,26.36,0.0,10,26360,卖盘,002017,2025-10-17 22:47:31
10:22:09,26.36,0.0,20,52720,卖盘,002017,2025-10-17 22:47:31
10:22:12,26.36,0.0,22,57992,卖盘,002017,2025-10-17 22:47:31
10:22:15,26.36,0.0,7,18452,卖盘,002017,2025-10-17 22:47:31
10:22:18,26.36,0.0,20,52720,卖盘,002017,2025-10-17 22:47:31
10:22:21,26.36,0.0,18,47448,卖盘,002017,2025-10-17 22:47:31
10:22:24,26.36,0.0,81,213516,卖盘,002017,2025-10-17 22:47:31
10:22:27,26.36,0.0,61,160796,卖盘,002017,2025-10-17 22:47:31
10:22:30,26.36,0.0,10,26360,卖盘,002017,2025-10-17 22:47:31
10:22:33,26.36,0.0,5,13180,卖盘,002017,2025-10-17 22:47:31
10:22:36,26.36,0.0,145,382220,卖盘,002017,2025-10-17 22:47:31
10:22:39,26.36,0.0,23,60628,卖盘,002017,2025-10-17 22:47:31
10:22:42,26.36,0.0,8,21088,卖盘,002017,2025-10-17 22:47:31
10:22:45,26.36,0.0,21,55356,卖盘,002017,2025-10-17 22:47:31
10:22:48,26.36,0.0,48,126528,卖盘,002017,2025-10-17 22:47:31
10:22:51,26.36,0.0,6,15816,卖盘,002017,2025-10-17 22:47:31
10:22:54,26.36,0.0,17,44812,卖盘,002017,2025-10-17 22:47:31
10:22:57,26.36,0.0,40,105440,卖盘,002017,2025-10-17 22:47:31
10:23:00,26.36,0.0,494,1302184,卖盘,002017,2025-10-17 22:47:31
10:23:03,26.36,0.0,18,47448,卖盘,002017,2025-10-17 22:47:31
10:23:06,26.36,0.0,32,84088,卖盘,002017,2025-10-17 22:47:31
10:23:09,26.36,0.0,20,52720,卖盘,002017,2025-10-17 22:47:31
10:23:12,26.36,0.0,614,1618504,卖盘,002017,2025-10-17 22:47:31
10:23:15,26.36,0.0,10,26360,卖盘,002017,2025-10-17 22:47:31
10:23:18,26.36,0.0,26,68536,卖盘,002017,2025-10-17 22:47:31
10:23:21,26.36,0.0,25,65900,卖盘,002017,2025-10-17 22:47:31
10:23:24,26.36,0.0,14,36904,卖盘,002017,2025-10-17 22:47:31
10:23:27,26.36,0.0,14,36904,卖盘,002017,2025-10-17 22:47:31
10:23:30,26.36,0.0,11,28996,卖盘,002017,2025-10-17 22:47:31
10:23:33,26.36,0.0,24,63264,卖盘,002017,2025-10-17 22:47:31
10:23:36,26.36,0.0,4,10544,卖盘,002017,2025-10-17 22:47:31
10:23:39,26.36,0.0,40,105440,卖盘,002017,2025-10-17 22:47:31
10:23:42,26.36,0.0,5,13180,卖盘,002017,2025-10-17 22:47:31
10:23:45,26.36,0.0,20,52720,卖盘,002017,2025-10-17 22:47:31
10:23:48,26.36,0.0,9,23724,卖盘,002017,2025-10-17 22:47:31
10:23:51,26.36,0.0,4,10544,卖盘,002017,2025-10-17 22:47:31
10:23:54,26.36,0.0,16,42176,卖盘,002017,2025-10-17 22:47:31
10:23:57,26.36,0.0,47,123892,卖盘,002017,2025-10-17 22:47:31
10:24:00,26.36,0.0,257,677452,卖盘,002017,2025-10-17 22:47:31
10:24:03,26.36,0.0,3,7908,卖盘,002017,2025-10-17 22:47:31
10:24:06,26.36,0.0,26,68536,卖盘,002017,2025-10-17 22:47:31
10:24:09,26.36,0.0,21,55356,卖盘,002017,2025-10-17 22:47:31
10:24:12,26.36,0.0,54,142344,卖盘,002017,2025-10-17 22:47:31
10:24:15,26.36,0.0,1,2636,卖盘,002017,2025-10-17 22:47:31
10:24:18,26.36,0.0,4,10544,卖盘,002017,2025-10-17 22:47:31
10:24:21,26.36,0.0,18,47448,卖盘,002017,2025-10-17 22:47:31
10:24:24,26.36,0.0,28,73808,卖盘,002017,2025-10-17 22:47:31
10:24:27,26.36,0.0,39,102804,卖盘,002017,2025-10-17 22:47:31
10:24:30,26.36,0.0,4,10544,卖盘,002017,2025-10-17 22:47:31
10:24:33,26.36,0.0,21,55356,卖盘,002017,2025-10-17 22:47:31
10:24:36,26.36,0.0,487,1283732,卖盘,002017,2025-10-17 22:47:31
10:24:39,26.36,0.0,13,34268,卖盘,002017,2025-10-17 22:47:31
10:24:42,26.36,0.0,11,28996,卖盘,002017,2025-10-17 22:47:31
10:24:45,26.36,0.0,11,28996,卖盘,002017,2025-10-17 22:47:31
10:24:48,26.36,0.0,20,52720,卖盘,002017,2025-10-17 22:47:31
10:24:57,26.36,0.0,18,47448,卖盘,002017,2025-10-17 22:47:31
10:25:00,26.36,0.0,3,7908,卖盘,002017,2025-10-17 22:47:31
10:25:03,26.36,0.0,27,71172,卖盘,002017,2025-10-17 22:47:31
10:25:06,26.36,0.0,70,184520,卖盘,002017,2025-10-17 22:47:31
10:25:09,26.36,0.0,72,189792,卖盘,002017,2025-10-17 22:47:31
10:25:12,26.36,0.0,11,28996,卖盘,002017,2025-10-17 22:47:31
10:25:18,26.36,0.0,7,18452,卖盘,002017,2025-10-17 22:47:31
10:25:21,26.36,0.0,6,15816,卖盘,002017,2025-10-17 22:47:31
10:25:24,26.36,0.0,17,44812,卖盘,002017,2025-10-17 22:47:31
10:25:27,26.36,0.0,11,28996,卖盘,002017,2025-10-17 22:47:31
10:25:30,26.36,0.0,16,42176,卖盘,002017,2025-10-17 22:47:31
10:25:33,26.36,0.0,22,57992,卖盘,002017,2025-10-17 22:47:31
10:25:36,26.36,0.0,20,52720,卖盘,002017,2025-10-17 22:47:31
10:25:39,26.36,0.0,7,18452,卖盘,002017,2025-10-17 22:47:31
10:25:42,26.36,0.0,32,84352,卖盘,002017,2025-10-17 22:47:31
10:25:45,26.36,0.0,12,31632,卖盘,002017,2025-10-17 22:47:31
10:25:48,26.36,0.0,7,18452,卖盘,002017,2025-10-17 22:47:31
10:25:51,26.36,0.0,6,15816,卖盘,002017,2025-10-17 22:47:31
10:25:54,26.36,0.0,176,463936,卖盘,002017,2025-10-17 22:47:31
10:26:00,26.36,0.0,67,176612,卖盘,002017,2025-10-17 22:47:31
10:26:03,26.36,0.0,11,28996,卖盘,002017,2025-10-17 22:47:31
10:26:06,26.36,0.0,83,218788,卖盘,002017,2025-10-17 22:47:31
10:26:09,26.36,0.0,2,5272,卖盘,002017,2025-10-17 22:47:31
10:26:12,26.36,0.0,3,7908,卖盘,002017,2025-10-17 22:47:31
10:26:15,26.36,0.0,1,2636,卖盘,002017,2025-10-17 22:47:31
10:26:18,26.36,0.0,249,656364,卖盘,002017,2025-10-17 22:47:31
10:26:21,26.36,0.0,12,31632,卖盘,002017,2025-10-17 22:47:31
10:26:24,26.36,0.0,9,23724,卖盘,002017,2025-10-17 22:47:31
10:26:27,26.36,0.0,9,23724,卖盘,002017,2025-10-17 22:47:31
10:26:30,26.36,0.0,34,89624,卖盘,002017,2025-10-17 22:47:31
10:26:33,26.36,0.0,5,13180,卖盘,002017,2025-10-17 22:47:31
10:26:36,26.36,0.0,2,5272,卖盘,002017,2025-10-17 22:47:31
10:26:39,26.36,0.0,156,411216,卖盘,002017,2025-10-17 22:47:31
10:26:42,26.36,0.0,185,487660,卖盘,002017,2025-10-17 22:47:31
10:26:45,26.36,0.0,6,15816,卖盘,002017,2025-10-17 22:47:31
10:26:48,26.36,0.0,4,10544,卖盘,002017,2025-10-17 22:47:31
10:26:51,26.36,0.0,17,44812,卖盘,002017,2025-10-17 22:47:31
10:26:54,26.36,0.0,56,147616,卖盘,002017,2025-10-17 22:47:31
10:26:57,26.36,0.0,3,7908,卖盘,002017,2025-10-17 22:47:31
10:27:00,26.36,0.0,6,15816,卖盘,002017,2025-10-17 22:47:31
10:27:03,26.36,0.0,6,15816,卖盘,002017,2025-10-17 22:47:31
10:27:06,26.36,0.0,22,57992,卖盘,002017,2025-10-17 22:47:31
10:27:09,26.36,0.0,77,202972,卖盘,002017,2025-10-17 22:47:31
10:27:12,26.36,0.0,19,50084,卖盘,002017,2025-10-17 22:47:31
10:27:15,26.36,0.0,27,71172,卖盘,002017,2025-10-17 22:47:31
10:27:18,26.36,0.0,6,15816,卖盘,002017,2025-10-17 22:47:31
10:27:21,26.36,0.0,52,137072,卖盘,002017,2025-10-17 22:47:31
10:27:24,26.36,0.0,2,5272,卖盘,002017,2025-10-17 22:47:31
10:27:27,26.36,0.0,33,86988,卖盘,002017,2025-10-17 22:47:31
10:27:30,26.36,0.0,3,7908,卖盘,002017,2025-10-17 22:47:31
10:27:33,26.36,0.0,24,63264,卖盘,002017,2025-10-17 22:47:31
10:27:36,26.36,0.0,30,79080,卖盘,002017,2025-10-17 22:47:31
10:27:39,26.36,0.0,2,5272,卖盘,002017,2025-10-17 22:47:31
10:27:42,26.36,0.0,21,55356,卖盘,002017,2025-10-17 22:47:31
10:27:45,26.36,0.0,10,26360,卖盘,002017,2025-10-17 22:47:31
10:27:48,26.36,0.0,22,57992,卖盘,002017,2025-10-17 22:47:31
10:27:51,26.36,0.0,3,7908,卖盘,002017,2025-10-17 22:47:31
10:27:54,26.36,0.0,2,5272,卖盘,002017,2025-10-17 22:47:31
10:27:57,26.36,0.0,97,255692,卖盘,002017,2025-10-17 22:47:31
10:28:00,26.36,0.0,41,108076,卖盘,002017,2025-10-17 22:47:31
10:28:03,26.36,0.0,2,5272,卖盘,002017,2025-10-17 22:47:31
10:28:06,26.36,0.0,10,26360,卖盘,002017,2025-10-17 22:47:31
10:28:09,26.36,0.0,26,68536,卖盘,002017,2025-10-17 22:47:31
10:28:12,26.36,0.0,4,10544,卖盘,002017,2025-10-17 22:47:31
10:28:15,26.36,0.0,7,18452,卖盘,002017,2025-10-17 22:47:31
10:28:18,26.36,0.0,35,92260,卖盘,002017,2025-10-17 22:47:31
10:28:21,26.36,0.0,9,23724,卖盘,002017,2025-10-17 22:47:31
10:28:24,26.36,0.0,4,10544,卖盘,002017,2025-10-17 22:47:31
10:28:27,26.36,0.0,8,21088,卖盘,002017,2025-10-17 22:47:31
10:28:30,26.36,0.0,11,28996,卖盘,002017,2025-10-17 22:47:31
10:28:33,26.36,0.0,150,395400,卖盘,002017,2025-10-17 22:47:31
10:28:36,26.36,0.0,1,2636,卖盘,002017,2025-10-17 22:47:31
10:28:39,26.36,0.0,13,34268,卖盘,002017,2025-10-17 22:47:31
10:28:42,26.36,0.0,33,86988,卖盘,002017,2025-10-17 22:47:31
10:28:45,26.36,0.0,27,71172,卖盘,002017,2025-10-17 22:47:31
10:28:51,26.36,0.0,15,39540,卖盘,002017,2025-10-17 22:47:31
10:28:54,26.36,0.0,32,84352,卖盘,002017,2025-10-17 22:47:31
10:29:00,26.36,0.0,7,18452,卖盘,002017,2025-10-17 22:47:31
10:29:03,26.36,0.0,5,13180,卖盘,002017,2025-10-17 22:47:31
10:29:06,26.36,0.0,1,2636,卖盘,002017,2025-10-17 22:47:31
10:29:12,26.36,0.0,114,300504,卖盘,002017,2025-10-17 22:47:31
10:29:15,26.36,0.0,17,44812,卖盘,002017,2025-10-17 22:47:31
10:29:18,26.36,0.0,8,21088,卖盘,002017,2025-10-17 22:47:31
10:29:21,26.36,0.0,5,13180,卖盘,002017,2025-10-17 22:47:31
10:29:24,26.36,0.0,16,42176,卖盘,002017,2025-10-17 22:47:31
10:29:27,26.36,0.0,2,5272,卖盘,002017,2025-10-17 22:47:31
10:29:30,26.36,0.0,19,50084,卖盘,002017,2025-10-17 22:47:31
10:29:33,26.36,0.0,78,205608,卖盘,002017,2025-10-17 22:47:31
10:29:36,26.36,0.0,3,7908,卖盘,002017,2025-10-17 22:47:31
10:29:39,26.36,0.0,1,2636,卖盘,002017,2025-10-17 22:47:31
10:29:42,26.36,0.0,455,1199380,卖盘,002017,2025-10-17 22:47:31
10:29:45,26.36,0.0,22,57992,卖盘,002017,2025-10-17 22:47:31
10:29:48,26.36,0.0,19,50084,卖盘,002017,2025-10-17 22:47:31
10:29:51,26.36,0.0,7,18452,卖盘,002017,2025-10-17 22:47:31
10:30:00,26.36,0.0,51,134436,卖盘,002017,2025-10-17 22:47:31
10:30:03,26.36,0.0,12,31632,卖盘,002017,2025-10-17 22:47:31
10:30:06,26.36,0.0,96,253056,卖盘,002017,2025-10-17 22:47:31
10:30:09,26.36,0.0,5,13180,卖盘,002017,2025-10-17 22:47:31
10:30:12,26.36,0.0,23,60628,卖盘,002017,2025-10-17 22:47:31
10:30:15,26.36,0.0,301,793436,卖盘,002017,2025-10-17 22:47:31
10:30:18,26.36,0.0,25,65900,卖盘,002017,2025-10-17 22:47:31
10:30:21,26.36,0.0,11,28996,卖盘,002017,2025-10-17 22:47:31
10:30:24,26.36,0.0,11,28996,卖盘,002017,2025-10-17 22:47:31
10:30:30,26.36,0.0,411,1083396,卖盘,002017,2025-10-17 22:47:31
10:30:33,26.36,0.0,16,42176,卖盘,002017,2025-10-17 22:47:31
10:30:39,26.36,0.0,42,110712,卖盘,002017,2025-10-17 22:47:31
10:30:42,26.36,0.0,28,73808,卖盘,002017,2025-10-17 22:47:31
10:30:45,26.36,0.0,11,28996,卖盘,002017,2025-10-17 22:47:31
10:30:48,26.36,0.0,30,79080,卖盘,002017,2025-10-17 22:47:31
10:30:51,26.36,0.0,273,719628,卖盘,002017,2025-10-17 22:47:31
10:30:54,26.36,0.0,8,21088,卖盘,002017,2025-10-17 22:47:31
10:30:57,26.36,0.0,5,13180,卖盘,002017,2025-10-17 22:47:31
10:31:00,26.36,0.0,52,137072,卖盘,002017,2025-10-17 22:47:31
10:31:03,26.36,0.0,2,5272,卖盘,002017,2025-10-17 22:47:31
10:31:06,26.36,0.0,248,653728,卖盘,002017,2025-10-17 22:47:31
10:31:09,26.36,0.0,88,231968,卖盘,002017,2025-10-17 22:47:31
10:31:12,26.36,0.0,4,10544,卖盘,002017,2025-10-17 22:47:31
10:31:15,26.36,0.0,18,47448,卖盘,002017,2025-10-17 22:47:31
10:31:18,26.36,0.0,18,47448,卖盘,002017,2025-10-17 22:47:31
10:31:21,26.36,0.0,18,47448,卖盘,002017,2025-10-17 22:47:31
10:31:24,26.36,0.0,10,26360,卖盘,002017,2025-10-17 22:47:31
10:31:27,26.36,0.0,130,342680,卖盘,002017,2025-10-17 22:47:31
10:31:30,26.36,0.0,14,36904,卖盘,002017,2025-10-17 22:47:31
10:31:33,26.36,0.0,100,263600,卖盘,002017,2025-10-17 22:47:31
10:31:36,26.36,0.0,2,5272,卖盘,002017,2025-10-17 22:47:31
10:31:39,26.36,0.0,50,131800,卖盘,002017,2025-10-17 22:47:31
10:31:42,26.36,0.0,6,15816,卖盘,002017,2025-10-17 22:47:31
10:31:48,26.36,0.0,32,84352,卖盘,002017,2025-10-17 22:47:31
10:31:51,26.36,0.0,6,15816,卖盘,002017,2025-10-17 22:47:31
10:31:54,26.36,0.0,120,316320,卖盘,002017,2025-10-17 22:47:31
10:32:00,26.36,0.0,19,50084,卖盘,002017,2025-10-17 22:47:31
10:32:03,26.36,0.0,8,21088,卖盘,002017,2025-10-17 22:47:31
10:32:06,26.36,0.0,2,5272,卖盘,002017,2025-10-17 22:47:31
10:32:09,26.36,0.0,4,10544,卖盘,002017,2025-10-17 22:47:31
10:32:12,26.36,0.0,13,34268,卖盘,002017,2025-10-17 22:47:31
10:32:15,26.36,0.0,8,21088,卖盘,002017,2025-10-17 22:47:31
10:32:18,26.36,0.0,11,28996,卖盘,002017,2025-10-17 22:47:31
10:32:21,26.36,0.0,4,10544,卖盘,002017,2025-10-17 22:47:31
10:32:24,26.36,0.0,37,97532,卖盘,002017,2025-10-17 22:47:31
10:32:27,26.36,0.0,2,5272,卖盘,002017,2025-10-17 22:47:31
10:32:30,26.36,0.0,34,89624,卖盘,002017,2025-10-17 22:47:31
10:32:33,26.36,0.0,10,26360,卖盘,002017,2025-10-17 22:47:31
10:32:36,26.36,0.0,108,284688,卖盘,002017,2025-10-17 22:47:31
10:32:39,26.36,0.0,2,5272,卖盘,002017,2025-10-17 22:47:31
10:32:42,26.36,0.0,3,7908,卖盘,002017,2025-10-17 22:47:31
10:32:45,26.36,0.0,13,34268,卖盘,002017,2025-10-17 22:47:31
10:32:48,26.36,0.0,10,26360,卖盘,002017,2025-10-17 22:47:31
10:32:51,26.36,0.0,98,258328,卖盘,002017,2025-10-17 22:47:31
10:32:54,26.36,0.0,15,39540,卖盘,002017,2025-10-17 22:47:31
10:32:57,26.36,0.0,46,121256,卖盘,002017,2025-10-17 22:47:31
10:33:00,26.36,0.0,33,86988,卖盘,002017,2025-10-17 22:47:31
10:33:03,26.36,0.0,16,42176,卖盘,002017,2025-10-17 22:47:31
10:33:06,26.36,0.0,5,13180,卖盘,002017,2025-10-17 22:47:31
10:33:09,26.36,0.0,3,7908,卖盘,002017,2025-10-17 22:47:31
10:33:12,26.36,0.0,4,10544,卖盘,002017,2025-10-17 22:47:31
10:33:15,26.36,0.0,8,21088,卖盘,002017,2025-10-17 22:47:31
10:33:18,26.36,0.0,1,2636,卖盘,002017,2025-10-17 22:47:31
10:33:21,26.36,0.0,80,210880,卖盘,002017,2025-10-17 22:47:31
10:33:24,26.36,0.0,2,5272,卖盘,002017,2025-10-17 22:47:31
10:33:27,26.36,0.0,4,10544,卖盘,002017,2025-10-17 22:47:31
10:33:30,26.36,0.0,4,10544,卖盘,002017,2025-10-17 22:47:31
10:33:33,26.36,0.0,1,2636,卖盘,002017,2025-10-17 22:47:31
10:33:36,26.36,0.0,5,13180,卖盘,002017,2025-10-17 22:47:31
10:33:39,26.36,0.0,15,39540,卖盘,002017,2025-10-17 22:47:31
10:33:45,26.36,0.0,30,79080,卖盘,002017,2025-10-17 22:47:31
10:33:48,26.36,0.0,7,18452,卖盘,002017,2025-10-17 22:47:31
10:33:51,26.36,0.0,31,81716,卖盘,002017,2025-10-17 22:47:31
10:33:57,26.36,0.0,12,31632,卖盘,002017,2025-10-17 22:47:31
10:34:00,26.36,0.0,5,13180,卖盘,002017,2025-10-17 22:47:31
10:34:06,26.36,0.0,41,108076,卖盘,002017,2025-10-17 22:47:31
10:34:12,26.36,0.0,8,21088,卖盘,002017,2025-10-17 22:47:31
10:34:15,26.36,0.0,2,5272,卖盘,002017,2025-10-17 22:47:31
10:34:18,26.36,0.0,8,21088,卖盘,002017,2025-10-17 22:47:31
10:34:21,26.36,0.0,5,13180,卖盘,002017,2025-10-17 22:47:31
10:34:24,26.36,0.0,10,26360,卖盘,002017,2025-10-17 22:47:31
10:34:27,26.36,0.0,19,50084,卖盘,002017,2025-10-17 22:47:31
10:34:30,26.36,0.0,8,21088,卖盘,002017,2025-10-17 22:47:31
10:34:33,26.36,0.0,10,26360,卖盘,002017,2025-10-17 22:47:31
10:34:36,26.36,0.0,36,94896,卖盘,002017,2025-10-17 22:47:31
10:34:39,26.36,0.0,48,126528,卖盘,002017,2025-10-17 22:47:31
10:34:42,26.36,0.0,106,279416,卖盘,002017,2025-10-17 22:47:31
10:34:45,26.36,0.0,3,7908,卖盘,002017,2025-10-17 22:47:31
10:34:48,26.36,0.0,56,147616,卖盘,002017,2025-10-17 22:47:31
10:34:51,26.36,0.0,29,76444,卖盘,002017,2025-10-17 22:47:31
10:34:54,26.36,0.0,5,13180,卖盘,002017,2025-10-17 22:47:31
10:34:57,26.36,0.0,1,2636,卖盘,002017,2025-10-17 22:47:31
10:35:00,26.36,0.0,7,18452,卖盘,002017,2025-10-17 22:47:31
10:35:03,26.36,0.0,16,42176,卖盘,002017,2025-10-17 22:47:31
10:35:06,26.36,0.0,5,13180,卖盘,002017,2025-10-17 22:47:31
10:35:09,26.36,0.0,9,23724,卖盘,002017,2025-10-17 22:47:31
10:35:12,26.36,0.0,2,5272,卖盘,002017,2025-10-17 22:47:31
10:35:15,26.36,0.0,3,7908,卖盘,002017,2025-10-17 22:47:31
10:35:18,26.36,0.0,22,57992,卖盘,002017,2025-10-17 22:47:31
10:35:21,26.36,0.0,10,26360,卖盘,002017,2025-10-17 22:47:31
10:35:24,26.36,0.0,13,34268,卖盘,002017,2025-10-17 22:47:31
10:35:27,26.36,0.0,1,2636,卖盘,002017,2025-10-17 22:47:31
10:35:33,26.36,0.0,8,21088,卖盘,002017,2025-10-17 22:47:31
10:35:36,26.36,0.0,20,52720,卖盘,002017,2025-10-17 22:47:31
10:35:39,26.36,0.0,2,5272,卖盘,002017,2025-10-17 22:47:31
10:35:42,26.36,0.0,31,81716,卖盘,002017,2025-10-17 22:47:31
10:35:45,26.36,0.0,27,71172,卖盘,002017,2025-10-17 22:47:31
10:35:48,26.36,0.0,8,21088,卖盘,002017,2025-10-17 22:47:31
10:35:51,26.36,0.0,55,144980,卖盘,002017,2025-10-17 22:47:31
10:35:54,26.36,0.0,34,89624,卖盘,002017,2025-10-17 22:47:31
10:35:57,26.36,0.0,61,160796,卖盘,002017,2025-10-17 22:47:31
10:36:03,26.36,0.0,22,57992,卖盘,002017,2025-10-17 22:47:31
10:36:06,26.36,0.0,2,5272,卖盘,002017,2025-10-17 22:47:31
10:36:09,26.36,0.0,50,131800,卖盘,002017,2025-10-17 22:47:31
10:36:12,26.36,0.0,15,39540,卖盘,002017,2025-10-17 22:47:31
10:36:21,26.36,0.0,1,2636,卖盘,002017,2025-10-17 22:47:31
10:36:24,26.36,0.0,23,60628,卖盘,002017,2025-10-17 22:47:31
10:36:27,26.36,0.0,51,134436,卖盘,002017,2025-10-17 22:47:31
10:36:30,26.36,0.0,8,21088,卖盘,002017,2025-10-17 22:47:31
10:36:33,26.36,0.0,2,5272,卖盘,002017,2025-10-17 22:47:31
10:36:36,26.36,0.0,3,7908,卖盘,002017,2025-10-17 22:47:31
10:36:45,26.36,0.0,10,26360,卖盘,002017,2025-10-17 22:47:31
10:36:54,26.36,0.0,1,2636,卖盘,002017,2025-10-17 22:47:31
10:36:57,26.36,0.0,53,139708,卖盘,002017,2025-10-17 22:47:31
10:37:00,26.36,0.0,8,21088,卖盘,002017,2025-10-17 22:47:31
10:37:03,26.36,0.0,1,2636,卖盘,002017,2025-10-17 22:47:31
10:37:06,26.36,0.0,1,2636,卖盘,002017,2025-10-17 22:47:31
10:37:09,26.36,0.0,15,39540,卖盘,002017,2025-10-17 22:47:31
10:37:12,26.36,0.0,4,10544,卖盘,002017,2025-10-17 22:47:31
10:37:15,26.36,0.0,42,110712,卖盘,002017,2025-10-17 22:47:31
10:37:21,26.36,0.0,5,13180,卖盘,002017,2025-10-17 22:47:31
10:37:27,26.36,0.0,30,79080,卖盘,002017,2025-10-17 22:47:31
10:37:30,26.36,0.0,3,7908,卖盘,002017,2025-10-17 22:47:31
10:37:33,26.36,0.0,2,5272,卖盘,002017,2025-10-17 22:47:31
10:37:36,26.36,0.0,15,39540,卖盘,002017,2025-10-17 22:47:31
10:37:39,26.36,0.0,59,155524,卖盘,002017,2025-10-17 22:47:31
10:37:42,26.36,0.0,2,5272,卖盘,002017,2025-10-17 22:47:31
10:37:45,26.36,0.0,6,15816,卖盘,002017,2025-10-17 22:47:31
10:37:48,26.36,0.0,3,7908,卖盘,002017,2025-10-17 22:47:31
10:37:51,26.36,0.0,49,129164,卖盘,002017,2025-10-17 22:47:31
10:37:54,26.36,0.0,7,18452,卖盘,002017,2025-10-17 22:47:31
10:37:57,26.36,0.0,90,237240,卖盘,002017,2025-10-17 22:47:31
10:38:03,26.36,0.0,30,79080,卖盘,002017,2025-10-17 22:47:31
10:38:06,26.36,0.0,17,44812,卖盘,002017,2025-10-17 22:47:31
10:38:12,26.36,0.0,109,287324,卖盘,002017,2025-10-17 22:47:31
10:38:15,26.36,0.0,10,26360,卖盘,002017,2025-10-17 22:47:31
10:38:18,26.36,0.0,15,39540,卖盘,002017,2025-10-17 22:47:31
10:38:21,26.36,0.0,14,36904,卖盘,002017,2025-10-17 22:47:31
10:38:24,26.36,0.0,26,68536,卖盘,002017,2025-10-17 22:47:31
10:38:30,26.36,0.0,30,79080,卖盘,002017,2025-10-17 22:47:31
10:38:33,26.36,0.0,11,28996,卖盘,002017,2025-10-17 22:47:31
10:38:36,26.36,0.0,1,2636,卖盘,002017,2025-10-17 22:47:31
10:38:39,26.36,0.0,22,57992,卖盘,002017,2025-10-17 22:47:31
10:38:42,26.36,0.0,13,34268,卖盘,002017,2025-10-17 22:47:31
10:38:51,26.36,0.0,3,7908,卖盘,002017,2025-10-17 22:47:31
10:38:57,26.36,0.0,40,105440,卖盘,002017,2025-10-17 22:47:31
10:39:00,26.36,0.0,63,166068,卖盘,002017,2025-10-17 22:47:31
10:39:03,26.36,0.0,8,21088,卖盘,002017,2025-10-17 22:47:31
10:39:06,26.36,0.0,5,13180,卖盘,002017,2025-10-17 22:47:31
10:39:09,26.36,0.0,62,163432,卖盘,002017,2025-10-17 22:47:31
10:39:12,26.36,0.0,24,63264,卖盘,002017,2025-10-17 22:47:31
10:39:15,26.36,0.0,3,7908,卖盘,002017,2025-10-17 22:47:31
10:39:21,26.36,0.0,1,2636,卖盘,002017,2025-10-17 22:47:31
10:39:24,26.36,0.0,30,79080,卖盘,002017,2025-10-17 22:47:31
10:39:33,26.36,0.0,15,39540,卖盘,002017,2025-10-17 22:47:31
10:39:36,26.36,0.0,6,15816,卖盘,002017,2025-10-17 22:47:31
10:39:39,26.36,0.0,10,26360,卖盘,002017,2025-10-17 22:47:31
10:39:42,26.36,0.0,4,10544,卖盘,002017,2025-10-17 22:47:31
10:39:45,26.36,0.0,3,7908,卖盘,002017,2025-10-17 22:47:31
10:39:48,26.36,0.0,1,2636,卖盘,002017,2025-10-17 22:47:31
10:39:54,26.36,0.0,8,21088,卖盘,002017,2025-10-17 22:47:31
10:39:57,26.36,0.0,7,18452,卖盘,002017,2025-10-17 22:47:31
10:40:00,26.36,0.0,8,21088,卖盘,002017,2025-10-17 22:47:31
10:40:03,26.36,0.0,5,13180,卖盘,002017,2025-10-17 22:47:31
10:40:12,26.36,0.0,4,10544,卖盘,002017,2025-10-17 22:47:31
10:40:15,26.36,0.0,33,86988,卖盘,002017,2025-10-17 22:47:31
10:40:18,26.36,0.0,7,18452,卖盘,002017,2025-10-17 22:47:31
10:40:21,26.36,0.0,12,31632,卖盘,002017,2025-10-17 22:47:31
10:40:24,26.36,0.0,6,15816,卖盘,002017,2025-10-17 22:47:31
10:40:27,26.36,0.0,11,28996,卖盘,002017,2025-10-17 22:47:31
10:40:30,26.36,0.0,9,23724,卖盘,002017,2025-10-17 22:47:31
10:40:33,26.36,0.0,32,84352,卖盘,002017,2025-10-17 22:47:31
10:40:36,26.36,0.0,8,21088,卖盘,002017,2025-10-17 22:47:31
10:40:39,26.36,0.0,15,39540,卖盘,002017,2025-10-17 22:47:31
10:40:42,26.36,0.0,6,15816,卖盘,002017,2025-10-17 22:47:31
10:40:45,26.36,0.0,14,36904,卖盘,002017,2025-10-17 22:47:31
10:40:48,26.36,0.0,8,21088,卖盘,002017,2025-10-17 22:47:31
10:40:51,26.36,0.0,2,5272,卖盘,002017,2025-10-17 22:47:31
10:40:54,26.36,0.0,18,47448,卖盘,002017,2025-10-17 22:47:31
10:40:57,26.36,0.0,3,7908,卖盘,002017,2025-10-17 22:47:31
10:41:00,26.36,0.0,6,15816,卖盘,002017,2025-10-17 22:47:31
10:41:03,26.36,0.0,32,84352,卖盘,002017,2025-10-17 22:47:31
10:41:06,26.36,0.0,6,15816,卖盘,002017,2025-10-17 22:47:31
10:41:09,26.36,0.0,8,21088,卖盘,002017,2025-10-17 22:47:31
10:41:12,26.36,0.0,5,13180,卖盘,002017,2025-10-17 22:47:31
10:41:15,26.36,0.0,6,15816,卖盘,002017,2025-10-17 22:47:31
10:41:18,26.36,0.0,25,65900,卖盘,002017,2025-10-17 22:47:31
10:41:21,26.36,0.0,55,144980,卖盘,002017,2025-10-17 22:47:31
10:41:24,26.36,0.0,2,5272,卖盘,002017,2025-10-17 22:47:31
10:41:27,26.36,0.0,12,31632,卖盘,002017,2025-10-17 22:47:31
10:41:30,26.36,0.0,89,234604,卖盘,002017,2025-10-17 22:47:31
10:41:33,26.36,0.0,2,5272,卖盘,002017,2025-10-17 22:47:31
10:41:39,26.36,0.0,9,23724,卖盘,002017,2025-10-17 22:47:31
10:41:42,26.36,0.0,6,15816,卖盘,002017,2025-10-17 22:47:31
10:41:45,26.36,0.0,2,5272,卖盘,002017,2025-10-17 22:47:31
10:41:48,26.36,0.0,27,71172,卖盘,002017,2025-10-17 22:47:31
10:41:51,26.36,0.0,1,2636,卖盘,002017,2025-10-17 22:47:31
10:41:54,26.36,0.0,1,2636,卖盘,002017,2025-10-17 22:47:31
10:41:57,26.36,0.0,37,97532,卖盘,002017,2025-10-17 22:47:31
10:42:00,26.36,0.0,2,5272,卖盘,002017,2025-10-17 22:47:31
10:42:09,26.36,0.0,4,10544,卖盘,002017,2025-10-17 22:47:31
10:42:12,26.36,0.0,1,2636,卖盘,002017,2025-10-17 22:47:31
10:42:15,26.36,0.0,24,63264,卖盘,002017,2025-10-17 22:47:31
10:42:18,26.36,0.0,3,7908,卖盘,002017,2025-10-17 22:47:31
10:42:21,26.36,0.0,1,2636,卖盘,002017,2025-10-17 22:47:31
10:42:30,26.36,0.0,1,2636,卖盘,002017,2025-10-17 22:47:31
10:42:33,26.36,0.0,1,2636,卖盘,002017,2025-10-17 22:47:31
10:42:36,26.36,0.0,2,5272,卖盘,002017,2025-10-17 22:47:31
10:42:39,26.36,0.0,2,5272,卖盘,002017,2025-10-17 22:47:31
10:42:42,26.36,0.0,1,2636,卖盘,002017,2025-10-17 22:47:31
10:42:45,26.36,0.0,156,411216,卖盘,002017,2025-10-17 22:47:31
10:42:48,26.36,0.0,31,81716,卖盘,002017,2025-10-17 22:47:31
10:42:54,26.36,0.0,15,39540,卖盘,002017,2025-10-17 22:47:31
10:42:57,26.36,0.0,153,403308,卖盘,002017,2025-10-17 22:47:31
10:43:00,26.36,0.0,4,10544,卖盘,002017,2025-10-17 22:47:31
10:43:03,26.36,0.0,8,21088,卖盘,002017,2025-10-17 22:47:31
10:43:06,26.36,0.0,48,126528,卖盘,002017,2025-10-17 22:47:31
10:43:09,26.36,0.0,11,28996,卖盘,002017,2025-10-17 22:47:31
10:43:12,26.36,0.0,27,71172,卖盘,002017,2025-10-17 22:47:31
10:43:15,26.36,0.0,8,21088,卖盘,002017,2025-10-17 22:47:31
10:43:18,26.36,0.0,216,569376,卖盘,002017,2025-10-17 22:47:31
10:43:24,26.36,0.0,2,5272,卖盘,002017,2025-10-17 22:47:31
10:43:27,26.36,0.0,3,7908,卖盘,002017,2025-10-17 22:47:31
10:43:30,26.36,0.0,20,52720,卖盘,002017,2025-10-17 22:47:31
10:43:33,26.36,0.0,10,26360,卖盘,002017,2025-10-17 22:47:31
10:43:36,26.36,0.0,101,266236,卖盘,002017,2025-10-17 22:47:31
10:43:39,26.36,0.0,3,7908,卖盘,002017,2025-10-17 22:47:31
10:43:42,26.36,0.0,5,13180,卖盘,002017,2025-10-17 22:47:31
10:43:48,26.36,0.0,105,276780,卖盘,002017,2025-10-17 22:47:31
10:43:51,26.36,0.0,10,26360,卖盘,002017,2025-10-17 22:47:31
10:43:54,26.36,0.0,8,21088,卖盘,002017,2025-10-17 22:47:31
10:44:00,26.36,0.0,16,42176,卖盘,002017,2025-10-17 22:47:31
10:44:03,26.36,0.0,400,1054400,卖盘,002017,2025-10-17 22:47:31
10:44:06,26.36,0.0,40,105440,卖盘,002017,2025-10-17 22:47:31
10:44:09,26.36,0.0,14,36904,卖盘,002017,2025-10-17 22:47:31
10:44:12,26.36,0.0,27,71172,卖盘,002017,2025-10-17 22:47:31
10:44:15,26.36,0.0,8,21088,卖盘,002017,2025-10-17 22:47:31
10:44:21,26.36,0.0,4,10544,卖盘,002017,2025-10-17 22:47:31
10:44:24,26.36,0.0,25,65900,卖盘,002017,2025-10-17 22:47:31
10:44:33,26.36,0.0,136,358496,卖盘,002017,2025-10-17 22:47:31
10:44:39,26.36,0.0,2,5272,卖盘,002017,2025-10-17 22:47:31
10:44:45,26.36,0.0,15,39540,卖盘,002017,2025-10-17 22:47:31
10:44:48,26.36,0.0,13,34268,卖盘,002017,2025-10-17 22:47:31
10:44:54,26.36,0.0,14,36904,卖盘,002017,2025-10-17 22:47:31
10:44:57,26.36,0.0,4,10544,卖盘,002017,2025-10-17 22:47:31
10:45:00,26.36,0.0,18,47448,卖盘,002017,2025-10-17 22:47:31
10:45:03,26.36,0.0,10,26360,卖盘,002017,2025-10-17 22:47:31
10:45:12,26.36,0.0,11,28996,卖盘,002017,2025-10-17 22:47:31
10:45:15,26.36,0.0,13,34268,卖盘,002017,2025-10-17 22:47:31
10:45:18,26.36,0.0,22,57992,卖盘,002017,2025-10-17 22:47:31
10:45:21,26.36,0.0,8,21088,卖盘,002017,2025-10-17 22:47:31
10:45:24,26.36,0.0,8,21088,卖盘,002017,2025-10-17 22:47:31
10:45:27,26.36,0.0,34,89624,卖盘,002017,2025-10-17 22:47:31
10:45:30,26.36,0.0,10,26360,卖盘,002017,2025-10-17 22:47:31
10:45:36,26.36,0.0,26,68536,卖盘,002017,2025-10-17 22:47:31
10:45:39,26.36,0.0,3,7908,卖盘,002017,2025-10-17 22:47:31
10:45:45,26.36,0.0,7,18452,卖盘,002017,2025-10-17 22:47:31
10:45:48,26.36,0.0,18,47448,卖盘,002017,2025-10-17 22:47:31
10:45:51,26.36,0.0,32,84352,卖盘,002017,2025-10-17 22:47:31
10:45:54,26.36,0.0,13,34268,卖盘,002017,2025-10-17 22:47:31
10:45:57,26.36,0.0,3,7908,卖盘,002017,2025-10-17 22:47:31
10:46:03,26.36,0.0,33,86988,卖盘,002017,2025-10-17 22:47:31
10:46:06,26.36,0.0,16,42176,卖盘,002017,2025-10-17 22:47:31
10:46:09,26.36,0.0,3,7908,卖盘,002017,2025-10-17 22:47:31
10:46:12,26.36,0.0,2,5272,卖盘,002017,2025-10-17 22:47:31
10:46:15,26.36,0.0,20,52720,卖盘,002017,2025-10-17 22:47:31
10:46:18,26.36,0.0,8,21088,卖盘,002017,2025-10-17 22:47:31
10:46:21,26.36,0.0,11,28996,卖盘,002017,2025-10-17 22:47:31
10:46:24,26.36,0.0,3,7908,卖盘,002017,2025-10-17 22:47:31
10:46:27,26.36,0.0,6,15816,卖盘,002017,2025-10-17 22:47:31
10:46:30,26.36,0.0,101,266236,卖盘,002017,2025-10-17 22:47:31
10:46:33,26.36,0.0,1,2636,卖盘,002017,2025-10-17 22:47:31
10:46:42,26.36,0.0,7,18452,卖盘,002017,2025-10-17 22:47:31
10:46:45,26.36,0.0,46,121256,卖盘,002017,2025-10-17 22:47:31
10:46:48,26.36,0.0,6,15816,卖盘,002017,2025-10-17 22:47:31
10:46:54,26.36,0.0,11,28996,卖盘,002017,2025-10-17 22:47:31
10:47:00,26.36,0.0,10,26360,卖盘,002017,2025-10-17 22:47:31
10:47:03,26.36,0.0,1,2636,卖盘,002017,2025-10-17 22:47:31
10:47:06,26.36,0.0,8,21088,卖盘,002017,2025-10-17 22:47:31
10:47:09,26.36,0.0,5,13180,卖盘,002017,2025-10-17 22:47:31
10:47:12,26.36,0.0,14,36904,卖盘,002017,2025-10-17 22:47:31
10:47:15,26.36,0.0,11,28996,卖盘,002017,2025-10-17 22:47:31
10:47:21,26.36,0.0,2,5272,卖盘,002017,2025-10-17 22:47:31
10:47:24,26.36,0.0,11,28996,卖盘,002017,2025-10-17 22:47:31
10:47:27,26.36,0.0,4,10544,卖盘,002017,2025-10-17 22:47:31
10:47:36,26.36,0.0,23,60628,卖盘,002017,2025-10-17 22:47:31
10:47:39,26.36,0.0,14,36904,卖盘,002017,2025-10-17 22:47:31
10:47:42,26.36,0.0,30,79080,卖盘,002017,2025-10-17 22:47:31
10:47:45,26.36,0.0,2,5272,卖盘,002017,2025-10-17 22:47:31
10:47:51,26.36,0.0,13,34268,卖盘,002017,2025-10-17 22:47:31
10:47:54,26.36,0.0,112,295232,卖盘,002017,2025-10-17 22:47:31
10:47:57,26.36,0.0,1,2636,卖盘,002017,2025-10-17 22:47:31
10:48:00,26.36,0.0,20,52720,卖盘,002017,2025-10-17 22:47:31
10:48:03,26.36,0.0,50,131800,卖盘,002017,2025-10-17 22:47:31
10:48:06,26.36,0.0,12,31632,卖盘,002017,2025-10-17 22:47:31
10:48:12,26.36,0.0,7,18452,卖盘,002017,2025-10-17 22:47:31
10:48:15,26.36,0.0,5,13180,卖盘,002017,2025-10-17 22:47:31
10:48:21,26.36,0.0,10,26360,卖盘,002017,2025-10-17 22:47:31
10:48:24,26.36,0.0,1,2636,卖盘,002017,2025-10-17 22:47:31
10:48:39,26.36,0.0,3,7908,卖盘,002017,2025-10-17 22:47:31
10:48:42,26.36,0.0,6,15816,卖盘,002017,2025-10-17 22:47:31
10:48:51,26.36,0.0,5,13180,卖盘,002017,2025-10-17 22:47:31
10:48:54,26.36,0.0,12,31632,卖盘,002017,2025-10-17 22:47:31
10:48:57,26.36,0.0,5,13180,卖盘,002017,2025-10-17 22:47:31
10:49:00,26.36,0.0,1,2636,卖盘,002017,2025-10-17 22:47:31
10:49:09,26.36,0.0,2,5272,卖盘,002017,2025-10-17 22:47:31
10:49:12,26.36,0.0,1,2636,卖盘,002017,2025-10-17 22:47:31
10:49:15,26.36,0.0,8,21088,卖盘,002017,2025-10-17 22:47:31
10:49:18,26.36,0.0,15,39540,卖盘,002017,2025-10-17 22:47:31
10:49:21,26.36,0.0,4,10544,卖盘,002017,2025-10-17 22:47:31
10:49:24,26.36,0.0,2,5272,卖盘,002017,2025-10-17 22:47:31
10:49:27,26.36,0.0,27,71172,卖盘,002017,2025-10-17 22:47:31
10:49:30,26.36,0.0,16,42176,卖盘,002017,2025-10-17 22:47:31
10:49:36,26.36,0.0,4,10544,卖盘,002017,2025-10-17 22:47:31
10:49:39,26.36,0.0,10,26360,卖盘,002017,2025-10-17 22:47:31
10:49:45,26.36,0.0,14,36904,卖盘,002017,2025-10-17 22:47:31
10:49:48,26.36,0.0,40,105440,卖盘,002017,2025-10-17 22:47:31
10:49:54,26.36,0.0,27,71172,卖盘,002017,2025-10-17 22:47:31
10:49:57,26.36,0.0,37,97532,卖盘,002017,2025-10-17 22:47:31
10:50:03,26.36,0.0,1,2636,卖盘,002017,2025-10-17 22:47:31
10:50:06,26.36,0.0,14,36904,卖盘,002017,2025-10-17 22:47:31
10:50:09,26.36,0.0,9,23724,卖盘,002017,2025-10-17 22:47:31
10:50:12,26.36,0.0,1,2636,卖盘,002017,2025-10-17 22:47:31
10:50:18,26.36,0.0,3,7908,卖盘,002017,2025-10-17 22:47:31
10:50:21,26.36,0.0,3,7908,卖盘,002017,2025-10-17 22:47:31
10:50:27,26.36,0.0,5,13180,卖盘,002017,2025-10-17 22:47:31
10:50:36,26.36,0.0,5,13180,卖盘,002017,2025-10-17 22:47:31
10:50:39,26.36,0.0,19,50084,卖盘,002017,2025-10-17 22:47:31
10:50:45,26.36,0.0,9,23724,卖盘,002017,2025-10-17 22:47:31
10:50:48,26.36,0.0,20,52720,卖盘,002017,2025-10-17 22:47:31
10:50:51,26.36,0.0,1,2636,卖盘,002017,2025-10-17 22:47:31
10:50:54,26.36,0.0,14,36904,卖盘,002017,2025-10-17 22:47:31
10:51:00,26.36,0.0,5,13180,卖盘,002017,2025-10-17 22:47:31
10:51:03,26.36,0.0,2,5272,卖盘,002017,2025-10-17 22:47:31
10:51:06,26.36,0.0,4,10544,卖盘,002017,2025-10-17 22:47:31
10:51:09,26.36,0.0,10,26360,卖盘,002017,2025-10-17 22:47:31
10:51:12,26.36,0.0,17,44812,卖盘,002017,2025-10-17 22:47:31
10:51:15,26.36,0.0,5,13180,卖盘,002017,2025-10-17 22:47:31
10:51:21,26.36,0.0,6,15816,卖盘,002017,2025-10-17 22:47:31
10:51:24,26.36,0.0,3,7908,卖盘,002017,2025-10-17 22:47:31
10:51:27,26.36,0.0,8,21088,卖盘,002017,2025-10-17 22:47:31
10:51:30,26.36,0.0,3,7908,卖盘,002017,2025-10-17 22:47:31
10:51:33,26.36,0.0,1,2636,卖盘,002017,2025-10-17 22:47:31
10:51:36,26.36,0.0,1,2636,卖盘,002017,2025-10-17 22:47:31
10:51:42,26.36,0.0,14,36904,卖盘,002017,2025-10-17 22:47:31
10:51:51,26.36,0.0,2,5272,卖盘,002017,2025-10-17 22:47:31
10:51:54,26.36,0.0,3,7908,卖盘,002017,2025-10-17 22:47:31
10:52:00,26.36,0.0,1,2636,卖盘,002017,2025-10-17 22:47:31
10:52:03,26.36,0.0,5,13180,卖盘,002017,2025-10-17 22:47:31
10:52:09,26.36,0.0,4,10544,卖盘,002017,2025-10-17 22:47:31
10:52:12,26.36,0.0,5,13180,卖盘,002017,2025-10-17 22:47:31
10:52:21,26.36,0.0,11,28996,卖盘,002017,2025-10-17 22:47:31
10:52:24,26.36,0.0,11,28996,卖盘,002017,2025-10-17 22:47:31
10:52:30,26.36,0.0,11,28996,卖盘,002017,2025-10-17 22:47:31
10:52:33,26.36,0.0,11,28996,卖盘,002017,2025-10-17 22:47:31
10:52:36,26.36,0.0,3,7908,卖盘,002017,2025-10-17 22:47:31
10:52:42,26.36,0.0,22,57992,卖盘,002017,2025-10-17 22:47:31
10:52:48,26.36,0.0,8,21088,卖盘,002017,2025-10-17 22:47:31
10:52:51,26.36,0.0,26,68536,卖盘,002017,2025-10-17 22:47:31
10:52:54,26.36,0.0,21,55356,卖盘,002017,2025-10-17 22:47:31
10:52:57,26.36,0.0,19,50084,卖盘,002017,2025-10-17 22:47:31
10:53:00,26.36,0.0,2,5272,卖盘,002017,2025-10-17 22:47:31
10:53:06,26.36,0.0,67,176612,卖盘,002017,2025-10-17 22:47:31
10:53:09,26.36,0.0,1,2636,卖盘,002017,2025-10-17 22:47:31
10:53:12,26.36,0.0,12,31632,卖盘,002017,2025-10-17 22:47:31
10:53:15,26.36,0.0,2,5272,卖盘,002017,2025-10-17 22:47:31
10:53:18,26.36,0.0,25,65900,卖盘,002017,2025-10-17 22:47:31
10:53:21,26.36,0.0,5,13180,卖盘,002017,2025-10-17 22:47:31
10:53:30,26.36,0.0,10,26360,卖盘,002017,2025-10-17 22:47:31
10:53:33,26.36,0.0,26,68536,卖盘,002017,2025-10-17 22:47:31
10:53:36,26.36,0.0,2,5272,卖盘,002017,2025-10-17 22:47:31
10:53:39,26.36,0.0,3,7908,卖盘,002017,2025-10-17 22:47:31
10:53:45,26.36,0.0,5,13180,卖盘,002017,2025-10-17 22:47:31
10:53:48,26.36,0.0,38,100168,卖盘,002017,2025-10-17 22:47:31
10:53:51,26.36,0.0,7,18452,卖盘,002017,2025-10-17 22:47:31
10:53:54,26.36,0.0,15,39540,卖盘,002017,2025-10-17 22:47:31
10:53:57,26.36,0.0,2,5272,卖盘,002017,2025-10-17 22:47:31
10:54:00,26.36,0.0,5,13180,卖盘,002017,2025-10-17 22:47:31
10:54:03,26.36,0.0,10,26360,卖盘,002017,2025-10-17 22:47:31
10:54:06,26.36,0.0,2,5272,卖盘,002017,2025-10-17 22:47:31
10:54:09,26.36,0.0,5,13180,卖盘,002017,2025-10-17 22:47:31
10:54:12,26.36,0.0,31,81716,卖盘,002017,2025-10-17 22:47:31
10:54:15,26.36,0.0,5,13180,卖盘,002017,2025-10-17 22:47:31
10:54:18,26.36,0.0,1,2636,卖盘,002017,2025-10-17 22:47:31
10:54:24,26.36,0.0,5,13180,卖盘,002017,2025-10-17 22:47:31
10:54:30,26.36,0.0,11,28996,卖盘,002017,2025-10-17 22:47:31
10:54:36,26.36,0.0,2,5272,卖盘,002017,2025-10-17 22:47:31
10:54:42,26.36,0.0,8,21088,卖盘,002017,2025-10-17 22:47:31
10:54:45,26.36,0.0,1,2636,卖盘,002017,2025-10-17 22:47:31
10:54:48,26.36,0.0,20,52720,卖盘,002017,2025-10-17 22:47:31
10:54:51,26.36,0.0,4,10544,卖盘,002017,2025-10-17 22:47:31
10:54:57,26.36,0.0,12,31632,卖盘,002017,2025-10-17 22:47:31
10:55:03,26.36,0.0,104,274144,卖盘,002017,2025-10-17 22:47:31
10:55:06,26.36,0.0,33,86988,卖盘,002017,2025-10-17 22:47:31
10:55:09,26.36,0.0,5,13180,卖盘,002017,2025-10-17 22:47:31
10:55:18,26.36,0.0,1,2636,卖盘,002017,2025-10-17 22:47:31
10:55:21,26.36,0.0,20,52720,卖盘,002017,2025-10-17 22:47:31
10:55:27,26.36,0.0,24,63264,卖盘,002017,2025-10-17 22:47:31
10:55:30,26.36,0.0,2,5272,卖盘,002017,2025-10-17 22:47:31
10:55:36,26.36,0.0,4,10544,卖盘,002017,2025-10-17 22:47:31
10:55:39,26.36,0.0,1,2636,卖盘,002017,2025-10-17 22:47:31
10:55:42,26.36,0.0,3,7908,卖盘,002017,2025-10-17 22:47:31
10:55:45,26.36,0.0,1,2636,卖盘,002017,2025-10-17 22:47:31
10:55:48,26.36,0.0,22,57992,卖盘,002017,2025-10-17 22:47:31
10:56:15,26.36,0.0,10,26360,卖盘,002017,2025-10-17 22:47:31
10:56:18,26.36,0.0,17,44812,卖盘,002017,2025-10-17 22:47:31
10:56:21,26.36,0.0,8,21088,卖盘,002017,2025-10-17 22:47:31
10:56:30,26.36,0.0,1,2636,卖盘,002017,2025-10-17 22:47:31
10:56:33,26.36,0.0,6,15816,卖盘,002017,2025-10-17 22:47:31
10:56:45,26.36,0.0,27,71172,卖盘,002017,2025-10-17 22:47:31
10:56:48,26.36,0.0,4,10544,卖盘,002017,2025-10-17 22:47:31
10:56:51,26.36,0.0,4,10544,卖盘,002017,2025-10-17 22:47:31
10:56:57,26.36,0.0,10,26360,卖盘,002017,2025-10-17 22:47:31
10:57:03,26.36,0.0,3,7908,卖盘,002017,2025-10-17 22:47:31
10:57:06,26.36,0.0,13,34268,卖盘,002017,2025-10-17 22:47:31
10:57:09,26.36,0.0,3,7908,卖盘,002017,2025-10-17 22:47:31
10:57:12,26.36,0.0,4,10544,卖盘,002017,2025-10-17 22:47:31
10:57:15,26.36,0.0,5,13180,卖盘,002017,2025-10-17 22:47:31
10:57:18,26.36,0.0,1,2636,卖盘,002017,2025-10-17 22:47:31
10:57:21,26.36,0.0,67,176612,卖盘,002017,2025-10-17 22:47:31
10:57:30,26.36,0.0,2,5272,卖盘,002017,2025-10-17 22:47:31
10:57:36,26.36,0.0,9,23724,卖盘,002017,2025-10-17 22:47:31
10:57:51,26.36,0.0,10,26360,卖盘,002017,2025-10-17 22:47:31
10:57:54,26.36,0.0,3,7908,卖盘,002017,2025-10-17 22:47:31
10:58:00,26.36,0.0,4,10544,卖盘,002017,2025-10-17 22:47:31
10:58:03,26.36,0.0,13,34268,卖盘,002017,2025-10-17 22:47:31
10:58:06,26.36,0.0,41,108076,卖盘,002017,2025-10-17 22:47:31
10:58:09,26.36,0.0,3,7908,卖盘,002017,2025-10-17 22:47:31
10:58:15,26.36,0.0,2,5272,卖盘,002017,2025-10-17 22:47:31
10:58:21,26.36,0.0,29,76444,卖盘,002017,2025-10-17 22:47:31
10:58:24,26.36,0.0,14,36904,卖盘,002017,2025-10-17 22:47:31
10:58:27,26.36,0.0,17,44812,卖盘,002017,2025-10-17 22:47:31
10:58:30,26.36,0.0,7,18452,卖盘,002017,2025-10-17 22:47:31
10:58:42,26.36,0.0,27,71172,卖盘,002017,2025-10-17 22:47:31
10:58:45,26.36,0.0,2,5272,卖盘,002017,2025-10-17 22:47:31
10:58:54,26.36,0.0,1,2636,卖盘,002017,2025-10-17 22:47:31
10:58:57,26.36,0.0,5,13180,卖盘,002017,2025-10-17 22:47:31
10:59:03,26.36,0.0,4,10544,卖盘,002017,2025-10-17 22:47:31
10:59:09,26.36,0.0,1,2636,卖盘,002017,2025-10-17 22:47:31
10:59:12,26.36,0.0,4,10544,卖盘,002017,2025-10-17 22:47:31
10:59:18,26.36,0.0,102,268872,卖盘,002017,2025-10-17 22:47:31
10:59:24,26.36,0.0,6,15816,卖盘,002017,2025-10-17 22:47:31
10:59:30,26.36,0.0,28,73808,卖盘,002017,2025-10-17 22:47:31
10:59:36,26.36,0.0,1,2636,卖盘,002017,2025-10-17 22:47:31
10:59:39,26.36,0.0,5,13180,卖盘,002017,2025-10-17 22:47:31
10:59:42,26.36,0.0,32,84352,卖盘,002017,2025-10-17 22:47:31
10:59:48,26.36,0.0,15,39540,卖盘,002017,2025-10-17 22:47:31
10:59:51,26.36,0.0,14,36904,卖盘,002017,2025-10-17 22:47:31
10:59:54,26.36,0.0,6,15816,卖盘,002017,2025-10-17 22:47:31
10:59:57,26.36,0.0,3,7908,卖盘,002017,2025-10-17 22:47:31
11:00:00,26.36,0.0,30,79080,卖盘,002017,2025-10-17 22:47:31
11:00:03,26.36,0.0,20,52720,卖盘,002017,2025-10-17 22:47:31
11:00:06,26.36,0.0,7,18452,卖盘,002017,2025-10-17 22:47:31
11:00:09,26.36,0.0,1,2636,卖盘,002017,2025-10-17 22:47:31
11:00:12,26.36,0.0,6,15816,卖盘,002017,2025-10-17 22:47:31
11:00:15,26.36,0.0,1,2636,卖盘,002017,2025-10-17 22:47:31
11:00:18,26.36,0.0,5,13180,卖盘,002017,2025-10-17 22:47:31
11:00:21,26.36,0.0,8,21088,卖盘,002017,2025-10-17 22:47:31
11:00:24,26.36,0.0,3,7908,卖盘,002017,2025-10-17 22:47:31
11:00:30,26.36,0.0,3,7908,卖盘,002017,2025-10-17 22:47:31
11:00:33,26.36,0.0,12,31632,卖盘,002017,2025-10-17 22:47:31
11:00:36,26.36,0.0,30,79080,卖盘,002017,2025-10-17 22:47:31
11:00:39,26.36,0.0,10,26360,卖盘,002017,2025-10-17 22:47:31
11:00:42,26.36,0.0,25,65900,卖盘,002017,2025-10-17 22:47:31
11:00:45,26.36,0.0,7,18452,卖盘,002017,2025-10-17 22:47:31
11:00:48,26.36,0.0,22,57992,卖盘,002017,2025-10-17 22:47:31
11:00:54,26.36,0.0,9,23724,卖盘,002017,2025-10-17 22:47:31
11:00:57,26.36,0.0,11,28996,卖盘,002017,2025-10-17 22:47:31
11:01:00,26.36,0.0,5,13180,卖盘,002017,2025-10-17 22:47:31
11:01:03,26.36,0.0,1,2636,卖盘,002017,2025-10-17 22:47:31
11:01:06,26.36,0.0,1,2636,卖盘,002017,2025-10-17 22:47:31
11:01:09,26.36,0.0,3,7908,卖盘,002017,2025-10-17 22:47:31
11:01:12,26.36,0.0,3,7908,卖盘,002017,2025-10-17 22:47:31
11:01:15,26.36,0.0,9,23988,卖盘,002017,2025-10-17 22:47:31
11:01:18,26.36,0.0,2,5272,卖盘,002017,2025-10-17 22:47:31
11:01:21,26.36,0.0,7,18452,卖盘,002017,2025-10-17 22:47:31
11:01:24,26.36,0.0,13,34268,卖盘,002017,2025-10-17 22:47:31
11:01:33,26.36,0.0,1,2636,卖盘,002017,2025-10-17 22:47:31
11:01:42,26.36,0.0,7,18452,卖盘,002017,2025-10-17 22:47:31
11:01:45,26.36,0.0,3,7908,卖盘,002017,2025-10-17 22:47:31
11:01:51,26.36,0.0,7,18452,卖盘,002017,2025-10-17 22:47:31
11:01:54,26.36,0.0,3,7908,卖盘,002017,2025-10-17 22:47:31
11:01:57,26.36,0.0,10,26360,卖盘,002017,2025-10-17 22:47:31
11:02:00,26.36,0.0,44,115984,卖盘,002017,2025-10-17 22:47:31
11:02:03,26.36,0.0,7,18452,卖盘,002017,2025-10-17 22:47:31
11:02:06,26.36,0.0,34,89624,卖盘,002017,2025-10-17 22:47:31
11:02:12,26.36,0.0,2,5272,卖盘,002017,2025-10-17 22:47:31
11:02:18,26.36,0.0,9,23724,卖盘,002017,2025-10-17 22:47:31
11:02:21,26.36,0.0,2,5272,卖盘,002017,2025-10-17 22:47:31
11:02:24,26.36,0.0,9,23724,卖盘,002017,2025-10-17 22:47:31
11:02:27,26.36,0.0,8,21088,卖盘,002017,2025-10-17 22:47:31
11:02:48,26.36,0.0,27,71172,卖盘,002017,2025-10-17 22:47:31
11:03:00,26.36,0.0,1,2636,卖盘,002017,2025-10-17 22:47:31
11:03:03,26.36,0.0,13,34268,卖盘,002017,2025-10-17 22:47:31
11:03:06,26.36,0.0,10,26360,卖盘,002017,2025-10-17 22:47:31
