时间,成交价,价格变动,成交量,成交额,买卖盘性质,股票代码,采集时间
09:25:00,12.15,0.15,22159,26923185,买盘,002040,2025-10-17 22:56:21
09:30:00,12.2,0.05,17592,21385167,买盘,002040,2025-10-17 22:56:21
09:30:03,12.28,0.08,9634,11782734,买盘,002040,2025-10-17 22:56:21
09:30:06,12.36,0.08,1856,2296024,买盘,002040,2025-10-17 22:56:21
09:30:09,12.45,0.09,1739,2164176,买盘,002040,2025-10-17 22:56:21
09:30:12,12.47,0.02,1436,1792597,买盘,002040,2025-10-17 22:56:21
09:30:15,12.52,0.05,3658,4581729,买盘,002040,2025-10-17 22:56:21
09:30:18,12.56,0.04,2429,3048823,买盘,002040,2025-10-17 22:56:21
09:30:21,12.6,0.04,1212,1525583,买盘,002040,2025-10-17 22:56:21
09:30:24,12.55,-0.05,3735,4703705,卖盘,002040,2025-10-17 22:56:21
09:30:27,12.47,-0.08,4482,5606428,卖盘,002040,2025-10-17 22:56:21
09:30:30,12.46,-0.01,5664,7058587,卖盘,002040,2025-10-17 22:56:21
09:30:33,12.53,0.07,8780,10974417,买盘,002040,2025-10-17 22:56:21
09:30:36,12.59,0.06,5075,6378206,买盘,002040,2025-10-17 22:56:21
09:30:39,12.66,0.07,1468,1855343,买盘,002040,2025-10-17 22:56:21
09:30:42,12.72,0.06,2913,3712165,买盘,002040,2025-10-17 22:56:21
09:30:45,12.8,0.08,2089,2662967,买盘,002040,2025-10-17 22:56:21
09:30:48,12.84,0.04,2611,3338657,买盘,002040,2025-10-17 22:56:21
09:30:51,12.86,0.02,2603,3335858,买盘,002040,2025-10-17 22:56:21
09:30:54,12.79,-0.07,1730,2215235,卖盘,002040,2025-10-17 22:56:21
09:30:57,12.53,-0.26,1738,2198823,卖盘,002040,2025-10-17 22:56:21
09:31:00,12.67,0.14,1894,2394424,买盘,002040,2025-10-17 22:56:21
09:31:03,12.67,0.0,2071,2626459,买盘,002040,2025-10-17 22:56:21
09:31:06,12.66,-0.01,2633,3340896,卖盘,002040,2025-10-17 22:56:21
09:31:09,12.61,-0.05,2619,3310942,卖盘,002040,2025-10-17 22:56:21
09:31:12,12.54,-0.07,1768,2225987,卖盘,002040,2025-10-17 22:56:21
09:31:15,12.54,0.0,1113,1397689,卖盘,002040,2025-10-17 22:56:21
09:31:18,12.55,0.01,3942,4966374,中性盘,002040,2025-10-17 22:56:21
09:31:21,12.61,0.06,818,1030337,中性盘,002040,2025-10-17 22:56:21
09:31:24,12.66,0.05,935,1182082,买盘,002040,2025-10-17 22:56:21
09:31:27,12.64,-0.02,1332,1681454,中性盘,002040,2025-10-17 22:56:21
09:31:30,12.6,-0.04,1333,1679719,中性盘,002040,2025-10-17 22:56:21
09:31:33,12.57,-0.03,1833,2309529,中性盘,002040,2025-10-17 22:56:21
09:31:36,12.63,0.06,1110,1398457,买盘,002040,2025-10-17 22:56:21
09:31:39,12.58,-0.05,1411,1774357,中性盘,002040,2025-10-17 22:56:21
09:31:42,12.63,0.05,2852,3607526,中性盘,002040,2025-10-17 22:56:21
09:31:45,12.64,0.01,884,1115763,买盘,002040,2025-10-17 22:56:21
09:31:48,12.64,0.0,1411,1788231,卖盘,002040,2025-10-17 22:56:21
09:31:51,12.71,0.07,705,895157,买盘,002040,2025-10-17 22:56:21
09:31:54,12.8,0.09,1632,2086008,买盘,002040,2025-10-17 22:56:21
09:31:57,12.84,0.04,956,1222241,买盘,002040,2025-10-17 22:56:21
09:32:00,12.84,0.0,2736,3501255,买盘,002040,2025-10-17 22:56:21
09:32:03,12.78,-0.06,1933,2468906,中性盘,002040,2025-10-17 22:56:21
09:32:06,12.78,0.0,1458,1857011,买盘,002040,2025-10-17 22:56:21
09:32:09,12.69,-0.09,2573,3269418,卖盘,002040,2025-10-17 22:56:21
09:32:12,12.69,0.0,3737,4758879,卖盘,002040,2025-10-17 22:56:21
09:32:15,12.76,0.07,1658,2109365,买盘,002040,2025-10-17 22:56:21
09:32:18,12.76,0.0,2567,3281243,卖盘,002040,2025-10-17 22:56:21
09:32:21,12.79,0.03,615,786800,买盘,002040,2025-10-17 22:56:21
09:32:24,12.8,0.01,1844,2359792,买盘,002040,2025-10-17 22:56:21
09:32:27,12.8,0.0,806,1031915,卖盘,002040,2025-10-17 22:56:21
09:32:30,12.78,-0.02,3559,4552817,卖盘,002040,2025-10-17 22:56:21
09:32:33,12.77,-0.01,1721,2195500,中性盘,002040,2025-10-17 22:56:21
09:32:36,12.76,-0.01,696,886256,中性盘,002040,2025-10-17 22:56:21
09:32:39,12.7,-0.06,1109,1406492,卖盘,002040,2025-10-17 22:56:21
09:32:42,12.69,-0.01,474,601727,卖盘,002040,2025-10-17 22:56:21
09:32:45,12.63,-0.06,1286,1626222,卖盘,002040,2025-10-17 22:56:21
09:32:48,12.62,-0.01,2130,2686426,卖盘,002040,2025-10-17 22:56:21
09:32:51,12.59,-0.03,859,1083365,卖盘,002040,2025-10-17 22:56:21
09:32:54,12.59,0.0,1531,1930179,买盘,002040,2025-10-17 22:56:21
09:32:57,12.6,0.01,884,1112914,中性盘,002040,2025-10-17 22:56:21
09:33:00,12.62,0.02,543,685304,中性盘,002040,2025-10-17 22:56:21
09:33:03,12.66,0.04,823,1041295,买盘,002040,2025-10-17 22:56:21
09:33:06,12.75,0.09,465,590122,买盘,002040,2025-10-17 22:56:21
09:33:09,12.71,-0.04,850,1083219,卖盘,002040,2025-10-17 22:56:21
09:33:12,12.76,0.05,366,466312,中性盘,002040,2025-10-17 22:56:21
09:33:15,12.77,0.01,1180,1502883,买盘,002040,2025-10-17 22:56:21
09:33:18,12.86,0.09,5240,6713663,买盘,002040,2025-10-17 22:56:21
09:33:21,12.84,-0.02,1020,1311163,卖盘,002040,2025-10-17 22:56:21
09:33:24,12.87,0.03,1275,1641122,买盘,002040,2025-10-17 22:56:21
09:33:27,12.88,0.01,1643,2114231,买盘,002040,2025-10-17 22:56:21
09:33:30,12.89,0.01,1102,1418712,买盘,002040,2025-10-17 22:56:21
09:33:33,12.88,-0.01,2602,3352159,卖盘,002040,2025-10-17 22:56:21
09:33:36,12.86,-0.02,988,1271807,中性盘,002040,2025-10-17 22:56:21
09:33:39,12.86,0.0,2002,2571732,买盘,002040,2025-10-17 22:56:21
09:33:42,12.84,-0.02,4253,5484765,卖盘,002040,2025-10-17 22:56:21
09:33:45,12.92,0.08,1455,1872764,买盘,002040,2025-10-17 22:56:21
09:33:48,12.97,0.05,1446,1861741,买盘,002040,2025-10-17 22:56:21
09:33:51,12.97,0.0,1189,1538610,买盘,002040,2025-10-17 22:56:21
09:33:54,12.97,0.0,973,1262699,中性盘,002040,2025-10-17 22:56:21
09:33:57,12.98,0.01,1272,1650494,买盘,002040,2025-10-17 22:56:21
09:34:00,13.0,0.02,1624,2109353,买盘,002040,2025-10-17 22:56:21
09:34:03,13.0,0.0,1711,2223075,买盘,002040,2025-10-17 22:56:21
09:34:06,13.0,0.0,997,1297522,卖盘,002040,2025-10-17 22:56:21
09:34:09,12.98,-0.02,2556,3317828,卖盘,002040,2025-10-17 22:56:21
09:34:12,12.89,-0.09,1869,2418724,卖盘,002040,2025-10-17 22:56:21
09:34:15,12.87,-0.02,1552,2006449,卖盘,002040,2025-10-17 22:56:21
09:34:18,12.87,0.0,902,1161160,卖盘,002040,2025-10-17 22:56:21
09:34:21,12.85,-0.02,711,914402,卖盘,002040,2025-10-17 22:56:21
09:34:24,12.8,-0.05,659,845623,卖盘,002040,2025-10-17 22:56:21
09:34:27,12.8,0.0,402,515599,买盘,002040,2025-10-17 22:56:21
09:34:30,12.8,0.0,749,957978,买盘,002040,2025-10-17 22:56:21
09:34:33,12.82,0.02,766,980335,买盘,002040,2025-10-17 22:56:21
09:34:36,12.85,0.03,1596,2048209,买盘,002040,2025-10-17 22:56:21
09:34:39,12.86,0.01,671,862153,买盘,002040,2025-10-17 22:56:21
09:34:42,12.86,0.0,479,616250,卖盘,002040,2025-10-17 22:56:21
09:34:45,12.86,0.0,1769,2274448,卖盘,002040,2025-10-17 22:56:21
09:34:48,12.85,-0.01,1155,1485807,卖盘,002040,2025-10-17 22:56:21
09:34:51,12.84,-0.01,967,1244027,卖盘,002040,2025-10-17 22:56:21
09:34:54,12.84,0.0,626,803880,卖盘,002040,2025-10-17 22:56:21
09:34:57,12.84,0.0,480,616167,卖盘,002040,2025-10-17 22:56:21
09:35:00,12.84,0.0,355,455434,买盘,002040,2025-10-17 22:56:21
09:35:03,12.82,-0.02,392,502580,买盘,002040,2025-10-17 22:56:21
09:35:06,12.8,-0.02,1164,1489454,卖盘,002040,2025-10-17 22:56:21
09:35:09,12.8,0.0,906,1156444,买盘,002040,2025-10-17 22:56:21
09:35:12,12.76,-0.04,362,460470,买盘,002040,2025-10-17 22:56:21
09:35:15,12.7,-0.06,255,324104,卖盘,002040,2025-10-17 22:56:21
09:35:18,12.69,-0.01,423,536497,卖盘,002040,2025-10-17 22:56:21
09:35:21,12.69,0.0,437,554321,买盘,002040,2025-10-17 22:56:21
09:35:24,12.64,-0.05,763,967102,卖盘,002040,2025-10-17 22:56:21
09:35:27,12.69,0.05,589,747035,买盘,002040,2025-10-17 22:56:21
09:35:30,12.71,0.02,478,606201,中性盘,002040,2025-10-17 22:56:21
09:35:33,12.79,0.08,441,562659,买盘,002040,2025-10-17 22:56:21
09:35:36,12.79,0.0,95,121426,买盘,002040,2025-10-17 22:56:21
09:35:39,12.79,0.0,298,381234,卖盘,002040,2025-10-17 22:56:21
09:35:42,12.8,0.01,1107,1416839,买盘,002040,2025-10-17 22:56:21
09:35:45,12.8,0.0,653,835899,卖盘,002040,2025-10-17 22:56:21
09:35:48,12.78,-0.02,608,777824,卖盘,002040,2025-10-17 22:56:21
09:35:51,12.7,-0.08,608,775709,卖盘,002040,2025-10-17 22:56:21
09:35:54,12.7,0.0,128,163162,卖盘,002040,2025-10-17 22:56:21
09:35:57,12.68,-0.02,364,462439,卖盘,002040,2025-10-17 22:56:21
09:36:00,12.69,0.01,403,512378,中性盘,002040,2025-10-17 22:56:21
09:36:03,12.68,-0.01,632,802358,卖盘,002040,2025-10-17 22:56:21
09:36:06,12.68,0.0,914,1159511,卖盘,002040,2025-10-17 22:56:21
09:36:09,12.68,0.0,642,814260,买盘,002040,2025-10-17 22:56:21
09:36:12,12.7,0.02,500,634348,买盘,002040,2025-10-17 22:56:21
09:36:15,12.77,0.07,1743,2228565,买盘,002040,2025-10-17 22:56:21
09:36:18,12.79,0.02,674,863548,卖盘,002040,2025-10-17 22:56:21
09:36:21,12.91,0.12,1178,1516449,买盘,002040,2025-10-17 22:56:21
09:36:24,12.9,-0.01,277,357394,卖盘,002040,2025-10-17 22:56:21
09:36:27,12.9,0.0,1107,1428192,卖盘,002040,2025-10-17 22:56:21
09:36:30,12.9,0.0,585,754550,买盘,002040,2025-10-17 22:56:21
09:36:33,12.9,0.0,533,687331,买盘,002040,2025-10-17 22:56:21
09:36:36,12.9,0.0,710,915996,买盘,002040,2025-10-17 22:56:21
09:36:39,12.86,-0.04,933,1203471,卖盘,002040,2025-10-17 22:56:21
09:36:42,12.9,0.04,2807,3607253,买盘,002040,2025-10-17 22:56:21
09:36:45,12.85,-0.05,376,483234,卖盘,002040,2025-10-17 22:56:21
09:36:48,12.86,0.01,689,884486,买盘,002040,2025-10-17 22:56:21
09:36:51,12.85,-0.01,788,1011732,卖盘,002040,2025-10-17 22:56:21
09:36:54,12.87,0.02,292,375402,买盘,002040,2025-10-17 22:56:21
09:36:57,12.87,0.0,248,319226,中性盘,002040,2025-10-17 22:56:21
09:37:00,12.89,0.02,344,443335,买盘,002040,2025-10-17 22:56:21
09:37:03,12.9,0.01,865,1115202,买盘,002040,2025-10-17 22:56:21
09:37:06,12.9,0.0,596,768696,买盘,002040,2025-10-17 22:56:21
09:37:09,12.9,0.0,480,619332,买盘,002040,2025-10-17 22:56:21
09:37:12,12.9,0.0,794,1024405,卖盘,002040,2025-10-17 22:56:21
09:37:15,12.9,0.0,533,687649,买盘,002040,2025-10-17 22:56:21
09:37:18,12.89,-0.01,618,796540,卖盘,002040,2025-10-17 22:56:21
09:37:21,12.88,-0.01,1785,2299035,卖盘,002040,2025-10-17 22:56:21
09:37:24,12.86,-0.02,835,1073579,卖盘,002040,2025-10-17 22:56:21
09:37:27,12.82,-0.04,384,493637,卖盘,002040,2025-10-17 22:56:21
09:37:30,12.74,-0.08,633,810531,卖盘,002040,2025-10-17 22:56:21
09:37:33,12.8,0.06,278,355493,买盘,002040,2025-10-17 22:56:21
09:37:36,12.82,0.02,460,587880,买盘,002040,2025-10-17 22:56:21
09:37:39,12.8,-0.02,332,424306,卖盘,002040,2025-10-17 22:56:21
09:37:42,12.8,0.0,341,435747,买盘,002040,2025-10-17 22:56:21
09:37:45,12.8,0.0,522,667607,买盘,002040,2025-10-17 22:56:21
09:37:48,12.78,-0.02,210,268323,中性盘,002040,2025-10-17 22:56:21
09:37:51,12.75,-0.03,383,488221,卖盘,002040,2025-10-17 22:56:21
09:37:54,12.78,0.03,221,281999,买盘,002040,2025-10-17 22:56:21
09:37:57,12.75,-0.03,144,183646,卖盘,002040,2025-10-17 22:56:21
09:38:00,12.78,0.03,530,675777,买盘,002040,2025-10-17 22:56:21
09:38:03,12.78,0.0,566,721762,买盘,002040,2025-10-17 22:56:21
09:38:06,12.78,0.0,273,349080,卖盘,002040,2025-10-17 22:56:21
09:38:09,12.8,0.02,432,552557,买盘,002040,2025-10-17 22:56:21
09:38:12,12.82,0.02,177,226556,买盘,002040,2025-10-17 22:56:21
09:38:15,12.85,0.03,104,133481,买盘,002040,2025-10-17 22:56:21
09:38:18,12.85,0.0,579,744803,买盘,002040,2025-10-17 22:56:21
09:38:21,12.85,0.0,203,261208,卖盘,002040,2025-10-17 22:56:21
09:38:24,12.88,0.03,561,722041,买盘,002040,2025-10-17 22:56:21
09:38:27,12.89,0.01,352,453881,买盘,002040,2025-10-17 22:56:21
09:38:30,12.92,0.03,364,469711,买盘,002040,2025-10-17 22:56:21
09:38:33,12.94,0.02,120,155068,买盘,002040,2025-10-17 22:56:21
09:38:36,12.94,0.0,421,545015,买盘,002040,2025-10-17 22:56:21
09:38:39,12.97,0.03,419,542769,买盘,002040,2025-10-17 22:56:21
09:38:42,12.97,0.0,486,629683,买盘,002040,2025-10-17 22:56:21
09:38:45,12.98,0.01,1411,1831606,买盘,002040,2025-10-17 22:56:21
09:38:48,12.98,0.0,2596,3367100,买盘,002040,2025-10-17 22:56:21
09:38:51,12.97,-0.01,985,1278177,卖盘,002040,2025-10-17 22:56:21
09:38:54,12.97,0.0,1066,1383128,买盘,002040,2025-10-17 22:56:21
09:38:57,12.94,-0.03,749,969245,卖盘,002040,2025-10-17 22:56:21
09:39:00,12.92,-0.02,1229,1589045,卖盘,002040,2025-10-17 22:56:21
09:39:03,12.9,-0.02,847,1093645,卖盘,002040,2025-10-17 22:56:21
09:39:06,12.9,0.0,763,984406,买盘,002040,2025-10-17 22:56:21
09:39:09,12.92,0.02,1653,2133685,买盘,002040,2025-10-17 22:56:21
09:39:12,12.91,-0.01,755,973270,中性盘,002040,2025-10-17 22:56:21
09:39:15,12.86,-0.05,785,1013572,卖盘,002040,2025-10-17 22:56:21
09:39:18,12.86,0.0,685,883687,卖盘,002040,2025-10-17 22:56:21
09:39:21,12.83,-0.03,780,1003630,卖盘,002040,2025-10-17 22:56:21
09:39:24,12.85,0.02,306,392930,中性盘,002040,2025-10-17 22:56:21
09:39:27,12.84,-0.01,585,751929,中性盘,002040,2025-10-17 22:56:21
09:39:30,12.86,0.02,225,289458,买盘,002040,2025-10-17 22:56:21
09:39:33,12.88,0.02,233,300149,中性盘,002040,2025-10-17 22:56:21
09:39:36,12.9,0.02,1176,1514331,买盘,002040,2025-10-17 22:56:21
09:39:39,12.9,0.0,221,285028,卖盘,002040,2025-10-17 22:56:21
09:39:42,12.91,0.01,480,619505,买盘,002040,2025-10-17 22:56:21
09:39:45,12.9,-0.01,343,442605,卖盘,002040,2025-10-17 22:56:21
09:39:48,12.89,-0.01,1580,2037225,卖盘,002040,2025-10-17 22:56:21
09:39:51,12.87,-0.02,1243,1598840,卖盘,002040,2025-10-17 22:56:21
09:39:54,12.85,-0.02,546,701698,中性盘,002040,2025-10-17 22:56:21
09:39:57,12.81,-0.04,443,568865,卖盘,002040,2025-10-17 22:56:21
09:40:00,12.81,0.0,351,449754,中性盘,002040,2025-10-17 22:56:21
09:40:03,12.82,0.01,451,577854,买盘,002040,2025-10-17 22:56:21
09:40:06,12.85,0.03,474,607789,买盘,002040,2025-10-17 22:56:21
09:40:09,12.86,0.01,365,468638,买盘,002040,2025-10-17 22:56:21
09:40:12,12.88,0.02,181,232753,买盘,002040,2025-10-17 22:56:21
09:40:15,12.88,0.0,270,347535,买盘,002040,2025-10-17 22:56:21
09:40:18,12.89,0.01,311,400574,买盘,002040,2025-10-17 22:56:21
09:40:21,12.9,0.01,248,319728,买盘,002040,2025-10-17 22:56:21
09:40:24,12.89,-0.01,419,540270,中性盘,002040,2025-10-17 22:56:21
09:40:27,12.9,0.01,817,1053108,买盘,002040,2025-10-17 22:56:21
09:40:30,12.91,0.01,371,478798,买盘,002040,2025-10-17 22:56:21
09:40:33,12.91,0.0,400,516189,买盘,002040,2025-10-17 22:56:21
09:40:36,12.92,0.01,255,329269,买盘,002040,2025-10-17 22:56:21
09:40:39,12.92,0.0,870,1123847,买盘,002040,2025-10-17 22:56:21
09:40:42,12.95,0.03,714,923170,买盘,002040,2025-10-17 22:56:21
09:40:45,12.95,0.0,389,503079,买盘,002040,2025-10-17 22:56:21
09:40:48,12.97,0.02,277,359053,买盘,002040,2025-10-17 22:56:21
09:40:51,12.98,0.01,693,898676,买盘,002040,2025-10-17 22:56:21
09:40:54,12.99,0.01,300,389445,买盘,002040,2025-10-17 22:56:21
09:40:57,12.99,0.0,654,849462,买盘,002040,2025-10-17 22:56:21
09:41:00,13.0,0.01,922,1198342,买盘,002040,2025-10-17 22:56:21
09:41:03,13.01,0.01,1746,2270036,买盘,002040,2025-10-17 22:56:21
09:41:06,13.02,0.01,561,729885,买盘,002040,2025-10-17 22:56:21
09:41:09,13.02,0.0,817,1063778,买盘,002040,2025-10-17 22:56:21
09:41:12,13.03,0.01,1778,2316298,买盘,002040,2025-10-17 22:56:21
09:41:15,12.88,-0.15,7682,9962739,卖盘,002040,2025-10-17 22:56:21
09:41:18,12.98,0.1,1442,1868367,买盘,002040,2025-10-17 22:56:21
09:41:21,12.9,-0.08,654,846568,卖盘,002040,2025-10-17 22:56:21
09:41:24,12.98,0.08,516,667256,买盘,002040,2025-10-17 22:56:21
09:41:27,12.98,0.0,308,398792,买盘,002040,2025-10-17 22:56:21
09:41:30,12.98,0.0,546,707474,买盘,002040,2025-10-17 22:56:21
09:41:33,12.92,-0.06,675,873813,卖盘,002040,2025-10-17 22:56:21
09:41:36,12.98,0.06,626,811249,买盘,002040,2025-10-17 22:56:21
09:41:39,12.96,-0.02,425,550229,中性盘,002040,2025-10-17 22:56:21
09:41:42,12.96,0.0,639,826667,买盘,002040,2025-10-17 22:56:21
09:41:45,12.96,0.0,775,1003179,买盘,002040,2025-10-17 22:56:21
09:41:48,12.92,-0.04,1187,1537162,卖盘,002040,2025-10-17 22:56:21
09:41:51,12.94,0.02,486,628987,中性盘,002040,2025-10-17 22:56:21
09:41:54,12.94,0.0,398,514912,买盘,002040,2025-10-17 22:56:21
09:41:57,12.95,0.01,785,1016528,买盘,002040,2025-10-17 22:56:21
09:42:00,12.95,0.0,300,388594,卖盘,002040,2025-10-17 22:56:21
09:42:03,12.96,0.01,355,460152,买盘,002040,2025-10-17 22:56:21
09:42:06,12.97,0.01,513,665126,买盘,002040,2025-10-17 22:56:21
09:42:09,12.98,0.01,305,395704,买盘,002040,2025-10-17 22:56:21
09:42:12,12.98,0.0,814,1056308,买盘,002040,2025-10-17 22:56:21
09:42:15,12.99,0.01,848,1100304,买盘,002040,2025-10-17 22:56:21
09:42:18,12.99,0.0,336,436386,买盘,002040,2025-10-17 22:56:21
09:42:21,13.01,0.02,1058,1375371,买盘,002040,2025-10-17 22:56:21
09:42:24,13.01,0.0,895,1163354,买盘,002040,2025-10-17 22:56:21
09:42:27,13.03,0.02,591,769528,买盘,002040,2025-10-17 22:56:21
09:42:30,13.05,0.02,939,1224663,买盘,002040,2025-10-17 22:56:21
09:42:33,13.07,0.02,674,880406,买盘,002040,2025-10-17 22:56:21
09:42:36,13.08,0.01,1541,2014086,买盘,002040,2025-10-17 22:56:21
09:42:39,13.11,0.03,984,1287643,买盘,002040,2025-10-17 22:56:21
09:42:42,13.12,0.01,390,511606,买盘,002040,2025-10-17 22:56:21
09:42:45,13.12,0.0,1316,1728341,卖盘,002040,2025-10-17 22:56:21
09:42:48,13.07,-0.05,7992,10461510,卖盘,002040,2025-10-17 22:56:21
09:42:51,13.07,0.0,2088,2725859,买盘,002040,2025-10-17 22:56:21
09:42:54,13.07,0.0,4516,5899143,买盘,002040,2025-10-17 22:56:21
09:42:57,13.09,0.02,1150,1503596,买盘,002040,2025-10-17 22:56:21
09:43:00,13.09,0.0,569,744573,买盘,002040,2025-10-17 22:56:21
09:43:03,13.1,0.01,1251,1638386,买盘,002040,2025-10-17 22:56:21
09:43:06,13.1,0.0,751,984624,卖盘,002040,2025-10-17 22:56:21
09:43:09,13.12,0.02,1406,1842777,买盘,002040,2025-10-17 22:56:21
09:43:12,13.14,0.02,883,1159954,买盘,002040,2025-10-17 22:56:21
09:43:15,13.16,0.02,902,1185703,买盘,002040,2025-10-17 22:56:21
09:43:18,13.11,-0.05,4346,5705614,卖盘,002040,2025-10-17 22:56:21
09:43:21,13.15,0.04,2143,2811619,买盘,002040,2025-10-17 22:56:21
09:43:24,13.15,0.0,834,1094397,买盘,002040,2025-10-17 22:56:21
09:43:27,13.16,0.01,2662,3499682,买盘,002040,2025-10-17 22:56:21
09:43:30,13.16,0.0,1347,1771975,买盘,002040,2025-10-17 22:56:21
09:43:33,13.16,0.0,1640,2159224,卖盘,002040,2025-10-17 22:56:21
09:43:36,13.15,-0.01,3583,4714044,卖盘,002040,2025-10-17 22:56:21
09:43:39,13.14,-0.01,3254,4268988,中性盘,002040,2025-10-17 22:56:21
09:43:42,13.06,-0.08,795,1043899,卖盘,002040,2025-10-17 22:56:21
09:43:45,13.11,0.05,1026,1342636,买盘,002040,2025-10-17 22:56:21
09:43:48,13.13,0.02,725,949302,买盘,002040,2025-10-17 22:56:21
09:43:51,13.13,0.0,744,975088,买盘,002040,2025-10-17 22:56:21
09:43:54,13.11,-0.02,821,1077034,买盘,002040,2025-10-17 22:56:21
09:43:57,13.12,0.01,1016,1332188,买盘,002040,2025-10-17 22:56:21
09:44:00,13.08,-0.04,1653,2166252,卖盘,002040,2025-10-17 22:56:21
09:44:03,13.06,-0.02,2545,3320930,卖盘,002040,2025-10-17 22:56:21
09:44:06,13.07,0.01,740,966227,买盘,002040,2025-10-17 22:56:21
09:44:09,13.03,-0.04,1651,2148926,卖盘,002040,2025-10-17 22:56:21
09:44:12,13.02,-0.01,738,960852,卖盘,002040,2025-10-17 22:56:21
09:44:15,13.02,0.0,377,490549,买盘,002040,2025-10-17 22:56:21
09:44:18,13.0,-0.02,637,828650,卖盘,002040,2025-10-17 22:56:21
09:44:21,13.0,0.0,355,461614,卖盘,002040,2025-10-17 22:56:21
09:44:24,12.98,-0.02,1093,1420297,卖盘,002040,2025-10-17 22:56:21
09:44:27,12.98,0.0,277,359702,卖盘,002040,2025-10-17 22:56:21
09:44:30,12.98,0.0,692,898479,卖盘,002040,2025-10-17 22:56:21
09:44:33,12.96,-0.02,835,1083181,卖盘,002040,2025-10-17 22:56:21
09:44:36,12.94,-0.02,448,580365,卖盘,002040,2025-10-17 22:56:21
09:44:39,12.96,0.02,638,826021,买盘,002040,2025-10-17 22:56:21
09:44:42,12.95,-0.01,801,1037123,中性盘,002040,2025-10-17 22:56:21
09:44:45,12.95,0.0,531,688554,卖盘,002040,2025-10-17 22:56:21
09:44:48,12.94,-0.01,757,980234,卖盘,002040,2025-10-17 22:56:21
09:44:51,12.93,-0.01,281,363543,卖盘,002040,2025-10-17 22:56:21
09:44:54,12.92,-0.01,640,827367,卖盘,002040,2025-10-17 22:56:21
09:44:57,12.92,0.0,323,417464,卖盘,002040,2025-10-17 22:56:21
09:45:00,12.92,0.0,641,827770,买盘,002040,2025-10-17 22:56:21
09:45:03,12.91,-0.01,573,739905,卖盘,002040,2025-10-17 22:56:21
09:45:06,12.9,-0.01,1091,1409390,卖盘,002040,2025-10-17 22:56:21
09:45:09,12.92,0.02,701,906079,买盘,002040,2025-10-17 22:56:21
09:45:12,12.94,0.02,728,941429,买盘,002040,2025-10-17 22:56:21
09:45:15,13.0,0.06,455,588837,买盘,002040,2025-10-17 22:56:21
09:45:18,13.0,0.0,221,287185,买盘,002040,2025-10-17 22:56:21
09:45:21,13.02,0.02,542,704582,买盘,002040,2025-10-17 22:56:21
09:45:24,13.01,-0.01,697,906702,中性盘,002040,2025-10-17 22:56:21
09:45:27,12.99,-0.02,1531,1990067,卖盘,002040,2025-10-17 22:56:21
09:45:30,12.95,-0.04,570,738995,卖盘,002040,2025-10-17 22:56:21
09:45:33,12.94,-0.01,446,577524,卖盘,002040,2025-10-17 22:56:21
09:45:36,12.96,0.02,595,770453,买盘,002040,2025-10-17 22:56:21
09:45:39,12.93,-0.03,721,932776,卖盘,002040,2025-10-17 22:56:21
09:45:42,12.96,0.03,558,722449,买盘,002040,2025-10-17 22:56:21
09:45:45,12.97,0.01,1013,1311374,买盘,002040,2025-10-17 22:56:21
09:45:48,12.97,0.0,291,377372,买盘,002040,2025-10-17 22:56:21
09:45:51,12.97,0.0,147,190708,卖盘,002040,2025-10-17 22:56:21
09:45:54,12.97,0.0,214,277818,卖盘,002040,2025-10-17 22:56:21
09:45:57,12.98,0.01,215,279030,买盘,002040,2025-10-17 22:56:21
09:46:00,12.98,0.0,279,362260,卖盘,002040,2025-10-17 22:56:21
09:46:03,13.0,0.02,931,1209023,买盘,002040,2025-10-17 22:56:21
09:46:06,13.0,0.0,137,177974,买盘,002040,2025-10-17 22:56:21
09:46:09,13.0,0.0,496,644821,买盘,002040,2025-10-17 22:56:21
09:46:12,13.02,0.02,272,353691,买盘,002040,2025-10-17 22:56:21
09:46:15,13.02,0.0,70,91098,买盘,002040,2025-10-17 22:56:21
09:46:18,13.02,0.0,438,570192,买盘,002040,2025-10-17 22:56:21
09:46:21,13.02,0.0,81,105479,卖盘,002040,2025-10-17 22:56:21
09:46:24,13.03,0.01,769,1001362,买盘,002040,2025-10-17 22:56:21
09:46:27,13.03,0.0,267,347979,中性盘,002040,2025-10-17 22:56:21
09:46:30,13.04,0.01,180,234655,买盘,002040,2025-10-17 22:56:21
09:46:33,13.05,0.01,556,725040,买盘,002040,2025-10-17 22:56:21
09:46:36,13.06,0.01,618,806164,买盘,002040,2025-10-17 22:56:21
09:46:39,13.06,0.0,418,545760,买盘,002040,2025-10-17 22:56:21
09:46:42,13.05,-0.01,524,684253,卖盘,002040,2025-10-17 22:56:21
09:46:45,13.07,0.02,464,605804,买盘,002040,2025-10-17 22:56:21
09:46:48,13.06,-0.01,1352,1764309,卖盘,002040,2025-10-17 22:56:21
09:46:51,13.05,-0.01,945,1233634,卖盘,002040,2025-10-17 22:56:21
09:46:54,13.03,-0.02,905,1179408,卖盘,002040,2025-10-17 22:56:21
09:46:57,13.0,-0.03,1644,2140933,卖盘,002040,2025-10-17 22:56:21
09:47:00,13.01,0.01,1216,1580425,中性盘,002040,2025-10-17 22:56:21
09:47:03,13.0,-0.01,275,357297,买盘,002040,2025-10-17 22:56:21
09:47:06,13.0,0.0,799,1038331,买盘,002040,2025-10-17 22:56:21
09:47:09,13.0,0.0,624,810367,买盘,002040,2025-10-17 22:56:21
09:47:12,12.96,-0.04,836,1084493,卖盘,002040,2025-10-17 22:56:21
09:47:15,13.0,0.04,673,873991,买盘,002040,2025-10-17 22:56:21
09:47:18,12.94,-0.06,621,805055,卖盘,002040,2025-10-17 22:56:21
09:47:21,12.92,-0.02,740,958306,卖盘,002040,2025-10-17 22:56:21
09:47:24,12.92,0.0,336,434973,卖盘,002040,2025-10-17 22:56:21
09:47:27,12.92,0.0,263,339984,卖盘,002040,2025-10-17 22:56:21
09:47:30,12.92,0.0,508,656687,卖盘,002040,2025-10-17 22:56:21
09:47:33,12.92,0.0,278,359257,卖盘,002040,2025-10-17 22:56:21
09:47:36,12.92,0.0,573,740800,买盘,002040,2025-10-17 22:56:21
09:47:39,12.92,0.0,668,862855,卖盘,002040,2025-10-17 22:56:21
09:47:42,12.91,-0.01,384,496102,卖盘,002040,2025-10-17 22:56:21
09:47:45,12.91,0.0,2700,3483825,卖盘,002040,2025-10-17 22:56:21
09:47:48,12.9,-0.01,306,394887,卖盘,002040,2025-10-17 22:56:21
09:47:51,12.91,0.01,430,554842,买盘,002040,2025-10-17 22:56:21
09:47:54,12.9,-0.01,1033,1332181,卖盘,002040,2025-10-17 22:56:21
09:47:57,12.88,-0.02,149,192075,卖盘,002040,2025-10-17 22:56:21
09:48:00,12.88,0.0,952,1226422,卖盘,002040,2025-10-17 22:56:21
09:48:03,12.85,-0.03,3384,4350263,卖盘,002040,2025-10-17 22:56:21
09:48:06,12.81,-0.04,1652,2127745,卖盘,002040,2025-10-17 22:56:21
09:48:09,12.86,0.05,361,463483,买盘,002040,2025-10-17 22:56:21
09:48:12,12.81,-0.05,424,544056,卖盘,002040,2025-10-17 22:56:21
09:48:15,12.86,0.05,205,263313,卖盘,002040,2025-10-17 22:56:21
09:48:18,12.86,0.0,147,188809,买盘,002040,2025-10-17 22:56:21
09:48:21,12.85,-0.01,254,326517,中性盘,002040,2025-10-17 22:56:21
09:48:24,12.86,0.01,258,331745,买盘,002040,2025-10-17 22:56:21
09:48:27,12.85,-0.01,234,300758,卖盘,002040,2025-10-17 22:56:21
09:48:30,12.85,0.0,235,301919,买盘,002040,2025-10-17 22:56:21
09:48:33,12.84,-0.01,355,456005,卖盘,002040,2025-10-17 22:56:21
09:48:36,12.83,-0.01,298,382653,卖盘,002040,2025-10-17 22:56:21
09:48:39,12.83,0.0,386,495366,卖盘,002040,2025-10-17 22:56:21
09:48:42,12.83,0.0,621,796029,卖盘,002040,2025-10-17 22:56:21
09:48:45,12.83,0.0,460,590121,买盘,002040,2025-10-17 22:56:21
09:48:48,12.82,-0.01,282,361483,卖盘,002040,2025-10-17 22:56:21
09:48:51,12.81,-0.01,326,417752,卖盘,002040,2025-10-17 22:56:21
09:48:54,12.83,0.02,301,385730,买盘,002040,2025-10-17 22:56:21
09:48:57,12.82,-0.01,314,402504,卖盘,002040,2025-10-17 22:56:21
09:49:00,12.82,0.0,604,774222,买盘,002040,2025-10-17 22:56:21
09:49:03,12.82,0.0,278,356452,卖盘,002040,2025-10-17 22:56:21
09:49:06,12.82,0.0,529,678285,买盘,002040,2025-10-17 22:56:21
09:49:09,12.83,0.01,254,325764,买盘,002040,2025-10-17 22:56:21
09:49:12,12.83,0.0,686,879672,买盘,002040,2025-10-17 22:56:21
09:49:15,12.83,0.0,258,331045,买盘,002040,2025-10-17 22:56:21
09:49:18,12.84,0.01,222,284891,买盘,002040,2025-10-17 22:56:21
09:49:21,12.84,0.0,282,362151,卖盘,002040,2025-10-17 22:56:21
09:49:24,12.84,0.0,301,386639,卖盘,002040,2025-10-17 22:56:21
09:49:27,12.87,0.03,108,138986,买盘,002040,2025-10-17 22:56:21
09:49:30,12.89,0.02,214,275509,买盘,002040,2025-10-17 22:56:21
09:49:33,12.9,0.01,246,317319,买盘,002040,2025-10-17 22:56:21
09:49:36,12.91,0.01,107,138102,中性盘,002040,2025-10-17 22:56:21
09:49:39,12.92,0.01,201,259578,买盘,002040,2025-10-17 22:56:21
09:49:42,12.94,0.02,67,86564,买盘,002040,2025-10-17 22:56:21
09:49:45,12.95,0.01,32,41408,买盘,002040,2025-10-17 22:56:21
09:49:48,12.96,0.01,91,117893,买盘,002040,2025-10-17 22:56:21
09:49:51,12.97,0.01,221,286489,买盘,002040,2025-10-17 22:56:21
09:49:54,12.96,-0.01,638,826963,卖盘,002040,2025-10-17 22:56:21
09:49:57,12.97,0.01,820,1062747,买盘,002040,2025-10-17 22:56:21
09:50:00,12.96,-0.01,888,1152368,卖盘,002040,2025-10-17 22:56:21
09:50:03,12.95,-0.01,2697,3487176,卖盘,002040,2025-10-17 22:56:21
09:50:06,12.94,-0.01,257,332586,中性盘,002040,2025-10-17 22:56:21
09:50:09,12.95,0.01,372,481252,买盘,002040,2025-10-17 22:56:21
09:50:12,12.93,-0.02,811,1048872,卖盘,002040,2025-10-17 22:56:21
09:50:15,12.88,-0.05,216,279138,卖盘,002040,2025-10-17 22:56:21
09:50:18,12.87,-0.01,118,152224,卖盘,002040,2025-10-17 22:56:21
09:50:21,12.92,0.05,192,247469,买盘,002040,2025-10-17 22:56:21
09:50:24,12.88,-0.04,106,136562,中性盘,002040,2025-10-17 22:56:21
09:50:27,12.91,0.03,276,355771,买盘,002040,2025-10-17 22:56:21
09:50:30,12.88,-0.03,125,161231,卖盘,002040,2025-10-17 22:56:21
09:50:33,12.89,0.01,165,212890,中性盘,002040,2025-10-17 22:56:21
09:50:36,12.89,0.0,103,132973,卖盘,002040,2025-10-17 22:56:21
09:50:39,12.92,0.03,349,450157,买盘,002040,2025-10-17 22:56:21
09:50:42,12.92,0.0,359,463593,买盘,002040,2025-10-17 22:56:21
09:50:45,12.91,-0.01,242,312415,卖盘,002040,2025-10-17 22:56:21
09:50:48,12.9,-0.01,647,835808,卖盘,002040,2025-10-17 22:56:21
09:50:51,12.9,0.0,58,74870,卖盘,002040,2025-10-17 22:56:21
09:50:54,12.92,0.02,134,172960,买盘,002040,2025-10-17 22:56:21
09:50:57,12.91,-0.01,101,130321,卖盘,002040,2025-10-17 22:56:21
09:51:00,12.91,0.0,292,376943,买盘,002040,2025-10-17 22:56:21
09:51:03,12.81,-0.1,4860,6241349,卖盘,002040,2025-10-17 22:56:21
09:51:06,12.81,0.0,82,105039,买盘,002040,2025-10-17 22:56:21
09:51:09,12.8,-0.01,1362,1743525,卖盘,002040,2025-10-17 22:56:21
09:51:12,12.81,0.01,332,425422,买盘,002040,2025-10-17 22:56:21
09:51:15,12.81,0.0,295,377784,卖盘,002040,2025-10-17 22:56:21
09:51:18,12.8,-0.01,351,449699,卖盘,002040,2025-10-17 22:56:21
09:51:21,12.81,0.01,350,448300,买盘,002040,2025-10-17 22:56:21
09:51:24,12.81,0.0,460,589300,买盘,002040,2025-10-17 22:56:21
09:51:27,12.83,0.02,288,369166,中性盘,002040,2025-10-17 22:56:21
09:51:30,12.86,0.03,150,192459,买盘,002040,2025-10-17 22:56:21
09:51:33,12.86,0.0,285,365824,买盘,002040,2025-10-17 22:56:21
09:51:36,12.82,-0.04,237,304029,卖盘,002040,2025-10-17 22:56:21
09:51:39,12.81,-0.01,399,512277,卖盘,002040,2025-10-17 22:56:21
09:51:42,12.82,0.01,292,374917,卖盘,002040,2025-10-17 22:56:21
09:51:45,12.82,0.0,211,271321,卖盘,002040,2025-10-17 22:56:21
09:51:48,12.86,0.04,218,280190,买盘,002040,2025-10-17 22:56:21
09:51:51,12.86,0.0,232,297641,买盘,002040,2025-10-17 22:56:21
09:51:54,12.82,-0.04,109,139945,卖盘,002040,2025-10-17 22:56:21
09:51:57,12.85,0.03,85,109062,买盘,002040,2025-10-17 22:56:21
09:52:00,12.86,0.01,85,109277,买盘,002040,2025-10-17 22:56:21
09:52:03,12.85,-0.01,25,32113,买盘,002040,2025-10-17 22:56:21
09:52:06,12.85,0.0,304,390664,买盘,002040,2025-10-17 22:56:21
09:52:09,12.85,0.0,93,119519,卖盘,002040,2025-10-17 22:56:21
09:52:12,12.85,0.0,343,440855,卖盘,002040,2025-10-17 22:56:21
09:52:15,12.85,0.0,537,690210,卖盘,002040,2025-10-17 22:56:21
09:52:18,12.86,0.01,278,357328,买盘,002040,2025-10-17 22:56:21
09:52:21,12.86,0.0,27,34724,卖盘,002040,2025-10-17 22:56:21
09:52:24,12.87,0.01,203,261186,买盘,002040,2025-10-17 22:56:21
09:52:27,12.88,0.01,145,186647,买盘,002040,2025-10-17 22:56:21
09:52:30,12.88,0.0,29,37352,买盘,002040,2025-10-17 22:56:21
09:52:33,12.89,0.01,224,288534,买盘,002040,2025-10-17 22:56:21
09:52:36,12.89,0.0,87,112122,买盘,002040,2025-10-17 22:56:21
09:52:39,12.89,0.0,123,158587,卖盘,002040,2025-10-17 22:56:21
09:52:42,12.9,0.01,91,117366,买盘,002040,2025-10-17 22:56:21
09:52:45,12.9,0.0,232,299289,买盘,002040,2025-10-17 22:56:21
09:52:48,12.91,0.01,340,438670,买盘,002040,2025-10-17 22:56:21
09:52:51,12.91,0.0,131,169159,买盘,002040,2025-10-17 22:56:21
09:52:54,12.92,0.01,196,253040,买盘,002040,2025-10-17 22:56:21
09:52:57,12.92,0.0,195,251842,买盘,002040,2025-10-17 22:56:21
09:53:00,12.92,0.0,242,312610,买盘,002040,2025-10-17 22:56:21
09:53:03,12.92,0.0,410,529543,买盘,002040,2025-10-17 22:56:21
09:53:06,12.92,0.0,172,222242,卖盘,002040,2025-10-17 22:56:21
09:53:09,12.92,0.0,422,545230,卖盘,002040,2025-10-17 22:56:21
09:53:12,12.93,0.01,254,328364,买盘,002040,2025-10-17 22:56:21
09:53:15,12.93,0.0,260,336209,卖盘,002040,2025-10-17 22:56:21
09:53:18,12.93,0.0,105,135743,卖盘,002040,2025-10-17 22:56:21
09:53:21,12.93,0.0,68,87881,买盘,002040,2025-10-17 22:56:21
09:53:24,12.92,-0.01,117,151081,中性盘,002040,2025-10-17 22:56:21
09:53:27,12.91,-0.01,91,117539,卖盘,002040,2025-10-17 22:56:21
09:53:30,12.91,0.0,416,537220,卖盘,002040,2025-10-17 22:56:21
09:53:33,12.9,-0.01,678,874761,卖盘,002040,2025-10-17 22:56:21
09:53:36,12.9,0.0,20,25795,买盘,002040,2025-10-17 22:56:21
09:53:39,12.89,-0.01,242,312012,卖盘,002040,2025-10-17 22:56:21
09:53:42,12.88,-0.01,197,253906,卖盘,002040,2025-10-17 22:56:21
09:53:45,12.89,0.01,282,363250,买盘,002040,2025-10-17 22:56:21
09:53:48,12.88,-0.01,224,288434,卖盘,002040,2025-10-17 22:56:21
09:53:51,12.87,-0.01,196,252380,卖盘,002040,2025-10-17 22:56:21
09:53:54,12.87,0.0,130,167333,卖盘,002040,2025-10-17 22:56:21
09:53:57,12.86,-0.01,67,86206,卖盘,002040,2025-10-17 22:56:21
09:54:00,12.87,0.01,139,178776,买盘,002040,2025-10-17 22:56:21
09:54:03,12.87,0.0,247,317701,买盘,002040,2025-10-17 22:56:21
09:54:06,12.87,0.0,183,235423,买盘,002040,2025-10-17 22:56:21
09:54:09,12.85,-0.02,140,180102,卖盘,002040,2025-10-17 22:56:21
09:54:12,12.87,0.02,76,97756,买盘,002040,2025-10-17 22:56:21
09:54:15,12.86,-0.01,141,181283,卖盘,002040,2025-10-17 22:56:21
09:54:18,12.86,0.0,261,335668,卖盘,002040,2025-10-17 22:56:21
09:54:21,12.87,0.01,28,36029,买盘,002040,2025-10-17 22:56:21
09:54:24,12.88,0.01,283,364489,买盘,002040,2025-10-17 22:56:21
09:54:27,12.89,0.01,44,56685,买盘,002040,2025-10-17 22:56:21
09:54:30,12.88,-0.01,114,146906,卖盘,002040,2025-10-17 22:56:21
09:54:33,12.88,0.0,156,200978,卖盘,002040,2025-10-17 22:56:21
09:54:36,12.89,0.01,137,176527,买盘,002040,2025-10-17 22:56:21
09:54:39,12.87,-0.02,215,276961,卖盘,002040,2025-10-17 22:56:21
09:54:42,12.88,0.01,64,82512,中性盘,002040,2025-10-17 22:56:21
09:54:45,12.88,0.0,161,207339,卖盘,002040,2025-10-17 22:56:21
09:54:48,12.89,0.01,89,114647,买盘,002040,2025-10-17 22:56:21
09:54:51,12.9,0.01,116,149615,买盘,002040,2025-10-17 22:56:21
09:54:54,12.9,0.0,87,112160,买盘,002040,2025-10-17 22:56:21
09:54:57,12.89,-0.01,159,204943,卖盘,002040,2025-10-17 22:56:21
09:55:00,12.89,0.0,24,30936,买盘,002040,2025-10-17 22:56:21
09:55:03,12.88,-0.01,73,94066,卖盘,002040,2025-10-17 22:56:21
09:55:06,12.84,-0.04,3927,5038583,卖盘,002040,2025-10-17 22:56:21
09:55:09,12.81,-0.03,45,57706,中性盘,002040,2025-10-17 22:56:21
09:55:12,12.8,-0.01,413,528892,卖盘,002040,2025-10-17 22:56:21
09:55:15,12.8,0.0,407,521083,卖盘,002040,2025-10-17 22:56:21
09:55:18,12.81,0.01,726,929348,买盘,002040,2025-10-17 22:56:21
09:55:21,12.81,0.0,508,650502,卖盘,002040,2025-10-17 22:56:21
09:55:24,12.8,-0.01,217,277939,卖盘,002040,2025-10-17 22:56:21
09:55:27,12.8,0.0,355,454528,卖盘,002040,2025-10-17 22:56:21
09:55:30,12.8,0.0,323,413270,买盘,002040,2025-10-17 22:56:21
09:55:33,12.8,0.0,381,487405,买盘,002040,2025-10-17 22:56:21
09:55:36,12.8,0.0,187,239350,卖盘,002040,2025-10-17 22:56:21
09:55:39,12.8,0.0,273,349213,买盘,002040,2025-10-17 22:56:21
09:55:42,12.79,-0.01,429,548852,中性盘,002040,2025-10-17 22:56:21
09:55:45,12.78,-0.01,491,627705,卖盘,002040,2025-10-17 22:56:21
09:55:48,12.78,0.0,937,1197508,卖盘,002040,2025-10-17 22:56:21
09:55:51,12.77,-0.01,295,377312,卖盘,002040,2025-10-17 22:56:21
09:55:54,12.77,0.0,204,259992,卖盘,002040,2025-10-17 22:56:21
09:55:57,12.76,-0.01,294,375230,卖盘,002040,2025-10-17 22:56:21
09:56:00,12.75,-0.01,513,654648,卖盘,002040,2025-10-17 22:56:21
09:56:03,12.73,-0.02,511,651335,卖盘,002040,2025-10-17 22:56:21
09:56:06,12.73,0.0,387,492864,卖盘,002040,2025-10-17 22:56:21
09:56:09,12.73,0.0,928,1181616,卖盘,002040,2025-10-17 22:56:21
09:56:12,12.74,0.01,892,1136640,买盘,002040,2025-10-17 22:56:21
09:56:15,12.76,0.02,319,406755,买盘,002040,2025-10-17 22:56:21
09:56:18,12.75,-0.01,316,403031,卖盘,002040,2025-10-17 22:56:21
09:56:21,12.78,0.03,1019,1301850,买盘,002040,2025-10-17 22:56:21
09:56:24,12.8,0.02,430,549469,买盘,002040,2025-10-17 22:56:21
09:56:27,12.8,0.0,83,106192,买盘,002040,2025-10-17 22:56:21
09:56:30,12.81,0.01,204,261134,买盘,002040,2025-10-17 22:56:21
09:56:33,12.81,0.0,246,315001,买盘,002040,2025-10-17 22:56:21
09:56:36,12.81,0.0,75,96172,卖盘,002040,2025-10-17 22:56:21
09:56:39,12.85,0.04,100,128359,买盘,002040,2025-10-17 22:56:21
09:56:42,12.88,0.03,69,88770,买盘,002040,2025-10-17 22:56:21
09:56:45,12.89,0.01,41,52835,买盘,002040,2025-10-17 22:56:21
09:56:48,12.9,0.01,158,203680,买盘,002040,2025-10-17 22:56:21
09:56:51,12.9,0.0,54,69609,买盘,002040,2025-10-17 22:56:21
09:56:54,12.92,0.02,417,537976,买盘,002040,2025-10-17 22:56:21
09:56:57,12.93,0.01,137,177011,买盘,002040,2025-10-17 22:56:21
09:57:00,12.93,0.0,188,243023,买盘,002040,2025-10-17 22:56:21
09:57:03,12.93,0.0,351,453814,买盘,002040,2025-10-17 22:56:21
09:57:06,12.93,0.0,291,376315,买盘,002040,2025-10-17 22:56:21
09:57:09,12.89,-0.04,580,749092,卖盘,002040,2025-10-17 22:56:21
09:57:12,12.87,-0.02,899,1157127,卖盘,002040,2025-10-17 22:56:21
09:57:15,12.88,0.01,165,212189,买盘,002040,2025-10-17 22:56:21
09:57:18,12.83,-0.05,378,485922,卖盘,002040,2025-10-17 22:56:21
09:57:21,12.89,0.06,292,375337,买盘,002040,2025-10-17 22:56:21
09:57:24,12.83,-0.06,501,644418,卖盘,002040,2025-10-17 22:56:21
09:57:27,12.83,0.0,185,237353,买盘,002040,2025-10-17 22:56:21
09:57:30,12.82,-0.01,796,1021107,卖盘,002040,2025-10-17 22:56:21
09:57:33,12.87,0.05,190,243819,买盘,002040,2025-10-17 22:56:21
09:57:36,12.88,0.01,83,106542,买盘,002040,2025-10-17 22:56:21
09:57:39,12.87,-0.01,25,32144,买盘,002040,2025-10-17 22:56:21
09:57:42,12.88,0.01,258,332274,买盘,002040,2025-10-17 22:56:21
09:57:45,12.88,0.0,616,791433,买盘,002040,2025-10-17 22:56:21
09:57:48,12.89,0.01,254,327260,买盘,002040,2025-10-17 22:56:21
09:57:51,12.87,-0.02,148,190678,卖盘,002040,2025-10-17 22:56:21
09:57:54,12.82,-0.05,347,445893,卖盘,002040,2025-10-17 22:56:21
09:57:57,12.87,0.05,20,25725,买盘,002040,2025-10-17 22:56:21
09:58:00,12.86,-0.01,54,69458,卖盘,002040,2025-10-17 22:56:21
09:58:03,12.87,0.01,129,165999,买盘,002040,2025-10-17 22:56:21
09:58:06,12.88,0.01,27,34752,买盘,002040,2025-10-17 22:56:21
09:58:09,12.88,0.0,122,157077,买盘,002040,2025-10-17 22:56:21
09:58:12,12.89,0.01,94,121073,买盘,002040,2025-10-17 22:56:21
09:58:15,12.89,0.0,42,54138,买盘,002040,2025-10-17 22:56:21
09:58:18,12.9,0.01,253,326354,买盘,002040,2025-10-17 22:56:21
09:58:21,12.9,0.0,133,171563,买盘,002040,2025-10-17 22:56:21
09:58:24,12.9,0.0,157,202013,买盘,002040,2025-10-17 22:56:21
09:58:27,12.93,0.03,168,217037,买盘,002040,2025-10-17 22:56:21
09:58:30,12.93,0.0,119,153708,买盘,002040,2025-10-17 22:56:21
09:58:33,12.93,0.0,52,67249,买盘,002040,2025-10-17 22:56:21
09:58:36,12.94,0.01,291,376574,买盘,002040,2025-10-17 22:56:21
09:58:39,12.94,0.0,412,533441,卖盘,002040,2025-10-17 22:56:21
09:58:42,12.95,0.01,217,281049,买盘,002040,2025-10-17 22:56:21
09:58:45,12.96,0.01,54,69946,买盘,002040,2025-10-17 22:56:21
09:58:48,12.96,0.0,106,137361,买盘,002040,2025-10-17 22:56:21
09:58:51,12.97,0.01,208,269665,买盘,002040,2025-10-17 22:56:21
09:58:54,12.98,0.01,340,441094,买盘,002040,2025-10-17 22:56:21
09:58:57,12.98,0.0,120,155758,买盘,002040,2025-10-17 22:56:21
09:59:00,12.99,0.01,81,105159,买盘,002040,2025-10-17 22:56:21
09:59:03,12.99,0.0,339,440350,买盘,002040,2025-10-17 22:56:21
09:59:06,13.0,0.01,208,270326,买盘,002040,2025-10-17 22:56:21
09:59:09,13.0,0.0,757,984449,买盘,002040,2025-10-17 22:56:21
09:59:12,13.01,0.01,108,140504,买盘,002040,2025-10-17 22:56:21
09:59:15,13.03,0.02,256,333410,买盘,002040,2025-10-17 22:56:21
09:59:18,13.04,0.01,265,345362,买盘,002040,2025-10-17 22:56:21
09:59:21,13.04,0.0,392,511261,买盘,002040,2025-10-17 22:56:21
09:59:24,13.04,0.0,639,834852,卖盘,002040,2025-10-17 22:56:21
09:59:27,13.09,0.05,150,196026,买盘,002040,2025-10-17 22:56:21
09:59:30,13.09,0.0,270,353404,买盘,002040,2025-10-17 22:56:21
09:59:33,13.09,0.0,343,449144,买盘,002040,2025-10-17 22:56:21
09:59:36,13.09,0.0,1081,1415415,卖盘,002040,2025-10-17 22:56:21
09:59:39,13.04,-0.05,3559,4654432,卖盘,002040,2025-10-17 22:56:21
09:59:42,13.05,0.01,667,869672,买盘,002040,2025-10-17 22:56:21
09:59:45,13.03,-0.02,943,1232391,卖盘,002040,2025-10-17 22:56:21
09:59:48,13.04,0.01,168,219071,买盘,002040,2025-10-17 22:56:21
09:59:51,13.03,-0.01,1176,1532855,卖盘,002040,2025-10-17 22:56:21
09:59:54,13.03,0.0,411,535529,买盘,002040,2025-10-17 22:56:21
09:59:57,13.04,0.01,240,312704,买盘,002040,2025-10-17 22:56:21
10:00:00,13.04,0.0,110,143373,买盘,002040,2025-10-17 22:56:21
10:00:03,13.04,0.0,403,525603,买盘,002040,2025-10-17 22:56:21
10:00:06,13.05,0.01,304,396350,中性盘,002040,2025-10-17 22:56:21
10:00:09,13.05,0.0,474,618358,买盘,002040,2025-10-17 22:56:21
10:00:12,13.06,0.01,209,272851,买盘,002040,2025-10-17 22:56:21
10:00:15,13.07,0.01,220,287249,买盘,002040,2025-10-17 22:56:21
10:00:18,13.07,0.0,141,184288,买盘,002040,2025-10-17 22:56:21
10:00:21,13.07,0.0,642,839186,卖盘,002040,2025-10-17 22:56:21
10:00:24,13.02,-0.05,1576,2055447,卖盘,002040,2025-10-17 22:56:21
10:00:27,13.02,0.0,298,388348,买盘,002040,2025-10-17 22:56:21
10:00:30,13.06,0.04,741,966014,买盘,002040,2025-10-17 22:56:21
10:00:33,13.06,0.0,856,1118433,卖盘,002040,2025-10-17 22:56:21
10:00:36,13.03,-0.03,194,253266,卖盘,002040,2025-10-17 22:56:21
10:00:39,13.06,0.03,237,309551,买盘,002040,2025-10-17 22:56:21
10:00:42,13.04,-0.02,243,317021,卖盘,002040,2025-10-17 22:56:21
10:00:45,13.05,0.01,149,194335,买盘,002040,2025-10-17 22:56:21
10:00:48,13.03,-0.02,238,310413,卖盘,002040,2025-10-17 22:56:21
10:00:51,13.05,0.02,200,261076,买盘,002040,2025-10-17 22:56:21
10:00:54,13.03,-0.02,415,540919,卖盘,002040,2025-10-17 22:56:21
10:00:57,13.03,0.0,93,121172,买盘,002040,2025-10-17 22:56:21
10:01:00,12.98,-0.05,2085,2710523,卖盘,002040,2025-10-17 22:56:21
10:01:03,12.98,0.0,99,128426,买盘,002040,2025-10-17 22:56:21
10:01:06,12.98,0.0,86,111306,买盘,002040,2025-10-17 22:56:21
10:01:09,12.98,0.0,284,368760,买盘,002040,2025-10-17 22:56:21
10:01:12,12.98,0.0,17,22066,卖盘,002040,2025-10-17 22:56:21
10:01:15,12.98,0.0,170,220662,卖盘,002040,2025-10-17 22:56:21
10:01:18,12.98,0.0,137,177749,中性盘,002040,2025-10-17 22:56:21
10:01:21,12.94,-0.04,90,116769,卖盘,002040,2025-10-17 22:56:21
10:01:24,12.99,0.05,220,285462,买盘,002040,2025-10-17 22:56:21
10:01:27,12.94,-0.05,165,213641,卖盘,002040,2025-10-17 22:56:21
10:01:30,13.04,0.1,1005,1308440,买盘,002040,2025-10-17 22:56:21
10:01:33,13.05,0.01,268,349687,买盘,002040,2025-10-17 22:56:21
10:01:36,13.04,-0.01,128,167008,卖盘,002040,2025-10-17 22:56:21
10:01:39,13.06,0.02,243,317306,买盘,002040,2025-10-17 22:56:21
10:01:42,13.06,0.0,530,692083,卖盘,002040,2025-10-17 22:56:21
10:01:45,13.07,0.01,206,269225,买盘,002040,2025-10-17 22:56:21
10:01:48,13.08,0.01,128,167331,买盘,002040,2025-10-17 22:56:21
10:01:51,13.08,0.0,370,483781,买盘,002040,2025-10-17 22:56:21
10:01:54,13.08,0.0,725,948275,买盘,002040,2025-10-17 22:56:21
10:01:57,13.09,0.01,576,752766,买盘,002040,2025-10-17 22:56:21
10:02:00,13.09,0.0,118,154437,买盘,002040,2025-10-17 22:56:21
10:02:03,13.09,0.0,408,534124,卖盘,002040,2025-10-17 22:56:21
10:02:06,13.09,0.0,1174,1534591,中性盘,002040,2025-10-17 22:56:21
10:02:09,13.03,-0.06,1081,1409554,卖盘,002040,2025-10-17 22:56:21
10:02:12,13.03,0.0,229,298373,买盘,002040,2025-10-17 22:56:21
10:02:15,13.02,-0.01,195,253933,卖盘,002040,2025-10-17 22:56:21
10:02:18,12.98,-0.04,196,255095,卖盘,002040,2025-10-17 22:56:21
10:02:21,12.95,-0.03,433,560805,卖盘,002040,2025-10-17 22:56:21
10:02:24,12.94,-0.01,136,176082,卖盘,002040,2025-10-17 22:56:21
10:02:27,12.94,0.0,411,531921,卖盘,002040,2025-10-17 22:56:21
10:02:30,12.93,-0.01,199,257527,卖盘,002040,2025-10-17 22:56:21
10:02:33,12.94,0.01,173,223817,买盘,002040,2025-10-17 22:56:21
10:02:36,12.94,0.0,227,293699,卖盘,002040,2025-10-17 22:56:21
10:02:39,12.95,0.01,25,32393,中性盘,002040,2025-10-17 22:56:21
10:02:42,12.98,0.03,107,138701,买盘,002040,2025-10-17 22:56:21
10:02:45,13.0,0.02,76,98675,买盘,002040,2025-10-17 22:56:21
10:02:48,13.0,0.0,16,20788,买盘,002040,2025-10-17 22:56:21
10:02:51,13.0,0.0,57,74094,买盘,002040,2025-10-17 22:56:21
10:02:54,13.0,0.0,85,110465,买盘,002040,2025-10-17 22:56:21
10:02:57,13.0,0.0,61,79298,买盘,002040,2025-10-17 22:56:21
10:03:00,13.0,0.0,100,130039,卖盘,002040,2025-10-17 22:56:21
10:03:03,13.0,0.0,92,119622,卖盘,002040,2025-10-17 22:56:21
10:03:06,13.0,0.0,147,191127,卖盘,002040,2025-10-17 22:56:21
10:03:09,13.0,0.0,210,273233,卖盘,002040,2025-10-17 22:56:21
10:03:12,13.01,0.01,224,291263,买盘,002040,2025-10-17 22:56:21
10:03:15,13.0,-0.01,334,434718,卖盘,002040,2025-10-17 22:56:21
10:03:18,13.03,0.03,116,150887,买盘,002040,2025-10-17 22:56:21
10:03:21,13.03,0.0,28,36474,买盘,002040,2025-10-17 22:56:21
10:03:24,13.02,-0.01,46,59884,买盘,002040,2025-10-17 22:56:21
10:03:27,13.04,0.02,96,124727,买盘,002040,2025-10-17 22:56:21
10:03:33,13.05,0.01,116,151304,买盘,002040,2025-10-17 22:56:21
10:03:36,13.05,0.0,74,96578,卖盘,002040,2025-10-17 22:56:21
10:03:39,13.05,0.0,290,378497,卖盘,002040,2025-10-17 22:56:21
10:03:42,13.07,0.02,152,198491,买盘,002040,2025-10-17 22:56:21
10:03:45,13.04,-0.03,714,930839,卖盘,002040,2025-10-17 22:56:21
10:03:48,13.04,0.0,217,282967,买盘,002040,2025-10-17 22:56:21
10:03:51,13.04,0.0,125,162994,买盘,002040,2025-10-17 22:56:21
10:03:54,13.04,0.0,93,121290,买盘,002040,2025-10-17 22:56:21
10:03:57,13.04,0.0,133,173455,卖盘,002040,2025-10-17 22:56:21
10:04:00,13.05,0.01,79,103077,买盘,002040,2025-10-17 22:56:21
10:04:03,13.06,0.01,58,75735,买盘,002040,2025-10-17 22:56:21
10:04:06,13.07,0.01,41,53565,买盘,002040,2025-10-17 22:56:21
10:04:09,13.08,0.01,232,303217,买盘,002040,2025-10-17 22:56:21
10:04:12,13.07,-0.01,167,218302,卖盘,002040,2025-10-17 22:56:21
10:04:15,13.09,0.02,376,491650,买盘,002040,2025-10-17 22:56:21
10:04:18,13.09,0.0,306,400307,买盘,002040,2025-10-17 22:56:21
10:04:21,13.09,0.0,173,226427,买盘,002040,2025-10-17 22:56:21
10:04:24,13.1,0.01,1292,1692425,买盘,002040,2025-10-17 22:56:21
10:04:27,13.12,0.02,92,120872,买盘,002040,2025-10-17 22:56:21
10:04:30,13.14,0.02,260,341220,买盘,002040,2025-10-17 22:56:21
10:04:33,13.14,0.0,439,577025,买盘,002040,2025-10-17 22:56:21
10:04:36,13.16,0.02,313,411613,买盘,002040,2025-10-17 22:56:21
10:04:39,13.17,0.01,463,609296,买盘,002040,2025-10-17 22:56:21
10:04:42,13.17,0.0,273,359521,买盘,002040,2025-10-17 22:56:21
10:04:45,13.17,0.0,405,533505,买盘,002040,2025-10-17 22:56:21
10:04:48,13.18,0.01,472,622079,买盘,002040,2025-10-17 22:56:21
10:04:51,13.2,0.02,955,1259411,买盘,002040,2025-10-17 22:56:21
10:04:54,13.21,0.01,1008,1330569,买盘,002040,2025-10-17 22:56:21
10:04:57,13.25,0.04,329,435131,买盘,002040,2025-10-17 22:56:21
10:05:00,13.25,0.0,878,1161225,买盘,002040,2025-10-17 22:56:21
10:05:03,13.19,-0.06,4255,5604837,卖盘,002040,2025-10-17 22:56:21
10:05:06,13.19,0.0,1660,2196515,买盘,002040,2025-10-17 22:56:21
10:05:09,13.19,0.0,432,569779,卖盘,002040,2025-10-17 22:56:21
10:05:12,13.19,0.0,596,784818,买盘,002040,2025-10-17 22:56:21
10:05:15,13.12,-0.07,509,667868,卖盘,002040,2025-10-17 22:56:21
10:05:18,13.12,0.0,127,166598,买盘,002040,2025-10-17 22:56:21
10:05:21,13.12,0.0,719,943562,买盘,002040,2025-10-17 22:56:21
10:05:24,13.15,0.03,197,258807,买盘,002040,2025-10-17 22:56:21
10:05:27,13.15,0.0,55,72340,买盘,002040,2025-10-17 22:56:21
10:05:30,13.17,0.02,98,128916,买盘,002040,2025-10-17 22:56:21
10:05:33,13.18,0.01,174,229261,买盘,002040,2025-10-17 22:56:21
10:05:36,13.17,-0.01,259,341153,卖盘,002040,2025-10-17 22:56:21
10:05:39,13.18,0.01,359,473128,买盘,002040,2025-10-17 22:56:21
10:05:42,13.17,-0.01,844,1111864,卖盘,002040,2025-10-17 22:56:21
10:05:45,13.13,-0.04,1339,1762220,卖盘,002040,2025-10-17 22:56:21
10:05:48,13.11,-0.02,731,958185,卖盘,002040,2025-10-17 22:56:21
10:05:51,13.11,0.0,819,1070147,买盘,002040,2025-10-17 22:56:21
10:05:54,13.11,0.0,137,179357,买盘,002040,2025-10-17 22:56:21
10:05:57,13.13,0.02,46,60322,买盘,002040,2025-10-17 22:56:21
10:06:00,13.13,0.0,258,338384,买盘,002040,2025-10-17 22:56:21
10:06:03,13.08,-0.05,1531,2006528,卖盘,002040,2025-10-17 22:56:21
10:06:06,13.07,-0.01,822,1072929,中性盘,002040,2025-10-17 22:56:21
10:06:09,13.07,0.0,40,52272,买盘,002040,2025-10-17 22:56:21
10:06:12,13.07,0.0,36,47037,买盘,002040,2025-10-17 22:56:21
10:06:15,13.05,-0.02,224,292547,卖盘,002040,2025-10-17 22:56:21
10:06:18,13.07,0.02,34,44437,买盘,002040,2025-10-17 22:56:21
10:06:21,13.04,-0.03,597,779847,卖盘,002040,2025-10-17 22:56:21
10:06:24,13.04,0.0,270,352174,中性盘,002040,2025-10-17 22:56:21
10:06:27,13.05,0.01,119,155202,买盘,002040,2025-10-17 22:56:21
10:06:30,13.05,0.0,301,392747,买盘,002040,2025-10-17 22:56:21
10:06:33,13.05,0.0,66,86153,买盘,002040,2025-10-17 22:56:21
10:06:36,13.06,0.01,273,356484,买盘,002040,2025-10-17 22:56:21
10:06:39,13.07,0.01,70,91450,买盘,002040,2025-10-17 22:56:21
10:06:42,13.06,-0.01,256,334527,卖盘,002040,2025-10-17 22:56:21
10:06:45,13.07,0.01,120,156864,买盘,002040,2025-10-17 22:56:21
10:06:48,13.08,0.01,114,149085,买盘,002040,2025-10-17 22:56:21
10:06:51,13.1,0.02,29,37976,买盘,002040,2025-10-17 22:56:21
10:06:54,13.13,0.03,40,52467,买盘,002040,2025-10-17 22:56:21
10:06:57,13.1,-0.03,131,171857,卖盘,002040,2025-10-17 22:56:21
10:07:00,13.13,0.03,169,221856,买盘,002040,2025-10-17 22:56:21
10:07:03,13.13,0.0,139,182463,买盘,002040,2025-10-17 22:56:21
10:07:06,13.14,0.01,108,141870,买盘,002040,2025-10-17 22:56:21
10:07:09,13.14,0.0,129,169588,买盘,002040,2025-10-17 22:56:21
10:07:12,13.15,0.01,16,21063,卖盘,002040,2025-10-17 22:56:21
10:07:15,13.13,-0.02,885,1162861,卖盘,002040,2025-10-17 22:56:21
10:07:18,13.13,0.0,488,640816,卖盘,002040,2025-10-17 22:56:21
10:07:21,13.13,0.0,632,828804,买盘,002040,2025-10-17 22:56:21
10:07:24,13.14,0.01,265,348184,买盘,002040,2025-10-17 22:56:21
10:07:27,13.14,0.0,2,2628,卖盘,002040,2025-10-17 22:56:21
10:07:30,13.17,0.03,211,277662,买盘,002040,2025-10-17 22:56:21
10:07:33,13.18,0.01,192,252848,买盘,002040,2025-10-17 22:56:21
10:07:36,13.19,0.01,259,341454,买盘,002040,2025-10-17 22:56:21
10:07:39,13.2,0.01,376,495945,买盘,002040,2025-10-17 22:56:21
10:07:42,13.21,0.01,296,390725,买盘,002040,2025-10-17 22:56:21
10:07:45,13.2,-0.01,81,107017,卖盘,002040,2025-10-17 22:56:21
10:07:48,13.22,0.02,132,174502,买盘,002040,2025-10-17 22:56:21
10:07:51,13.23,0.01,1130,1496820,中性盘,002040,2025-10-17 22:56:21
10:07:54,13.22,-0.01,219,289652,卖盘,002040,2025-10-17 22:56:21
10:07:57,13.18,-0.04,1999,2640123,卖盘,002040,2025-10-17 22:56:21
10:08:00,13.12,-0.06,830,1091330,卖盘,002040,2025-10-17 22:56:21
10:08:03,13.11,-0.01,332,434794,中性盘,002040,2025-10-17 22:56:21
10:08:06,13.07,-0.04,913,1191954,卖盘,002040,2025-10-17 22:56:21
10:08:09,13.04,-0.03,107,139757,卖盘,002040,2025-10-17 22:56:21
10:08:12,13.04,0.0,101,131899,卖盘,002040,2025-10-17 22:56:21
10:08:15,13.06,0.02,47,61324,买盘,002040,2025-10-17 22:56:21
10:08:18,13.06,0.0,46,60060,买盘,002040,2025-10-17 22:56:21
10:08:21,13.05,-0.01,436,568925,中性盘,002040,2025-10-17 22:56:21
10:08:24,13.05,0.0,475,619746,卖盘,002040,2025-10-17 22:56:21
10:08:27,13.05,0.0,139,181411,买盘,002040,2025-10-17 22:56:21
10:08:30,13.05,0.0,160,208668,中性盘,002040,2025-10-17 22:56:21
10:08:33,13.05,0.0,488,636867,卖盘,002040,2025-10-17 22:56:21
10:08:36,13.06,0.01,222,289671,买盘,002040,2025-10-17 22:56:21
10:08:39,13.05,-0.01,537,700252,中性盘,002040,2025-10-17 22:56:21
10:08:42,13.07,0.02,119,155360,买盘,002040,2025-10-17 22:56:21
10:08:45,13.06,-0.01,104,135825,卖盘,002040,2025-10-17 22:56:21
10:08:48,13.07,0.01,127,165996,买盘,002040,2025-10-17 22:56:21
10:08:51,13.06,-0.01,235,307195,卖盘,002040,2025-10-17 22:56:21
10:08:54,13.08,0.02,787,1027972,中性盘,002040,2025-10-17 22:56:21
10:08:57,13.08,0.0,172,224924,卖盘,002040,2025-10-17 22:56:21
10:09:00,13.08,0.0,97,126911,买盘,002040,2025-10-17 22:56:21
10:09:03,13.01,-0.07,2144,2791343,卖盘,002040,2025-10-17 22:56:21
10:09:06,13.01,0.0,78,101477,买盘,002040,2025-10-17 22:56:21
10:09:09,13.01,0.0,152,197752,买盘,002040,2025-10-17 22:56:21
10:09:12,13.0,-0.01,156,202927,卖盘,002040,2025-10-17 22:56:21
10:09:15,13.0,0.0,172,223708,卖盘,002040,2025-10-17 22:56:21
10:09:18,13.0,0.0,150,195181,卖盘,002040,2025-10-17 22:56:21
10:09:21,13.01,0.01,66,85842,中性盘,002040,2025-10-17 22:56:21
10:09:24,13.01,0.0,94,122311,买盘,002040,2025-10-17 22:56:21
10:09:27,13.03,0.02,111,144342,买盘,002040,2025-10-17 22:56:21
10:09:30,13.01,-0.02,87,113277,卖盘,002040,2025-10-17 22:56:21
10:09:33,13.03,0.02,35,45575,中性盘,002040,2025-10-17 22:56:21
10:09:36,13.03,0.0,87,113366,卖盘,002040,2025-10-17 22:56:21
10:09:39,13.04,0.01,128,166884,买盘,002040,2025-10-17 22:56:21
10:09:42,13.04,0.0,87,113448,卖盘,002040,2025-10-17 22:56:21
10:09:45,13.04,0.0,123,160362,卖盘,002040,2025-10-17 22:56:21
10:09:48,13.04,0.0,39,50851,买盘,002040,2025-10-17 22:56:21
10:09:51,13.03,-0.01,127,165546,卖盘,002040,2025-10-17 22:56:21
10:09:54,13.03,0.0,209,272419,卖盘,002040,2025-10-17 22:56:21
10:09:57,13.03,0.0,79,102938,卖盘,002040,2025-10-17 22:56:21
10:10:00,13.04,0.01,243,316704,买盘,002040,2025-10-17 22:56:21
10:10:03,13.04,0.0,85,110848,卖盘,002040,2025-10-17 22:56:21
10:10:06,13.05,0.01,41,53483,买盘,002040,2025-10-17 22:56:21
10:10:09,13.05,0.0,60,78284,买盘,002040,2025-10-17 22:56:21
10:10:12,13.05,0.0,462,602911,买盘,002040,2025-10-17 22:56:21
10:10:15,13.06,0.01,6,7836,买盘,002040,2025-10-17 22:56:21
10:10:18,13.07,0.01,343,448685,买盘,002040,2025-10-17 22:56:21
10:10:21,13.08,0.01,16,20921,买盘,002040,2025-10-17 22:56:21
10:10:24,13.1,0.02,13,17030,买盘,002040,2025-10-17 22:56:21
10:10:27,13.11,0.01,65,85123,买盘,002040,2025-10-17 22:56:21
10:10:30,13.11,0.0,29,37999,买盘,002040,2025-10-17 22:56:21
10:10:33,13.1,-0.01,152,199243,卖盘,002040,2025-10-17 22:56:21
10:10:36,13.1,0.0,238,311942,卖盘,002040,2025-10-17 22:56:21
10:10:39,13.11,0.01,131,171667,买盘,002040,2025-10-17 22:56:21
10:10:42,13.11,0.0,219,287083,买盘,002040,2025-10-17 22:56:21
10:10:45,13.12,0.01,241,316033,买盘,002040,2025-10-17 22:56:21
10:10:48,13.13,0.01,73,95746,买盘,002040,2025-10-17 22:56:21
10:10:51,13.12,-0.01,164,215226,中性盘,002040,2025-10-17 22:56:21
10:10:54,13.1,-0.02,658,861937,卖盘,002040,2025-10-17 22:56:21
10:10:57,13.1,0.0,235,307836,买盘,002040,2025-10-17 22:56:21
10:11:00,13.11,0.01,202,264911,买盘,002040,2025-10-17 22:56:21
10:11:03,13.08,-0.03,241,315587,卖盘,002040,2025-10-17 22:56:21
10:11:06,13.08,0.0,117,153267,卖盘,002040,2025-10-17 22:56:21
10:11:09,13.09,0.01,971,1268365,中性盘,002040,2025-10-17 22:56:21
10:11:12,13.08,-0.01,53,69345,卖盘,002040,2025-10-17 22:56:21
10:11:15,13.09,0.01,76,99441,买盘,002040,2025-10-17 22:56:21
10:11:18,13.1,0.01,70,91612,买盘,002040,2025-10-17 22:56:21
10:11:21,13.1,0.0,197,258049,买盘,002040,2025-10-17 22:56:21
10:11:24,13.1,0.0,1010,1317381,买盘,002040,2025-10-17 22:56:21
10:11:27,13.1,0.0,101,132300,买盘,002040,2025-10-17 22:56:21
10:11:30,13.08,-0.02,88,115222,卖盘,002040,2025-10-17 22:56:21
10:11:33,13.1,0.02,89,116572,买盘,002040,2025-10-17 22:56:21
10:11:36,13.08,-0.02,44,57632,买盘,002040,2025-10-17 22:56:21
10:11:39,13.08,0.0,64,83734,卖盘,002040,2025-10-17 22:56:21
10:11:42,13.08,0.0,62,81158,卖盘,002040,2025-10-17 22:56:21
10:11:45,13.09,0.01,24,31399,买盘,002040,2025-10-17 22:56:21
10:11:48,13.09,0.0,10,13085,买盘,002040,2025-10-17 22:56:21
10:11:51,13.09,0.0,68,89012,买盘,002040,2025-10-17 22:56:21
10:11:54,13.1,0.01,18,23574,买盘,002040,2025-10-17 22:56:21
10:11:57,13.1,0.0,59,77288,买盘,002040,2025-10-17 22:56:21
10:12:00,13.1,0.0,310,405961,买盘,002040,2025-10-17 22:56:21
10:12:03,13.1,0.0,94,123019,买盘,002040,2025-10-17 22:56:21
10:12:06,13.1,0.0,43,56330,卖盘,002040,2025-10-17 22:56:21
10:12:09,13.1,0.0,51,66826,卖盘,002040,2025-10-17 22:56:21
10:12:12,13.1,0.0,92,120539,卖盘,002040,2025-10-17 22:56:21
10:12:15,13.09,-0.01,682,892030,卖盘,002040,2025-10-17 22:56:21
10:12:18,13.07,-0.02,40,52340,中性盘,002040,2025-10-17 22:56:21
10:12:21,13.07,0.0,27,35289,买盘,002040,2025-10-17 22:56:21
10:12:24,13.05,-0.02,57,74204,中性盘,002040,2025-10-17 22:56:21
10:12:27,13.0,-0.05,101,131336,卖盘,002040,2025-10-17 22:56:21
10:12:30,13.05,0.05,29,37793,买盘,002040,2025-10-17 22:56:21
10:12:33,13.02,-0.03,130,169364,卖盘,002040,2025-10-17 22:56:21
10:12:36,13.01,-0.01,24,31227,卖盘,002040,2025-10-17 22:56:21
10:12:39,13.01,0.0,20,26026,卖盘,002040,2025-10-17 22:56:21
10:12:42,13.01,0.0,42,54636,买盘,002040,2025-10-17 22:56:21
10:12:45,13.02,0.01,190,247189,买盘,002040,2025-10-17 22:56:21
10:12:48,13.01,-0.01,98,127472,卖盘,002040,2025-10-17 22:56:21
10:12:51,13.0,-0.01,220,286179,卖盘,002040,2025-10-17 22:56:21
10:12:54,13.0,0.0,107,139230,卖盘,002040,2025-10-17 22:56:21
10:12:57,13.0,0.0,95,123521,卖盘,002040,2025-10-17 22:56:21
10:13:00,13.0,0.0,253,328958,卖盘,002040,2025-10-17 22:56:21
10:13:03,13.03,0.03,199,259006,买盘,002040,2025-10-17 22:56:21
10:13:06,13.0,-0.03,210,273258,卖盘,002040,2025-10-17 22:56:21
10:13:09,13.0,0.0,198,257428,卖盘,002040,2025-10-17 22:56:21
10:13:12,13.01,0.01,102,132809,买盘,002040,2025-10-17 22:56:21
10:13:15,13.03,0.02,84,109407,买盘,002040,2025-10-17 22:56:21
10:13:18,13.02,-0.01,105,136723,中性盘,002040,2025-10-17 22:56:21
10:13:21,13.05,0.03,10,13035,买盘,002040,2025-10-17 22:56:21
10:13:24,13.05,0.0,10,13042,买盘,002040,2025-10-17 22:56:21
10:13:27,13.06,0.01,12,15670,买盘,002040,2025-10-17 22:56:21
10:13:30,13.06,0.0,123,160509,买盘,002040,2025-10-17 22:56:21
10:13:33,13.05,-0.01,216,282187,卖盘,002040,2025-10-17 22:56:21
10:13:36,13.06,0.01,233,304149,中性盘,002040,2025-10-17 22:56:21
10:13:39,13.07,0.01,42,54897,中性盘,002040,2025-10-17 22:56:21
10:13:42,13.04,-0.03,57,74324,买盘,002040,2025-10-17 22:56:21
10:13:45,13.04,0.0,217,282955,买盘,002040,2025-10-17 22:56:21
10:13:48,13.05,0.01,145,189032,买盘,002040,2025-10-17 22:56:21
10:13:51,13.06,0.01,10,13055,买盘,002040,2025-10-17 22:56:21
10:13:54,13.06,0.0,45,58768,卖盘,002040,2025-10-17 22:56:21
10:13:57,13.06,0.0,31,40486,买盘,002040,2025-10-17 22:56:21
10:14:00,13.02,-0.04,149,194277,卖盘,002040,2025-10-17 22:56:21
10:14:03,13.05,0.03,58,75680,买盘,002040,2025-10-17 22:56:21
10:14:06,13.02,-0.03,159,207327,卖盘,002040,2025-10-17 22:56:21
10:14:09,13.02,0.0,31,40423,卖盘,002040,2025-10-17 22:56:21
10:14:12,13.04,0.02,82,106902,买盘,002040,2025-10-17 22:56:21
10:14:15,13.04,0.0,53,69108,买盘,002040,2025-10-17 22:56:21
10:14:18,13.04,0.0,28,36509,买盘,002040,2025-10-17 22:56:21
10:14:21,13.04,0.0,111,144746,卖盘,002040,2025-10-17 22:56:21
10:14:24,13.05,0.01,84,109579,买盘,002040,2025-10-17 22:56:21
10:14:27,13.04,-0.01,46,59990,卖盘,002040,2025-10-17 22:56:21
10:14:30,13.04,0.0,75,97813,卖盘,002040,2025-10-17 22:56:21
10:14:33,13.04,0.0,26,33905,卖盘,002040,2025-10-17 22:56:21
10:14:36,13.05,0.01,194,253161,买盘,002040,2025-10-17 22:56:21
10:14:39,13.05,0.0,159,207343,买盘,002040,2025-10-17 22:56:21
10:14:42,13.05,0.0,79,103090,买盘,002040,2025-10-17 22:56:21
10:14:45,13.05,0.0,154,200832,买盘,002040,2025-10-17 22:56:21
10:14:48,13.04,-0.01,43,56109,卖盘,002040,2025-10-17 22:56:21
10:14:51,13.05,0.01,44,57402,买盘,002040,2025-10-17 22:56:21
10:14:54,13.05,0.0,113,147463,买盘,002040,2025-10-17 22:56:21
10:14:57,13.05,0.0,79,103115,卖盘,002040,2025-10-17 22:56:21
10:15:00,13.05,0.0,20,26101,卖盘,002040,2025-10-17 22:56:21
10:15:03,13.06,0.01,34,44372,买盘,002040,2025-10-17 22:56:21
10:15:06,13.06,0.0,46,60047,买盘,002040,2025-10-17 22:56:21
10:15:09,13.06,0.0,78,101810,买盘,002040,2025-10-17 22:56:21
10:15:12,13.06,0.0,59,77049,买盘,002040,2025-10-17 22:56:21
10:15:15,13.05,-0.01,19,24805,卖盘,002040,2025-10-17 22:56:21
10:15:18,13.06,0.01,89,116223,买盘,002040,2025-10-17 22:56:21
10:15:21,13.06,0.0,15,19590,买盘,002040,2025-10-17 22:56:21
10:15:24,13.07,0.01,17,22203,买盘,002040,2025-10-17 22:56:21
10:15:27,13.06,-0.01,35,45710,卖盘,002040,2025-10-17 22:56:21
10:15:30,13.07,0.01,99,129385,买盘,002040,2025-10-17 22:56:21
10:15:33,13.07,0.0,90,117655,卖盘,002040,2025-10-17 22:56:21
10:15:36,13.08,0.01,18,23544,买盘,002040,2025-10-17 22:56:21
10:15:39,13.08,0.0,8,10462,买盘,002040,2025-10-17 22:56:21
10:15:42,13.09,0.01,26,34027,买盘,002040,2025-10-17 22:56:21
10:15:45,13.09,0.0,46,60194,买盘,002040,2025-10-17 22:56:21
10:15:48,13.1,0.01,9,11790,买盘,002040,2025-10-17 22:56:21
10:15:51,13.1,0.0,38,49774,买盘,002040,2025-10-17 22:56:21
10:15:54,13.1,0.0,298,390373,买盘,002040,2025-10-17 22:56:21
10:15:57,13.11,0.01,15,19665,买盘,002040,2025-10-17 22:56:21
10:16:00,13.11,0.0,60,78655,买盘,002040,2025-10-17 22:56:21
10:16:03,13.08,-0.03,674,882049,卖盘,002040,2025-10-17 22:56:21
10:16:06,13.07,-0.01,317,414933,卖盘,002040,2025-10-17 22:56:21
10:16:09,13.08,0.01,2576,3352306,卖盘,002040,2025-10-17 22:56:21
10:16:12,13.08,0.0,23,30098,买盘,002040,2025-10-17 22:56:21
10:16:15,13.0,-0.08,49,63780,卖盘,002040,2025-10-17 22:56:21
10:16:18,13.01,0.01,45,58507,买盘,002040,2025-10-17 22:56:21
10:16:21,13.0,-0.01,253,328726,中性盘,002040,2025-10-17 22:56:21
10:16:24,12.98,-0.02,166,215561,卖盘,002040,2025-10-17 22:56:21
10:16:27,12.98,0.0,66,85732,卖盘,002040,2025-10-17 22:56:21
10:16:30,13.0,0.02,93,120786,买盘,002040,2025-10-17 22:56:21
10:16:33,13.0,0.0,64,83110,买盘,002040,2025-10-17 22:56:21
10:16:36,13.0,0.0,238,309070,买盘,002040,2025-10-17 22:56:21
10:16:39,13.0,0.0,175,227493,买盘,002040,2025-10-17 22:56:21
10:16:42,12.99,-0.01,103,133773,卖盘,002040,2025-10-17 22:56:21
10:16:45,13.01,0.02,147,191009,买盘,002040,2025-10-17 22:56:21
10:16:48,12.99,-0.02,98,127332,卖盘,002040,2025-10-17 22:56:21
10:16:51,12.99,0.0,63,81837,卖盘,002040,2025-10-17 22:56:21
10:16:54,13.0,0.01,160,207884,买盘,002040,2025-10-17 22:56:21
10:16:57,12.99,-0.01,67,87033,中性盘,002040,2025-10-17 22:56:21
10:17:00,12.99,0.0,18,23382,买盘,002040,2025-10-17 22:56:21
10:17:03,12.98,-0.01,186,241535,卖盘,002040,2025-10-17 22:56:21
10:17:06,12.98,0.0,132,171554,卖盘,002040,2025-10-17 22:56:21
10:17:09,12.99,0.01,197,255764,中性盘,002040,2025-10-17 22:56:21
10:17:12,12.98,-0.01,81,105228,卖盘,002040,2025-10-17 22:56:21
10:17:15,12.98,0.0,63,81872,买盘,002040,2025-10-17 22:56:21
10:17:18,12.98,0.0,34,44141,卖盘,002040,2025-10-17 22:56:21
10:17:21,12.99,0.01,46,59712,买盘,002040,2025-10-17 22:56:21
10:17:24,12.98,-0.01,107,138896,卖盘,002040,2025-10-17 22:56:21
10:17:27,12.98,0.0,52,67509,卖盘,002040,2025-10-17 22:56:21
10:17:30,12.99,0.01,201,260964,买盘,002040,2025-10-17 22:56:21
10:17:33,12.99,0.0,13,16889,卖盘,002040,2025-10-17 22:56:21
10:17:36,13.01,0.02,353,459097,买盘,002040,2025-10-17 22:56:21
10:17:42,13.0,-0.01,110,143110,卖盘,002040,2025-10-17 22:56:21
10:17:45,13.0,0.0,333,433294,卖盘,002040,2025-10-17 22:56:21
10:17:48,13.03,0.03,26,33833,买盘,002040,2025-10-17 22:56:21
10:17:51,13.02,-0.01,67,87290,卖盘,002040,2025-10-17 22:56:21
10:17:54,13.05,0.03,58,75636,买盘,002040,2025-10-17 22:56:21
10:17:57,13.06,0.01,37,48270,买盘,002040,2025-10-17 22:56:21
10:18:00,13.06,0.0,68,88794,买盘,002040,2025-10-17 22:56:21
10:18:03,13.06,0.0,63,82246,卖盘,002040,2025-10-17 22:56:21
10:18:06,13.06,0.0,40,52201,买盘,002040,2025-10-17 22:56:21
10:18:09,12.98,-0.08,1735,2255133,卖盘,002040,2025-10-17 22:56:21
10:18:12,13.04,0.06,201,261001,买盘,002040,2025-10-17 22:56:21
10:18:15,13.03,-0.01,65,84744,中性盘,002040,2025-10-17 22:56:21
10:18:18,13.03,0.0,80,104111,买盘,002040,2025-10-17 22:56:21
10:18:21,13.02,-0.01,997,1289411,中性盘,002040,2025-10-17 22:56:21
10:18:24,13.02,0.0,80,104146,买盘,002040,2025-10-17 22:56:21
10:18:27,13.02,0.0,212,276024,卖盘,002040,2025-10-17 22:56:21
10:18:30,13.02,0.0,43,55970,买盘,002040,2025-10-17 22:56:21
10:18:33,13.02,0.0,197,256488,买盘,002040,2025-10-17 22:56:21
10:18:36,13.0,-0.02,66,85848,卖盘,002040,2025-10-17 22:56:21
10:18:39,13.0,0.0,55,71500,买盘,002040,2025-10-17 22:56:21
10:18:42,12.99,-0.01,23,29889,卖盘,002040,2025-10-17 22:56:21
10:18:45,12.99,0.0,32,41574,买盘,002040,2025-10-17 22:56:21
10:18:48,12.98,-0.01,72,93492,卖盘,002040,2025-10-17 22:56:21
10:18:51,12.99,0.01,35,45443,买盘,002040,2025-10-17 22:56:21
10:18:54,12.98,-0.01,73,94820,卖盘,002040,2025-10-17 22:56:21
10:18:57,12.98,0.0,308,399241,买盘,002040,2025-10-17 22:56:21
10:19:00,12.98,0.0,152,197346,卖盘,002040,2025-10-17 22:56:21
10:19:03,12.96,-0.02,66,85532,卖盘,002040,2025-10-17 22:56:21
10:19:06,12.96,0.0,25,32349,买盘,002040,2025-10-17 22:56:21
10:19:09,12.91,-0.05,41,52936,卖盘,002040,2025-10-17 22:56:21
10:19:12,12.9,-0.01,33,42602,卖盘,002040,2025-10-17 22:56:21
10:19:15,12.91,0.01,161,208203,买盘,002040,2025-10-17 22:56:21
10:19:18,12.9,-0.01,37,47744,卖盘,002040,2025-10-17 22:56:21
10:19:21,12.98,0.08,196,254046,买盘,002040,2025-10-17 22:56:21
10:19:24,12.91,-0.07,55,71197,卖盘,002040,2025-10-17 22:56:21
10:19:27,12.91,0.0,56,72302,卖盘,002040,2025-10-17 22:56:21
10:19:30,12.92,0.01,120,154974,买盘,002040,2025-10-17 22:56:21
10:19:33,12.92,0.0,129,166607,买盘,002040,2025-10-17 22:56:21
10:19:36,12.92,0.0,533,688200,买盘,002040,2025-10-17 22:56:21
10:19:39,12.92,0.0,166,214375,卖盘,002040,2025-10-17 22:56:21
10:19:42,12.92,0.0,37,47806,卖盘,002040,2025-10-17 22:56:21
10:19:45,12.92,0.0,48,61993,买盘,002040,2025-10-17 22:56:21
10:19:48,12.92,0.0,226,291966,买盘,002040,2025-10-17 22:56:21
10:19:51,12.94,0.02,48,62025,中性盘,002040,2025-10-17 22:56:21
10:19:54,12.94,0.0,158,204392,卖盘,002040,2025-10-17 22:56:21
10:19:57,12.92,-0.02,50,64660,卖盘,002040,2025-10-17 22:56:21
10:20:00,12.94,0.02,42,54294,买盘,002040,2025-10-17 22:56:21
10:20:03,12.92,-0.02,57,73668,卖盘,002040,2025-10-17 22:56:21
10:20:06,12.93,0.01,39,50402,买盘,002040,2025-10-17 22:56:21
10:20:09,12.92,-0.01,375,485093,卖盘,002040,2025-10-17 22:56:21
10:20:12,12.92,0.0,40,51682,卖盘,002040,2025-10-17 22:56:21
10:20:15,12.91,-0.01,133,171778,卖盘,002040,2025-10-17 22:56:21
10:20:18,12.94,0.03,124,160244,买盘,002040,2025-10-17 22:56:21
10:20:21,12.92,-0.02,58,74936,卖盘,002040,2025-10-17 22:56:21
10:20:24,12.92,0.0,170,220058,卖盘,002040,2025-10-17 22:56:21
10:20:27,12.94,0.02,2,2588,中性盘,002040,2025-10-17 22:56:21
10:20:30,12.94,0.0,34,44012,卖盘,002040,2025-10-17 22:56:21
10:20:33,12.94,0.0,72,93172,卖盘,002040,2025-10-17 22:56:21
10:20:36,12.94,0.0,30,38862,卖盘,002040,2025-10-17 22:56:21
10:20:39,12.95,0.01,152,196710,买盘,002040,2025-10-17 22:56:21
10:20:42,12.93,-0.02,40,51778,卖盘,002040,2025-10-17 22:56:21
10:20:45,12.93,0.0,104,134665,卖盘,002040,2025-10-17 22:56:21
10:20:48,12.93,0.0,238,307687,卖盘,002040,2025-10-17 22:56:21
10:20:51,12.95,0.02,69,89395,卖盘,002040,2025-10-17 22:56:21
10:20:54,12.96,0.01,64,82904,买盘,002040,2025-10-17 22:56:21
10:20:57,12.96,0.0,36,46646,买盘,002040,2025-10-17 22:56:21
10:21:00,12.97,0.01,1,1297,买盘,002040,2025-10-17 22:56:21
10:21:03,12.98,0.01,19,24644,买盘,002040,2025-10-17 22:56:21
10:21:06,12.98,0.0,35,45416,买盘,002040,2025-10-17 22:56:21
10:21:09,12.98,0.0,57,73984,买盘,002040,2025-10-17 22:56:21
10:21:12,12.97,-0.01,95,123270,卖盘,002040,2025-10-17 22:56:21
10:21:15,12.98,0.01,63,81784,买盘,002040,2025-10-17 22:56:21
10:21:18,12.99,0.01,200,259608,买盘,002040,2025-10-17 22:56:21
10:21:21,12.99,0.0,94,122105,买盘,002040,2025-10-17 22:56:21
10:21:24,12.99,0.0,28,36373,卖盘,002040,2025-10-17 22:56:21
10:21:27,13.0,0.01,157,204099,买盘,002040,2025-10-17 22:56:21
10:21:30,13.0,0.0,80,104000,买盘,002040,2025-10-17 22:56:21
10:21:33,13.01,0.01,103,133871,买盘,002040,2025-10-17 22:56:21
10:21:36,13.03,0.02,111,144525,买盘,002040,2025-10-17 22:56:21
10:21:39,13.0,-0.03,285,370638,卖盘,002040,2025-10-17 22:56:21
10:21:42,13.02,0.02,108,140511,买盘,002040,2025-10-17 22:56:21
10:21:45,13.02,0.0,24,31248,买盘,002040,2025-10-17 22:56:21
10:21:48,13.02,0.0,17,22134,买盘,002040,2025-10-17 22:56:21
10:21:51,13.02,0.0,14,18235,卖盘,002040,2025-10-17 22:56:21
10:21:54,13.02,0.0,23,29946,卖盘,002040,2025-10-17 22:56:21
10:21:57,13.03,0.01,119,154962,买盘,002040,2025-10-17 22:56:21
10:22:00,13.03,0.0,82,106288,买盘,002040,2025-10-17 22:56:21
10:22:03,13.03,0.0,12,15646,卖盘,002040,2025-10-17 22:56:21
10:22:06,13.04,0.01,54,70395,买盘,002040,2025-10-17 22:56:21
10:22:09,13.03,-0.01,128,167305,卖盘,002040,2025-10-17 22:56:21
10:22:12,13.03,0.0,181,235757,买盘,002040,2025-10-17 22:56:21
10:22:15,13.04,0.01,88,114662,买盘,002040,2025-10-17 22:56:21
10:22:18,13.03,-0.01,38,49493,中性盘,002040,2025-10-17 22:56:21
10:22:21,13.03,0.0,49,63847,卖盘,002040,2025-10-17 22:56:21
10:22:24,13.03,0.0,91,118405,买盘,002040,2025-10-17 22:56:21
10:22:27,13.02,-0.01,73,95060,卖盘,002040,2025-10-17 22:56:21
10:22:30,12.98,-0.04,589,766155,卖盘,002040,2025-10-17 22:56:21
10:22:36,13.01,0.03,437,566652,卖盘,002040,2025-10-17 22:56:21
10:22:39,13.0,-0.01,9,11700,买盘,002040,2025-10-17 22:56:21
10:22:42,12.99,-0.01,109,141688,卖盘,002040,2025-10-17 22:56:21
10:22:45,12.99,0.0,1,1299,买盘,002040,2025-10-17 22:56:21
10:22:48,12.99,0.0,94,122074,买盘,002040,2025-10-17 22:56:21
10:22:51,12.96,-0.03,123,159494,卖盘,002040,2025-10-17 22:56:21
10:22:54,12.98,0.02,26,33734,买盘,002040,2025-10-17 22:56:21
10:22:57,12.96,-0.02,302,391390,中性盘,002040,2025-10-17 22:56:21
10:23:00,13.0,0.04,295,383195,买盘,002040,2025-10-17 22:56:21
10:23:03,13.02,0.02,126,163881,买盘,002040,2025-10-17 22:56:21
10:23:06,13.02,0.0,33,42966,买盘,002040,2025-10-17 22:56:21
10:23:09,12.99,-0.03,62,80622,卖盘,002040,2025-10-17 22:56:21
10:23:12,13.02,0.03,16,20845,中性盘,002040,2025-10-17 22:56:21
10:23:15,13.04,0.02,38,49520,买盘,002040,2025-10-17 22:56:21
10:23:18,13.04,0.0,37,48207,买盘,002040,2025-10-17 22:56:21
10:23:21,13.05,0.01,612,797812,买盘,002040,2025-10-17 22:56:21
10:23:24,13.05,0.0,24,31333,卖盘,002040,2025-10-17 22:56:21
10:23:27,13.06,0.01,71,92667,买盘,002040,2025-10-17 22:56:21
10:23:30,13.08,0.02,159,207600,买盘,002040,2025-10-17 22:56:21
10:23:33,13.08,0.0,29,37932,买盘,002040,2025-10-17 22:56:21
10:23:36,13.08,0.0,232,303456,买盘,002040,2025-10-17 22:56:21
10:23:39,13.06,-0.02,396,517636,卖盘,002040,2025-10-17 22:56:21
10:23:42,13.03,-0.03,1050,1369900,卖盘,002040,2025-10-17 22:56:21
10:23:45,13.05,0.02,257,335773,买盘,002040,2025-10-17 22:56:21
10:23:48,13.06,0.01,98,127888,买盘,002040,2025-10-17 22:56:21
10:23:51,13.06,0.0,87,113622,买盘,002040,2025-10-17 22:56:21
10:23:54,13.06,0.0,40,52232,买盘,002040,2025-10-17 22:56:21
10:23:57,13.03,-0.03,202,263452,卖盘,002040,2025-10-17 22:56:21
10:24:00,13.05,0.02,12,15662,中性盘,002040,2025-10-17 22:56:21
10:24:03,13.06,0.01,29,37871,买盘,002040,2025-10-17 22:56:21
10:24:06,13.05,-0.01,116,151454,中性盘,002040,2025-10-17 22:56:21
10:24:09,13.05,0.0,55,71789,买盘,002040,2025-10-17 22:56:21
10:24:12,13.05,0.0,108,141009,中性盘,002040,2025-10-17 22:56:21
10:24:15,13.03,-0.02,154,200535,卖盘,002040,2025-10-17 22:56:21
10:24:18,13.04,0.01,25,32624,中性盘,002040,2025-10-17 22:56:21
10:24:21,13.05,0.01,94,122717,买盘,002040,2025-10-17 22:56:21
10:24:24,13.05,0.0,11,14355,买盘,002040,2025-10-17 22:56:21
10:24:27,13.05,0.0,79,103080,卖盘,002040,2025-10-17 22:56:21
10:24:30,13.05,0.0,26,33930,买盘,002040,2025-10-17 22:56:21
10:24:33,13.05,0.0,234,305387,买盘,002040,2025-10-17 22:56:21
10:24:36,13.05,0.0,27,35225,中性盘,002040,2025-10-17 22:56:21
10:24:39,13.05,0.0,26,33927,买盘,002040,2025-10-17 22:56:21
10:24:42,13.05,0.0,47,61333,买盘,002040,2025-10-17 22:56:21
10:24:45,13.04,-0.01,226,294525,卖盘,002040,2025-10-17 22:56:21
10:24:48,13.04,0.0,54,70397,买盘,002040,2025-10-17 22:56:21
10:24:51,13.03,-0.01,6,7823,卖盘,002040,2025-10-17 22:56:21
10:24:54,13.02,-0.01,50,65145,卖盘,002040,2025-10-17 22:56:21
10:24:57,13.03,0.01,1,1303,买盘,002040,2025-10-17 22:56:21
10:25:00,13.03,0.0,8,10418,买盘,002040,2025-10-17 22:56:21
10:25:03,13.03,0.0,10,13025,买盘,002040,2025-10-17 22:56:21
10:25:06,13.04,0.01,16,20849,买盘,002040,2025-10-17 22:56:21
10:25:09,13.02,-0.02,191,248768,卖盘,002040,2025-10-17 22:56:21
10:25:12,13.03,0.01,49,63841,买盘,002040,2025-10-17 22:56:21
10:25:15,13.02,-0.01,71,92430,中性盘,002040,2025-10-17 22:56:21
10:25:18,13.03,0.01,44,57294,买盘,002040,2025-10-17 22:56:21
10:25:21,13.03,0.0,152,197849,卖盘,002040,2025-10-17 22:56:21
10:25:24,13.03,0.0,11,14326,买盘,002040,2025-10-17 22:56:21
10:25:27,13.03,0.0,13,16939,买盘,002040,2025-10-17 22:56:21
10:25:30,13.03,0.0,69,89784,买盘,002040,2025-10-17 22:56:21
10:25:33,13.0,-0.03,118,153464,卖盘,002040,2025-10-17 22:56:21
10:25:36,13.02,0.02,15,19544,中性盘,002040,2025-10-17 22:56:21
10:25:39,13.02,0.0,11,14323,卖盘,002040,2025-10-17 22:56:21
10:25:42,13.03,0.01,43,56025,买盘,002040,2025-10-17 22:56:21
10:25:48,12.99,-0.04,447,580979,卖盘,002040,2025-10-17 22:56:21
10:25:51,13.02,0.03,32,41664,买盘,002040,2025-10-17 22:56:21
10:25:54,13.0,-0.02,4,5200,卖盘,002040,2025-10-17 22:56:21
10:25:57,13.0,0.0,85,110502,卖盘,002040,2025-10-17 22:56:21
10:26:00,13.0,0.0,59,76723,卖盘,002040,2025-10-17 22:56:21
10:26:03,13.0,0.0,86,111800,买盘,002040,2025-10-17 22:56:21
10:26:06,13.01,0.01,44,57262,买盘,002040,2025-10-17 22:56:21
10:26:09,13.01,0.0,18,23407,卖盘,002040,2025-10-17 22:56:21
10:26:12,13.02,0.01,264,343307,买盘,002040,2025-10-17 22:56:21
10:26:15,13.0,-0.02,24,31214,卖盘,002040,2025-10-17 22:56:21
10:26:18,13.01,0.01,2,2602,卖盘,002040,2025-10-17 22:56:21
10:26:21,13.02,0.01,106,138000,买盘,002040,2025-10-17 22:56:21
10:26:24,13.02,0.0,238,309852,买盘,002040,2025-10-17 22:56:21
10:26:27,13.03,0.01,71,92492,买盘,002040,2025-10-17 22:56:21
10:26:30,13.03,0.0,6,7815,买盘,002040,2025-10-17 22:56:21
10:26:33,13.03,0.0,17,22151,买盘,002040,2025-10-17 22:56:21
10:26:36,13.03,0.0,55,71650,买盘,002040,2025-10-17 22:56:21
10:26:39,13.03,0.0,4,5213,卖盘,002040,2025-10-17 22:56:21
10:26:42,13.03,0.0,33,43019,卖盘,002040,2025-10-17 22:56:21
10:26:45,13.04,0.01,38,49549,买盘,002040,2025-10-17 22:56:21
10:26:48,13.03,-0.01,50,65188,卖盘,002040,2025-10-17 22:56:21
10:26:51,13.04,0.01,59,76936,买盘,002040,2025-10-17 22:56:21
10:26:54,13.03,-0.01,21,27364,卖盘,002040,2025-10-17 22:56:21
10:26:57,13.04,0.01,78,101712,买盘,002040,2025-10-17 22:56:21
10:27:00,13.04,0.0,5,6520,卖盘,002040,2025-10-17 22:56:21
10:27:03,13.05,0.01,29,37843,买盘,002040,2025-10-17 22:56:21
10:27:06,13.05,0.0,178,232290,买盘,002040,2025-10-17 22:56:21
10:27:09,13.06,0.01,340,443934,买盘,002040,2025-10-17 22:56:21
10:27:12,13.08,0.02,34,44440,买盘,002040,2025-10-17 22:56:21
10:27:15,13.1,0.02,156,204254,买盘,002040,2025-10-17 22:56:21
10:27:18,13.1,0.0,143,186915,买盘,002040,2025-10-17 22:56:21
10:27:21,13.1,0.0,337,441470,买盘,002040,2025-10-17 22:56:21
10:27:24,13.1,0.0,560,732942,买盘,002040,2025-10-17 22:56:21
10:27:27,13.11,0.01,55,72084,买盘,002040,2025-10-17 22:56:21
10:27:30,13.11,0.0,32,41952,买盘,002040,2025-10-17 22:56:21
10:27:33,13.12,0.01,112,146877,买盘,002040,2025-10-17 22:56:21
10:27:36,13.13,0.01,30,39372,买盘,002040,2025-10-17 22:56:21
10:27:39,13.12,-0.01,419,549408,卖盘,002040,2025-10-17 22:56:21
10:27:42,13.12,0.0,469,611966,买盘,002040,2025-10-17 22:56:21
10:27:45,13.13,0.01,280,367354,买盘,002040,2025-10-17 22:56:21
10:27:48,13.11,-0.02,123,161216,卖盘,002040,2025-10-17 22:56:21
10:27:51,13.11,0.0,131,171709,买盘,002040,2025-10-17 22:56:21
10:27:54,13.09,-0.02,74,96866,中性盘,002040,2025-10-17 22:56:21
10:27:57,13.08,-0.01,296,387648,中性盘,002040,2025-10-17 22:56:21
10:28:00,13.06,-0.02,16,20889,买盘,002040,2025-10-17 22:56:21
10:28:03,13.06,0.0,28,36584,买盘,002040,2025-10-17 22:56:21
10:28:06,13.05,-0.01,31,40486,卖盘,002040,2025-10-17 22:56:21
10:28:09,13.06,0.01,18,23506,买盘,002040,2025-10-17 22:56:21
10:28:12,13.06,0.0,54,70512,买盘,002040,2025-10-17 22:56:21
10:28:15,13.06,0.0,19,24814,卖盘,002040,2025-10-17 22:56:21
10:28:18,13.07,0.01,36,47033,中性盘,002040,2025-10-17 22:56:21
10:28:21,13.08,0.01,265,347079,买盘,002040,2025-10-17 22:56:21
10:28:24,13.08,0.0,76,99359,卖盘,002040,2025-10-17 22:56:21
10:28:27,13.08,0.0,49,64069,买盘,002040,2025-10-17 22:56:21
10:28:30,13.11,0.03,107,140269,买盘,002040,2025-10-17 22:56:21
10:28:33,13.12,0.01,10,13120,买盘,002040,2025-10-17 22:56:21
10:28:36,13.12,0.0,180,236088,买盘,002040,2025-10-17 22:56:21
10:28:39,13.12,0.0,15,19680,卖盘,002040,2025-10-17 22:56:21
10:28:42,13.12,0.0,276,362367,卖盘,002040,2025-10-17 22:56:21
10:28:45,13.13,0.01,19,24947,卖盘,002040,2025-10-17 22:56:21
10:28:48,13.13,0.0,37,48597,卖盘,002040,2025-10-17 22:56:21
10:28:51,13.14,0.01,46,60431,买盘,002040,2025-10-17 22:56:21
10:28:54,13.15,0.01,19,24971,买盘,002040,2025-10-17 22:56:21
10:28:57,13.15,0.0,36,47340,买盘,002040,2025-10-17 22:56:21
10:29:00,13.11,-0.04,771,1012760,卖盘,002040,2025-10-17 22:56:21
10:29:03,13.11,0.0,170,222845,买盘,002040,2025-10-17 22:56:21
10:29:06,13.11,0.0,89,116678,买盘,002040,2025-10-17 22:56:21
10:29:09,13.11,0.0,52,68157,买盘,002040,2025-10-17 22:56:21
10:29:12,13.1,-0.01,72,94361,卖盘,002040,2025-10-17 22:56:21
10:29:15,13.09,-0.01,32,41905,中性盘,002040,2025-10-17 22:56:21
10:29:18,13.08,-0.01,88,115107,卖盘,002040,2025-10-17 22:56:21
10:29:21,13.06,-0.02,49,64043,卖盘,002040,2025-10-17 22:56:21
10:29:24,13.06,0.0,214,279484,卖盘,002040,2025-10-17 22:56:21
10:29:27,13.06,0.0,24,31341,买盘,002040,2025-10-17 22:56:21
10:29:30,13.06,0.0,363,473773,买盘,002040,2025-10-17 22:56:21
10:29:33,13.05,-0.01,77,100500,卖盘,002040,2025-10-17 22:56:21
10:29:36,13.06,0.01,46,60048,买盘,002040,2025-10-17 22:56:21
10:29:39,13.06,0.0,255,333008,买盘,002040,2025-10-17 22:56:21
10:29:42,13.06,0.0,120,156717,买盘,002040,2025-10-17 22:56:21
10:29:45,13.06,0.0,29,37856,买盘,002040,2025-10-17 22:56:21
10:29:48,13.06,0.0,54,70524,卖盘,002040,2025-10-17 22:56:21
10:29:51,13.08,0.02,39,50936,买盘,002040,2025-10-17 22:56:21
10:29:54,13.08,0.0,18,23542,买盘,002040,2025-10-17 22:56:21
10:29:57,13.08,0.0,54,70567,买盘,002040,2025-10-17 22:56:21
10:30:00,13.07,-0.01,6,7842,买盘,002040,2025-10-17 22:56:21
10:30:03,13.08,0.01,10,13080,买盘,002040,2025-10-17 22:56:21
10:30:06,13.08,0.0,15,19607,买盘,002040,2025-10-17 22:56:21
10:30:09,13.08,0.0,35,45778,买盘,002040,2025-10-17 22:56:21
10:30:12,13.07,-0.01,99,129484,卖盘,002040,2025-10-17 22:56:21
10:30:15,13.08,0.01,24,31392,中性盘,002040,2025-10-17 22:56:21
10:30:18,13.09,0.01,3,3927,买盘,002040,2025-10-17 22:56:21
10:30:21,13.09,0.0,14,18316,买盘,002040,2025-10-17 22:56:21
10:30:24,13.1,0.01,106,138771,买盘,002040,2025-10-17 22:56:21
10:30:27,13.1,0.0,350,458481,买盘,002040,2025-10-17 22:56:21
10:30:30,13.13,0.03,164,214859,买盘,002040,2025-10-17 22:56:21
10:30:33,13.14,0.01,60,78799,买盘,002040,2025-10-17 22:56:21
10:30:36,13.14,0.0,5,6570,买盘,002040,2025-10-17 22:56:21
10:30:39,13.14,0.0,43,56514,买盘,002040,2025-10-17 22:56:21
10:30:42,13.15,0.01,103,135430,买盘,002040,2025-10-17 22:56:21
10:30:45,13.15,0.0,175,230009,买盘,002040,2025-10-17 22:56:21
10:30:48,13.16,0.01,91,119670,买盘,002040,2025-10-17 22:56:21
10:30:51,13.15,-0.01,75,98634,卖盘,002040,2025-10-17 22:56:21
10:30:54,13.16,0.01,83,109159,买盘,002040,2025-10-17 22:56:21
10:30:57,13.16,0.0,189,248609,买盘,002040,2025-10-17 22:56:21
10:31:00,13.16,0.0,75,98764,卖盘,002040,2025-10-17 22:56:21
10:31:03,13.18,0.02,78,102746,买盘,002040,2025-10-17 22:56:21
10:31:06,13.17,-0.01,116,152792,卖盘,002040,2025-10-17 22:56:21
10:31:09,13.18,0.01,111,146298,买盘,002040,2025-10-17 22:56:21
10:31:12,13.19,0.01,109,143751,买盘,002040,2025-10-17 22:56:21
10:31:15,13.19,0.0,129,170156,买盘,002040,2025-10-17 22:56:21
10:31:18,13.2,0.01,528,696896,买盘,002040,2025-10-17 22:56:21
10:31:21,13.2,0.0,392,517637,买盘,002040,2025-10-17 22:56:21
10:31:24,13.24,0.04,64,84714,买盘,002040,2025-10-17 22:56:21
10:31:27,13.24,0.0,185,245069,买盘,002040,2025-10-17 22:56:21
10:31:30,13.25,0.01,220,291384,买盘,002040,2025-10-17 22:56:21
10:31:33,13.26,0.01,401,531372,买盘,002040,2025-10-17 22:56:21
10:31:36,13.25,-0.01,99,131326,卖盘,002040,2025-10-17 22:56:21
10:31:39,13.26,0.01,178,236232,卖盘,002040,2025-10-17 22:56:21
10:31:42,13.27,0.01,180,238913,买盘,002040,2025-10-17 22:56:21
10:31:45,13.27,0.0,154,204292,卖盘,002040,2025-10-17 22:56:21
10:31:48,13.26,-0.01,498,660981,卖盘,002040,2025-10-17 22:56:21
10:31:51,13.23,-0.03,1394,1846265,卖盘,002040,2025-10-17 22:56:21
10:31:54,13.19,-0.04,818,1079762,卖盘,002040,2025-10-17 22:56:21
10:31:57,13.19,0.0,467,615958,买盘,002040,2025-10-17 22:56:21
10:32:00,13.19,0.0,255,336178,买盘,002040,2025-10-17 22:56:21
10:32:03,13.19,0.0,257,338987,卖盘,002040,2025-10-17 22:56:21
10:32:06,13.18,-0.01,242,319086,中性盘,002040,2025-10-17 22:56:21
10:32:09,13.18,0.0,136,179209,卖盘,002040,2025-10-17 22:56:21
10:32:12,13.18,0.0,96,126591,买盘,002040,2025-10-17 22:56:21
10:32:15,13.18,0.0,108,142252,买盘,002040,2025-10-17 22:56:21
10:32:18,13.16,-0.02,217,285623,卖盘,002040,2025-10-17 22:56:21
10:32:21,13.18,0.02,180,237229,买盘,002040,2025-10-17 22:56:21
10:32:24,13.18,0.0,284,374224,卖盘,002040,2025-10-17 22:56:21
10:32:27,13.16,-0.02,104,136991,卖盘,002040,2025-10-17 22:56:21
10:32:30,13.16,0.0,102,134330,卖盘,002040,2025-10-17 22:56:21
10:32:33,13.19,0.03,28,36909,买盘,002040,2025-10-17 22:56:21
10:32:36,13.18,-0.01,90,118498,卖盘,002040,2025-10-17 22:56:21
10:32:39,13.16,-0.02,340,447510,卖盘,002040,2025-10-17 22:56:21
10:32:42,13.15,-0.01,273,359792,卖盘,002040,2025-10-17 22:56:21
10:32:45,13.15,0.0,134,176411,卖盘,002040,2025-10-17 22:56:21
10:32:48,13.14,-0.01,137,180162,卖盘,002040,2025-10-17 22:56:21
10:32:51,13.14,0.0,42,55218,卖盘,002040,2025-10-17 22:56:21
10:32:54,13.12,-0.02,50,65697,卖盘,002040,2025-10-17 22:56:21
10:32:57,13.14,0.02,11,14449,中性盘,002040,2025-10-17 22:56:21
10:33:00,13.12,-0.02,41,53792,卖盘,002040,2025-10-17 22:56:21
10:33:03,13.12,0.0,3,3936,买盘,002040,2025-10-17 22:56:21
10:33:06,13.12,0.0,75,98350,买盘,002040,2025-10-17 22:56:21
10:33:09,13.12,0.0,137,179645,买盘,002040,2025-10-17 22:56:21
10:33:12,13.11,-0.01,138,181106,卖盘,002040,2025-10-17 22:56:21
10:33:15,13.14,0.03,32,42048,买盘,002040,2025-10-17 22:56:21
10:33:18,13.14,0.0,113,148462,买盘,002040,2025-10-17 22:56:21
10:33:21,13.14,0.0,17,22360,卖盘,002040,2025-10-17 22:56:21
10:33:24,13.13,-0.01,348,457387,卖盘,002040,2025-10-17 22:56:21
10:33:27,13.14,0.01,5,6570,买盘,002040,2025-10-17 22:56:21
10:33:30,13.1,-0.04,447,585953,卖盘,002040,2025-10-17 22:56:21
10:33:33,13.13,0.03,33,43280,买盘,002040,2025-10-17 22:56:21
10:33:36,13.08,-0.05,100,131059,卖盘,002040,2025-10-17 22:56:21
10:33:39,13.1,0.02,25,32724,中性盘,002040,2025-10-17 22:56:21
10:33:42,13.08,-0.02,58,75884,卖盘,002040,2025-10-17 22:56:21
10:33:45,13.07,-0.01,52,68007,卖盘,002040,2025-10-17 22:56:21
10:33:48,13.08,0.01,43,56223,买盘,002040,2025-10-17 22:56:21
10:33:51,13.07,-0.01,1,1307,中性盘,002040,2025-10-17 22:56:21
10:33:54,13.1,0.03,191,249729,买盘,002040,2025-10-17 22:56:21
10:33:57,13.08,-0.02,26,34008,卖盘,002040,2025-10-17 22:56:21
10:34:00,13.07,-0.01,137,179167,卖盘,002040,2025-10-17 22:56:21
10:34:03,13.07,0.0,191,249590,卖盘,002040,2025-10-17 22:56:21
10:34:06,13.07,0.0,497,650063,卖盘,002040,2025-10-17 22:56:21
10:34:09,13.08,0.01,36,47064,买盘,002040,2025-10-17 22:56:21
10:34:12,13.07,-0.01,132,172350,卖盘,002040,2025-10-17 22:56:21
10:34:15,13.07,0.0,53,69276,买盘,002040,2025-10-17 22:56:21
10:34:18,13.08,0.01,146,190885,买盘,002040,2025-10-17 22:56:21
10:34:21,13.06,-0.02,27,35287,卖盘,002040,2025-10-17 22:56:21
10:34:27,13.07,0.01,19,24836,卖盘,002040,2025-10-17 22:56:21
10:34:30,13.08,0.01,58,75850,买盘,002040,2025-10-17 22:56:21
10:34:33,13.08,0.0,64,83701,买盘,002040,2025-10-17 22:56:21
10:34:36,13.08,0.0,22,28776,买盘,002040,2025-10-17 22:56:21
10:34:39,13.08,0.0,89,116376,买盘,002040,2025-10-17 22:56:21
10:34:42,13.06,-0.02,102,133382,卖盘,002040,2025-10-17 22:56:21
10:34:45,13.08,0.02,69,90177,中性盘,002040,2025-10-17 22:56:21
10:34:48,13.06,-0.02,28,36580,卖盘,002040,2025-10-17 22:56:21
10:34:51,13.08,0.02,19,24842,买盘,002040,2025-10-17 22:56:21
10:34:54,13.1,0.02,35,45830,买盘,002040,2025-10-17 22:56:21
10:34:57,13.08,-0.02,1,1308,卖盘,002040,2025-10-17 22:56:21
10:35:00,13.08,0.0,27,35357,卖盘,002040,2025-10-17 22:56:21
10:35:03,13.08,0.0,31,40550,卖盘,002040,2025-10-17 22:56:21
10:35:06,13.09,0.01,14,18330,中性盘,002040,2025-10-17 22:56:21
10:35:09,13.08,-0.01,214,279990,卖盘,002040,2025-10-17 22:56:21
10:35:12,13.08,0.0,40,52320,买盘,002040,2025-10-17 22:56:21
10:35:15,13.08,0.0,34,44472,买盘,002040,2025-10-17 22:56:21
10:35:18,13.08,0.0,150,196193,买盘,002040,2025-10-17 22:56:21
10:35:21,13.07,-0.01,10,13070,中性盘,002040,2025-10-17 22:56:21
10:35:24,13.06,-0.01,33,43130,卖盘,002040,2025-10-17 22:56:21
10:35:27,13.07,0.01,1,1307,买盘,002040,2025-10-17 22:56:21
10:35:30,13.08,0.01,28,36592,买盘,002040,2025-10-17 22:56:21
10:35:33,13.07,-0.01,83,108418,卖盘,002040,2025-10-17 22:56:21
10:35:36,13.07,0.0,12,15688,卖盘,002040,2025-10-17 22:56:21
10:35:39,13.07,0.0,19,24833,卖盘,002040,2025-10-17 22:56:21
10:35:42,13.08,0.01,14,18301,买盘,002040,2025-10-17 22:56:21
10:35:45,13.07,-0.01,6,7842,卖盘,002040,2025-10-17 22:56:21
10:35:48,13.07,0.0,32,41826,卖盘,002040,2025-10-17 22:56:21
10:35:51,13.07,0.0,1,1307,买盘,002040,2025-10-17 22:56:21
10:35:57,13.06,-0.01,86,112327,卖盘,002040,2025-10-17 22:56:21
10:36:00,13.05,-0.01,515,672561,卖盘,002040,2025-10-17 22:56:21
10:36:03,13.06,0.01,106,138353,买盘,002040,2025-10-17 22:56:21
10:36:06,13.05,-0.01,162,211410,卖盘,002040,2025-10-17 22:56:21
10:36:09,13.05,0.0,81,105767,卖盘,002040,2025-10-17 22:56:21
10:36:12,13.05,0.0,33,43065,卖盘,002040,2025-10-17 22:56:21
10:36:15,13.05,0.0,25,32627,卖盘,002040,2025-10-17 22:56:21
10:36:18,13.03,-0.02,122,159028,卖盘,002040,2025-10-17 22:56:21
10:36:21,13.03,0.0,38,49516,卖盘,002040,2025-10-17 22:56:21
10:36:24,13.0,-0.03,187,243362,卖盘,002040,2025-10-17 22:56:21
10:36:27,13.0,0.0,322,418621,卖盘,002040,2025-10-17 22:56:21
10:36:30,13.0,0.0,643,835886,卖盘,002040,2025-10-17 22:56:21
10:36:33,12.99,-0.01,63,81858,卖盘,002040,2025-10-17 22:56:21
10:36:36,12.99,0.0,149,193604,卖盘,002040,2025-10-17 22:56:21
10:36:39,12.98,-0.01,55,71412,卖盘,002040,2025-10-17 22:56:21
10:36:42,12.98,0.0,109,141518,卖盘,002040,2025-10-17 22:56:21
10:36:45,12.98,0.0,22,28566,卖盘,002040,2025-10-17 22:56:21
10:36:48,12.98,0.0,75,97270,卖盘,002040,2025-10-17 22:56:21
10:36:51,12.98,0.0,179,232407,卖盘,002040,2025-10-17 22:56:21
10:36:54,12.98,0.0,385,499565,卖盘,002040,2025-10-17 22:56:21
10:36:57,12.98,0.0,158,205084,买盘,002040,2025-10-17 22:56:21
10:37:00,12.99,0.01,174,225795,买盘,002040,2025-10-17 22:56:21
10:37:03,12.99,0.0,138,179261,买盘,002040,2025-10-17 22:56:21
10:37:06,13.0,0.01,71,92036,买盘,002040,2025-10-17 22:56:21
10:37:09,13.0,0.0,26,33788,买盘,002040,2025-10-17 22:56:21
10:37:12,13.01,0.01,182,236717,买盘,002040,2025-10-17 22:56:21
10:37:15,13.01,0.0,37,48127,买盘,002040,2025-10-17 22:56:21
10:37:18,13.03,0.02,23,29966,买盘,002040,2025-10-17 22:56:21
10:37:21,13.04,0.01,19,24768,买盘,002040,2025-10-17 22:56:21
10:37:24,13.04,0.0,70,91280,买盘,002040,2025-10-17 22:56:21
10:37:27,13.05,0.01,97,126566,买盘,002040,2025-10-17 22:56:21
10:37:30,13.04,-0.01,55,71738,卖盘,002040,2025-10-17 22:56:21
10:37:33,13.06,0.02,13,16978,买盘,002040,2025-10-17 22:56:21
10:37:36,13.07,0.01,81,105813,买盘,002040,2025-10-17 22:56:21
10:37:39,13.1,0.03,60,78488,买盘,002040,2025-10-17 22:56:21
10:37:42,13.08,-0.02,8,10470,卖盘,002040,2025-10-17 22:56:21
10:37:45,13.1,0.02,20,26196,买盘,002040,2025-10-17 22:56:21
10:37:48,13.01,-0.09,586,764784,卖盘,002040,2025-10-17 22:56:21
10:37:51,13.02,0.01,39,50751,买盘,002040,2025-10-17 22:56:21
10:37:54,13.03,0.01,55,71614,买盘,002040,2025-10-17 22:56:21
10:37:57,13.03,0.0,206,268182,买盘,002040,2025-10-17 22:56:21
10:38:00,13.03,0.0,314,408929,买盘,002040,2025-10-17 22:56:21
10:38:03,13.03,0.0,259,337201,买盘,002040,2025-10-17 22:56:21
10:38:06,13.03,0.0,181,235838,买盘,002040,2025-10-17 22:56:21
10:38:09,13.04,0.01,73,95123,买盘,002040,2025-10-17 22:56:21
10:38:12,13.03,-0.01,23,29993,卖盘,002040,2025-10-17 22:56:21
10:38:15,13.05,0.02,8,10440,买盘,002040,2025-10-17 22:56:21
10:38:18,13.03,-0.02,16,20856,卖盘,002040,2025-10-17 22:56:21
10:38:21,13.03,0.0,51,66473,卖盘,002040,2025-10-17 22:56:21
10:38:24,13.04,0.01,96,125170,卖盘,002040,2025-10-17 22:56:21
10:38:27,13.04,0.0,59,76936,买盘,002040,2025-10-17 22:56:21
10:38:30,13.04,0.0,4,5216,买盘,002040,2025-10-17 22:56:21
10:38:33,13.04,0.0,211,275125,买盘,002040,2025-10-17 22:56:21
10:38:36,13.03,-0.01,506,659205,卖盘,002040,2025-10-17 22:56:21
10:38:39,13.03,0.0,165,214946,买盘,002040,2025-10-17 22:56:21
10:38:42,13.04,0.01,10,13032,买盘,002040,2025-10-17 22:56:21
10:38:45,13.03,-0.01,12,15636,卖盘,002040,2025-10-17 22:56:21
10:38:48,13.03,0.0,481,626058,卖盘,002040,2025-10-17 22:56:21
10:38:51,13.03,0.0,41,53423,卖盘,002040,2025-10-17 22:56:21
10:38:54,13.03,0.0,78,101646,卖盘,002040,2025-10-17 22:56:21
10:38:57,13.03,0.0,84,109487,卖盘,002040,2025-10-17 22:56:21
10:39:00,13.04,0.01,35,45616,买盘,002040,2025-10-17 22:56:21
10:39:03,13.03,-0.01,6,7821,卖盘,002040,2025-10-17 22:56:21
10:39:06,13.04,0.01,81,105223,买盘,002040,2025-10-17 22:56:21
10:39:09,13.04,0.0,2,2608,卖盘,002040,2025-10-17 22:56:21
10:39:12,13.04,0.0,29,37818,卖盘,002040,2025-10-17 22:56:21
10:39:15,13.04,0.0,342,445969,卖盘,002040,2025-10-17 22:56:21
10:39:18,13.05,0.01,172,224341,买盘,002040,2025-10-17 22:56:21
10:39:21,13.05,0.0,34,44349,买盘,002040,2025-10-17 22:56:21
10:39:27,13.07,0.02,56,73171,买盘,002040,2025-10-17 22:56:21
10:39:30,13.07,0.0,3,3921,买盘,002040,2025-10-17 22:56:21
10:39:33,13.06,-0.01,43,56183,卖盘,002040,2025-10-17 22:56:21
10:39:36,13.07,0.01,18,23519,买盘,002040,2025-10-17 22:56:21
10:39:39,13.06,-0.01,46,60095,卖盘,002040,2025-10-17 22:56:21
10:39:42,13.06,0.0,30,39180,买盘,002040,2025-10-17 22:56:21
10:39:45,13.06,0.0,20,26120,买盘,002040,2025-10-17 22:56:21
10:39:48,13.07,0.01,275,359232,买盘,002040,2025-10-17 22:56:21
10:39:51,13.08,0.01,5,6536,买盘,002040,2025-10-17 22:56:21
10:39:54,13.08,0.0,44,57530,买盘,002040,2025-10-17 22:56:21
10:39:57,13.1,0.02,70,91665,买盘,002040,2025-10-17 22:56:21
10:40:00,13.09,-0.01,1,1309,中性盘,002040,2025-10-17 22:56:21
10:40:03,13.08,-0.01,60,78458,卖盘,002040,2025-10-17 22:56:21
10:40:06,13.06,-0.02,37,48356,卖盘,002040,2025-10-17 22:56:21
10:40:09,13.08,0.02,1,1308,买盘,002040,2025-10-17 22:56:21
10:40:12,13.06,-0.02,26,33972,卖盘,002040,2025-10-17 22:56:21
10:40:15,13.08,0.02,18,23527,卖盘,002040,2025-10-17 22:56:21
10:40:18,13.07,-0.01,1,1307,买盘,002040,2025-10-17 22:56:21
10:40:21,13.07,0.0,69,90216,卖盘,002040,2025-10-17 22:56:21
10:40:24,13.07,0.0,23,30061,卖盘,002040,2025-10-17 22:56:21
10:40:27,13.08,0.01,107,139895,买盘,002040,2025-10-17 22:56:21
10:40:30,13.07,-0.01,5,6535,买盘,002040,2025-10-17 22:56:21
10:40:33,13.08,0.01,14,18301,买盘,002040,2025-10-17 22:56:21
10:40:36,13.07,-0.01,23,30069,卖盘,002040,2025-10-17 22:56:21
10:40:39,13.06,-0.01,76,99312,卖盘,002040,2025-10-17 22:56:21
10:40:42,13.07,0.01,60,78365,买盘,002040,2025-10-17 22:56:21
10:40:45,13.06,-0.01,5,6534,卖盘,002040,2025-10-17 22:56:21
10:40:48,13.06,0.0,65,84902,卖盘,002040,2025-10-17 22:56:21
10:40:51,13.06,0.0,95,124070,卖盘,002040,2025-10-17 22:56:21
10:40:57,13.07,0.01,53,69233,买盘,002040,2025-10-17 22:56:21
10:41:00,13.06,-0.01,18,23508,卖盘,002040,2025-10-17 22:56:21
10:41:03,13.07,0.01,40,52252,买盘,002040,2025-10-17 22:56:21
10:41:06,13.07,0.0,61,79687,买盘,002040,2025-10-17 22:56:21
10:41:09,13.07,0.0,15,19599,买盘,002040,2025-10-17 22:56:21
10:41:12,13.06,-0.01,12,15664,卖盘,002040,2025-10-17 22:56:21
10:41:15,13.06,0.0,36,47029,中性盘,002040,2025-10-17 22:56:21
10:41:18,13.07,0.01,150,195993,买盘,002040,2025-10-17 22:56:21
10:41:21,13.07,0.0,61,79727,卖盘,002040,2025-10-17 22:56:21
10:41:24,13.07,0.0,8,10456,卖盘,002040,2025-10-17 22:56:21
10:41:27,13.07,0.0,4,5228,卖盘,002040,2025-10-17 22:56:21
10:41:30,13.07,0.0,30,39210,卖盘,002040,2025-10-17 22:56:21
10:41:33,13.07,0.0,37,48359,买盘,002040,2025-10-17 22:56:21
10:41:36,13.07,0.0,288,376197,买盘,002040,2025-10-17 22:56:21
10:41:39,13.06,-0.01,26,34226,卖盘,002040,2025-10-17 22:56:21
10:41:42,13.08,0.02,115,150271,买盘,002040,2025-10-17 22:56:21
10:41:45,13.09,0.01,1,1309,买盘,002040,2025-10-17 22:56:21
10:41:48,13.09,0.0,55,71992,买盘,002040,2025-10-17 22:56:21
10:41:51,13.09,0.0,4,5236,卖盘,002040,2025-10-17 22:56:21
10:41:54,13.09,0.0,2,2618,卖盘,002040,2025-10-17 22:56:21
10:41:57,13.1,0.01,49,64160,买盘,002040,2025-10-17 22:56:21
10:42:00,13.1,0.0,20,26193,买盘,002040,2025-10-17 22:56:21
10:42:03,13.04,-0.06,1062,1386413,卖盘,002040,2025-10-17 22:56:21
10:42:06,13.04,0.0,140,182560,买盘,002040,2025-10-17 22:56:21
10:42:09,13.03,-0.01,88,114664,卖盘,002040,2025-10-17 22:56:21
10:42:12,13.02,-0.01,5,6518,卖盘,002040,2025-10-17 22:56:21
10:42:15,13.02,0.0,376,489934,卖盘,002040,2025-10-17 22:56:21
10:42:18,13.04,0.02,117,152442,买盘,002040,2025-10-17 22:56:21
10:42:21,13.02,-0.02,295,384110,卖盘,002040,2025-10-17 22:56:21
10:42:24,13.04,0.02,9,11736,买盘,002040,2025-10-17 22:56:21
10:42:27,13.06,0.02,34,44397,买盘,002040,2025-10-17 22:56:21
10:42:30,13.02,-0.04,209,272319,卖盘,002040,2025-10-17 22:56:21
10:42:36,13.06,0.04,63,82070,买盘,002040,2025-10-17 22:56:21
10:42:39,13.06,0.0,2,2612,买盘,002040,2025-10-17 22:56:21
10:42:42,13.05,-0.01,6,7828,买盘,002040,2025-10-17 22:56:21
10:42:45,13.03,-0.02,7,9121,卖盘,002040,2025-10-17 22:56:21
10:42:48,13.02,-0.01,310,403807,卖盘,002040,2025-10-17 22:56:21
10:42:51,13.03,0.01,47,61241,买盘,002040,2025-10-17 22:56:21
10:42:54,13.03,0.0,24,31272,买盘,002040,2025-10-17 22:56:21
10:42:57,13.02,-0.01,18,23444,卖盘,002040,2025-10-17 22:56:21
10:43:00,13.02,0.0,27,35173,卖盘,002040,2025-10-17 22:56:21
10:43:03,13.02,0.0,44,57323,卖盘,002040,2025-10-17 22:56:21
10:43:06,13.02,0.0,29,37784,卖盘,002040,2025-10-17 22:56:21
10:43:09,13.03,0.01,53,69039,买盘,002040,2025-10-17 22:56:21
10:43:12,13.03,0.0,20,26060,卖盘,002040,2025-10-17 22:56:21
10:43:15,13.04,0.01,1,1304,卖盘,002040,2025-10-17 22:56:21
10:43:18,13.03,-0.01,10,13032,卖盘,002040,2025-10-17 22:56:21
10:43:21,13.03,0.0,4,5212,卖盘,002040,2025-10-17 22:56:21
10:43:27,13.03,0.0,2,2608,卖盘,002040,2025-10-17 22:56:21
10:43:30,13.05,0.02,25,32625,买盘,002040,2025-10-17 22:56:21
10:43:33,13.06,0.01,13,16952,买盘,002040,2025-10-17 22:56:21
10:43:36,13.05,-0.01,22,28710,卖盘,002040,2025-10-17 22:56:21
10:43:39,13.06,0.01,14,18276,买盘,002040,2025-10-17 22:56:21
10:43:42,13.05,-0.01,37,48290,卖盘,002040,2025-10-17 22:56:21
10:43:45,13.06,0.01,23,30026,买盘,002040,2025-10-17 22:56:21
10:43:48,13.06,0.0,22,28726,买盘,002040,2025-10-17 22:56:21
10:43:51,13.05,-0.01,149,194528,买盘,002040,2025-10-17 22:56:21
10:43:54,13.05,0.0,15,19574,买盘,002040,2025-10-17 22:56:21
10:43:57,13.05,0.0,24,31319,买盘,002040,2025-10-17 22:56:21
10:44:00,13.03,-0.02,7,9122,卖盘,002040,2025-10-17 22:56:21
10:44:03,13.05,0.02,18,23481,买盘,002040,2025-10-17 22:56:21
10:44:06,13.05,0.0,41,53505,买盘,002040,2025-10-17 22:56:21
10:44:09,13.03,-0.02,10,13034,卖盘,002040,2025-10-17 22:56:21
10:44:12,13.05,0.02,5,6525,买盘,002040,2025-10-17 22:56:21
10:44:15,13.03,-0.02,15,19565,卖盘,002040,2025-10-17 22:56:21
10:44:18,13.05,0.02,3,3915,买盘,002040,2025-10-17 22:56:21
10:44:21,13.05,0.0,82,106864,买盘,002040,2025-10-17 22:56:21
10:44:24,13.04,-0.01,7,9128,中性盘,002040,2025-10-17 22:56:21
10:44:27,13.04,0.0,1,1304,买盘,002040,2025-10-17 22:56:21
10:44:30,13.03,-0.01,1475,1920065,卖盘,002040,2025-10-17 22:56:21
10:44:33,13.03,0.0,7,9121,买盘,002040,2025-10-17 22:56:21
10:44:36,13.03,0.0,62,80753,买盘,002040,2025-10-17 22:56:21
10:44:39,13.03,0.0,43,55918,买盘,002040,2025-10-17 22:56:21
10:44:42,13.0,-0.03,10,13000,卖盘,002040,2025-10-17 22:56:21
10:44:45,13.03,0.03,120,156171,买盘,002040,2025-10-17 22:56:21
10:44:48,13.0,-0.03,60,78090,卖盘,002040,2025-10-17 22:56:21
10:44:51,13.02,0.02,40,52002,买盘,002040,2025-10-17 22:56:21
10:44:54,13.0,-0.02,90,117008,卖盘,002040,2025-10-17 22:56:21
10:44:57,13.0,0.0,93,120970,卖盘,002040,2025-10-17 22:56:21
10:45:00,13.0,0.0,81,105420,卖盘,002040,2025-10-17 22:56:21
10:45:03,13.01,0.01,28,36446,中性盘,002040,2025-10-17 22:56:21
10:45:06,13.0,-0.01,34,44265,卖盘,002040,2025-10-17 22:56:21
10:45:09,13.01,0.01,21,27320,中性盘,002040,2025-10-17 22:56:21
10:45:12,13.02,0.01,55,71551,买盘,002040,2025-10-17 22:56:21
10:45:15,13.02,0.0,64,83397,卖盘,002040,2025-10-17 22:56:21
10:45:18,13.04,0.02,26,33896,买盘,002040,2025-10-17 22:56:21
10:45:21,13.04,0.0,3,3908,买盘,002040,2025-10-17 22:56:21
10:45:24,13.04,0.0,66,85983,买盘,002040,2025-10-17 22:56:21
10:45:27,13.04,0.0,26,33866,买盘,002040,2025-10-17 22:56:21
10:45:30,13.04,0.0,10,13041,卖盘,002040,2025-10-17 22:56:21
10:45:33,13.04,0.0,18,23477,卖盘,002040,2025-10-17 22:56:21
10:45:36,13.04,0.0,6,7825,买盘,002040,2025-10-17 22:56:21
10:45:39,13.02,-0.02,2,2604,卖盘,002040,2025-10-17 22:56:21
10:45:42,13.01,-0.01,353,459498,卖盘,002040,2025-10-17 22:56:21
10:45:45,13.01,0.0,10,13010,买盘,002040,2025-10-17 22:56:21
10:45:48,13.0,-0.01,22,28601,卖盘,002040,2025-10-17 22:56:21
10:45:51,13.01,0.01,180,234150,买盘,002040,2025-10-17 22:56:21
10:45:54,13.0,-0.01,447,581108,卖盘,002040,2025-10-17 22:56:21
10:45:57,13.0,0.0,307,399124,卖盘,002040,2025-10-17 22:56:21
10:46:00,13.0,0.0,67,87059,买盘,002040,2025-10-17 22:56:21
10:46:03,12.99,-0.01,95,123489,卖盘,002040,2025-10-17 22:56:21
10:46:06,12.99,0.0,10,12998,卖盘,002040,2025-10-17 22:56:21
10:46:09,13.0,0.01,114,148094,买盘,002040,2025-10-17 22:56:21
10:46:12,13.01,0.01,16,20816,买盘,002040,2025-10-17 22:56:21
10:46:15,13.0,-0.01,7,9100,卖盘,002040,2025-10-17 22:56:21
10:46:18,13.01,0.01,21,27318,买盘,002040,2025-10-17 22:56:21
10:46:21,13.01,0.0,26,33808,买盘,002040,2025-10-17 22:56:21
10:46:24,13.02,0.01,48,62453,买盘,002040,2025-10-17 22:56:21
10:46:30,13.02,0.0,9,11718,卖盘,002040,2025-10-17 22:56:21
10:46:33,13.03,0.01,12,15636,买盘,002040,2025-10-17 22:56:21
10:46:36,13.03,0.0,86,112020,买盘,002040,2025-10-17 22:56:21
10:46:39,13.03,0.0,43,56029,卖盘,002040,2025-10-17 22:56:21
10:46:42,13.03,0.0,20,26060,卖盘,002040,2025-10-17 22:56:21
10:46:45,13.03,0.0,266,346601,卖盘,002040,2025-10-17 22:56:21
10:46:48,13.03,0.0,13,16939,买盘,002040,2025-10-17 22:56:21
10:46:51,13.03,0.0,4,5212,买盘,002040,2025-10-17 22:56:21
10:46:54,13.03,0.0,40,52120,买盘,002040,2025-10-17 22:56:21
10:46:57,13.03,0.0,89,115917,买盘,002040,2025-10-17 22:56:21
10:47:00,13.03,0.0,101,131603,买盘,002040,2025-10-17 22:56:21
10:47:03,13.03,0.0,7,9121,卖盘,002040,2025-10-17 22:56:21
10:47:06,13.03,0.0,38,49514,卖盘,002040,2025-10-17 22:56:21
10:47:09,13.03,0.0,24,31281,中性盘,002040,2025-10-17 22:56:21
10:47:12,13.03,0.0,28,36477,买盘,002040,2025-10-17 22:56:21
10:47:15,13.03,0.0,4,5212,买盘,002040,2025-10-17 22:56:21
10:47:18,13.03,0.0,11,14333,买盘,002040,2025-10-17 22:56:21
10:47:21,13.02,-0.01,27,35176,卖盘,002040,2025-10-17 22:56:21
10:47:24,13.03,0.01,22,28655,买盘,002040,2025-10-17 22:56:21
10:47:27,13.03,0.0,41,53422,买盘,002040,2025-10-17 22:56:21
10:47:30,13.02,-0.01,7,9116,卖盘,002040,2025-10-17 22:56:21
10:47:33,13.02,0.0,28,36467,卖盘,002040,2025-10-17 22:56:21
10:47:36,13.02,0.0,34,44298,卖盘,002040,2025-10-17 22:56:21
10:47:39,13.02,0.0,20,26040,卖盘,002040,2025-10-17 22:56:21
10:47:42,13.02,0.0,8,10423,卖盘,002040,2025-10-17 22:56:21
10:47:45,13.03,0.01,32,41680,买盘,002040,2025-10-17 22:56:21
10:47:48,13.02,-0.01,10,13021,卖盘,002040,2025-10-17 22:56:21
10:47:51,13.03,0.01,97,126377,买盘,002040,2025-10-17 22:56:21
10:47:54,13.02,-0.01,5,6510,卖盘,002040,2025-10-17 22:56:21
10:47:57,13.02,0.0,82,106786,卖盘,002040,2025-10-17 22:56:21
10:48:00,13.03,0.01,36,46908,买盘,002040,2025-10-17 22:56:21
10:48:03,13.03,0.0,17,22151,买盘,002040,2025-10-17 22:56:21
10:48:06,13.02,-0.01,154,200523,卖盘,002040,2025-10-17 22:56:21
10:48:09,13.03,0.01,15,19542,买盘,002040,2025-10-17 22:56:21
10:48:12,13.03,0.0,27,35181,买盘,002040,2025-10-17 22:56:21
10:48:15,13.02,-0.01,502,653003,卖盘,002040,2025-10-17 22:56:21
10:48:18,13.01,-0.01,84,109218,中性盘,002040,2025-10-17 22:56:21
10:48:24,13.0,-0.01,17,22102,卖盘,002040,2025-10-17 22:56:21
10:48:30,13.01,0.01,37,48123,买盘,002040,2025-10-17 22:56:21
10:48:33,13.01,0.0,11,14309,买盘,002040,2025-10-17 22:56:21
10:48:36,13.0,-0.01,29,37700,卖盘,002040,2025-10-17 22:56:21
10:48:39,13.01,0.01,26,33803,买盘,002040,2025-10-17 22:56:21
10:48:42,13.01,0.0,15,19515,买盘,002040,2025-10-17 22:56:21
10:48:45,12.99,-0.02,599,778496,卖盘,002040,2025-10-17 22:56:21
10:48:48,12.99,0.0,32,41590,卖盘,002040,2025-10-17 22:56:21
10:48:51,13.0,0.01,41,53285,买盘,002040,2025-10-17 22:56:21
10:48:54,12.99,-0.01,54,70181,卖盘,002040,2025-10-17 22:56:21
10:48:57,12.99,0.0,69,89636,卖盘,002040,2025-10-17 22:56:21
10:49:00,13.0,0.01,46,59763,买盘,002040,2025-10-17 22:56:21
10:49:03,12.99,-0.01,89,115629,卖盘,002040,2025-10-17 22:56:21
10:49:06,12.99,0.0,68,88334,卖盘,002040,2025-10-17 22:56:21
10:49:09,13.0,0.01,7,9099,买盘,002040,2025-10-17 22:56:21
10:49:12,12.99,-0.01,146,189654,卖盘,002040,2025-10-17 22:56:21
10:49:15,13.0,0.01,3,3900,买盘,002040,2025-10-17 22:56:21
10:49:18,13.0,0.0,42,54549,买盘,002040,2025-10-17 22:56:21
10:49:21,12.99,-0.01,41,53277,卖盘,002040,2025-10-17 22:56:21
10:49:24,12.99,0.0,18,23382,卖盘,002040,2025-10-17 22:56:21
10:49:27,13.0,0.01,84,109200,买盘,002040,2025-10-17 22:56:21
10:49:30,13.0,0.0,37,48074,买盘,002040,2025-10-17 22:56:21
10:49:33,12.99,-0.01,41,53295,卖盘,002040,2025-10-17 22:56:21
10:49:36,13.0,0.01,100,129999,买盘,002040,2025-10-17 22:56:21
10:49:39,13.0,0.0,16,20800,卖盘,002040,2025-10-17 22:56:21
10:49:42,13.0,0.0,29,37713,卖盘,002040,2025-10-17 22:56:21
10:49:45,13.0,0.0,104,135204,卖盘,002040,2025-10-17 22:56:21
10:49:48,13.0,0.0,166,215804,卖盘,002040,2025-10-17 22:56:21
10:49:51,13.0,0.0,39,50700,卖盘,002040,2025-10-17 22:56:21
10:49:54,12.99,-0.01,57,74073,卖盘,002040,2025-10-17 22:56:21
10:49:57,13.0,0.01,69,89635,买盘,002040,2025-10-17 22:56:21
10:50:00,13.0,0.0,111,144300,买盘,002040,2025-10-17 22:56:21
10:50:03,13.01,0.01,381,495309,买盘,002040,2025-10-17 22:56:21
10:50:06,12.99,-0.02,2,2598,卖盘,002040,2025-10-17 22:56:21
10:50:09,13.02,0.03,100,130106,买盘,002040,2025-10-17 22:56:21
10:50:12,13.02,0.0,22,28644,买盘,002040,2025-10-17 22:56:21
10:50:15,13.01,-0.01,8,10410,卖盘,002040,2025-10-17 22:56:21
10:50:18,13.01,0.0,66,85804,卖盘,002040,2025-10-17 22:56:21
10:50:21,13.01,0.0,3,3903,卖盘,002040,2025-10-17 22:56:21
10:50:24,13.01,0.0,21,27321,卖盘,002040,2025-10-17 22:56:21
10:50:27,13.02,0.01,15,19516,买盘,002040,2025-10-17 22:56:21
10:50:30,13.01,-0.01,53,68958,卖盘,002040,2025-10-17 22:56:21
10:50:33,13.01,0.0,17,22117,卖盘,002040,2025-10-17 22:56:21
10:50:36,13.01,0.0,55,71556,卖盘,002040,2025-10-17 22:56:21
10:50:39,13.02,0.01,17,22125,买盘,002040,2025-10-17 22:56:21
10:50:42,13.02,0.0,80,104157,买盘,002040,2025-10-17 22:56:21
10:50:45,13.02,0.0,10,13020,买盘,002040,2025-10-17 22:56:21
10:50:48,13.01,-0.01,14,18214,卖盘,002040,2025-10-17 22:56:21
10:50:51,13.01,0.0,29,37739,卖盘,002040,2025-10-17 22:56:21
10:50:54,13.02,0.01,43,55981,买盘,002040,2025-10-17 22:56:21
10:51:00,13.02,0.0,15,19530,卖盘,002040,2025-10-17 22:56:21
10:51:03,13.03,0.01,3,3909,买盘,002040,2025-10-17 22:56:21
10:51:06,13.03,0.0,8,10419,买盘,002040,2025-10-17 22:56:21
10:51:09,13.03,0.0,6,7818,买盘,002040,2025-10-17 22:56:21
10:51:12,13.03,0.0,34,44302,买盘,002040,2025-10-17 22:56:21
10:51:15,13.03,0.0,66,86006,买盘,002040,2025-10-17 22:56:21
10:51:18,13.04,0.01,48,62547,买盘,002040,2025-10-17 22:56:21
10:51:21,13.03,-0.01,5,6515,卖盘,002040,2025-10-17 22:56:21
10:51:24,13.04,0.01,45,58680,买盘,002040,2025-10-17 22:56:21
10:51:27,13.05,0.01,30,39121,买盘,002040,2025-10-17 22:56:21
10:51:30,13.05,0.0,100,130500,买盘,002040,2025-10-17 22:56:21
10:51:33,13.05,0.0,36,46980,买盘,002040,2025-10-17 22:56:21
10:51:36,13.05,0.0,306,399330,买盘,002040,2025-10-17 22:56:21
10:51:39,13.05,0.0,41,53375,买盘,002040,2025-10-17 22:56:21
10:51:42,13.05,0.0,70,91350,卖盘,002040,2025-10-17 22:56:21
10:51:45,13.08,0.03,59,77070,买盘,002040,2025-10-17 22:56:21
10:51:48,13.08,0.0,6,7848,买盘,002040,2025-10-17 22:56:21
10:51:51,13.1,0.02,94,123023,买盘,002040,2025-10-17 22:56:21
10:51:54,13.09,-0.01,12,15702,买盘,002040,2025-10-17 22:56:21
10:51:57,13.09,0.0,16,20944,买盘,002040,2025-10-17 22:56:21
10:52:00,13.08,-0.01,112,146535,卖盘,002040,2025-10-17 22:56:21
10:52:03,13.08,0.0,43,56244,买盘,002040,2025-10-17 22:56:21
10:52:06,13.08,0.0,53,69242,买盘,002040,2025-10-17 22:56:21
10:52:09,13.08,0.0,21,27468,买盘,002040,2025-10-17 22:56:21
10:52:12,13.07,-0.01,118,154294,买盘,002040,2025-10-17 22:56:21
10:52:15,13.07,0.0,56,73182,买盘,002040,2025-10-17 22:56:21
10:52:18,13.07,0.0,33,43131,买盘,002040,2025-10-17 22:56:21
10:52:21,13.07,0.0,90,117630,卖盘,002040,2025-10-17 22:56:21
10:52:24,13.08,0.01,126,164803,买盘,002040,2025-10-17 22:56:21
10:52:27,13.08,0.0,17,22238,卖盘,002040,2025-10-17 22:56:21
10:52:30,13.09,0.01,27,35340,买盘,002040,2025-10-17 22:56:21
10:52:33,13.08,-0.01,69,90254,卖盘,002040,2025-10-17 22:56:21
10:52:36,13.09,0.01,90,117782,买盘,002040,2025-10-17 22:56:21
10:52:39,13.08,-0.01,3,3924,卖盘,002040,2025-10-17 22:56:21
10:52:42,13.08,0.0,84,109872,买盘,002040,2025-10-17 22:56:21
10:52:45,13.08,0.0,17,22236,买盘,002040,2025-10-17 22:56:21
10:52:48,13.08,0.0,84,109872,买盘,002040,2025-10-17 22:56:21
10:52:51,13.07,-0.01,49,64062,卖盘,002040,2025-10-17 22:56:21
10:52:54,13.08,0.01,184,240497,买盘,002040,2025-10-17 22:56:21
10:52:57,13.06,-0.02,52,67912,卖盘,002040,2025-10-17 22:56:21
10:53:00,13.04,-0.02,153,199699,卖盘,002040,2025-10-17 22:56:21
10:53:03,13.05,0.01,147,191976,买盘,002040,2025-10-17 22:56:21
10:53:06,13.05,0.0,19,24795,买盘,002040,2025-10-17 22:56:21
10:53:09,13.05,0.0,81,105702,买盘,002040,2025-10-17 22:56:21
10:53:12,13.05,0.0,129,168345,买盘,002040,2025-10-17 22:56:21
10:53:15,13.07,0.02,152,198536,买盘,002040,2025-10-17 22:56:21
10:53:18,13.06,-0.01,2,2612,中性盘,002040,2025-10-17 22:56:21
10:53:21,13.08,0.02,17,22216,买盘,002040,2025-10-17 22:56:21
10:53:24,13.06,-0.02,64,83616,卖盘,002040,2025-10-17 22:56:21
10:53:30,13.09,0.03,97,126863,买盘,002040,2025-10-17 22:56:21
10:53:36,13.09,0.0,254,332467,买盘,002040,2025-10-17 22:56:21
10:53:39,13.12,0.03,368,482131,买盘,002040,2025-10-17 22:56:21
10:53:45,13.12,0.0,40,52480,买盘,002040,2025-10-17 22:56:21
