时间,成交价,价格变动,成交量,成交额,买卖盘性质,股票代码,采集时间
09:25:00,5.11,0.05,2522,1288742,买盘,002083,2025-10-17 22:50:43
09:30:00,5.11,0.0,546,278783,买盘,002083,2025-10-17 22:50:43
09:30:03,5.11,0.0,1567,800358,买盘,002083,2025-10-17 22:50:43
09:30:06,5.12,0.01,703,359297,买盘,002083,2025-10-17 22:50:43
09:30:09,5.11,-0.01,305,155837,卖盘,002083,2025-10-17 22:50:43
09:30:12,5.1,-0.01,705,358859,卖盘,002083,2025-10-17 22:50:43
09:30:15,5.1,0.0,21,10710,买盘,002083,2025-10-17 22:50:43
09:30:18,5.09,-0.01,236,120299,中性盘,002083,2025-10-17 22:50:43
09:30:21,5.09,0.0,563,286064,卖盘,002083,2025-10-17 22:50:43
09:30:24,5.1,0.01,94,47856,买盘,002083,2025-10-17 22:50:43
09:30:27,5.09,-0.01,208,105927,卖盘,002083,2025-10-17 22:50:43
09:30:30,5.08,-0.01,82,41656,卖盘,002083,2025-10-17 22:50:43
09:30:33,5.08,0.0,62,31496,卖盘,002083,2025-10-17 22:50:43
09:30:39,5.09,0.01,181,91960,买盘,002083,2025-10-17 22:50:43
09:30:42,5.09,0.0,78,39702,买盘,002083,2025-10-17 22:50:43
09:30:54,5.08,-0.01,8,4064,卖盘,002083,2025-10-17 22:50:43
09:30:57,5.09,0.01,84,42756,买盘,002083,2025-10-17 22:50:43
09:31:00,5.08,-0.01,58,29464,卖盘,002083,2025-10-17 22:50:43
09:31:03,5.08,0.0,88,44736,卖盘,002083,2025-10-17 22:50:43
09:31:06,5.09,0.01,2,1018,买盘,002083,2025-10-17 22:50:43
09:31:09,5.08,-0.01,423,214884,卖盘,002083,2025-10-17 22:50:43
09:31:12,5.08,0.0,345,175260,买盘,002083,2025-10-17 22:50:43
09:31:15,5.08,0.0,87,44196,买盘,002083,2025-10-17 22:50:43
09:31:18,5.08,0.0,129,65532,卖盘,002083,2025-10-17 22:50:43
09:31:27,5.07,-0.01,124,62918,卖盘,002083,2025-10-17 22:50:43
09:31:30,5.08,0.01,481,244348,买盘,002083,2025-10-17 22:50:43
09:31:39,5.08,0.0,63,32004,卖盘,002083,2025-10-17 22:50:43
09:31:42,5.08,0.0,5,2540,卖盘,002083,2025-10-17 22:50:43
09:31:51,5.09,0.01,77,39193,买盘,002083,2025-10-17 22:50:43
09:31:54,5.08,-0.01,3,1524,卖盘,002083,2025-10-17 22:50:43
09:31:57,5.08,0.0,15,7620,卖盘,002083,2025-10-17 22:50:43
09:32:00,5.1,0.02,696,354223,买盘,002083,2025-10-17 22:50:43
09:32:03,5.09,-0.01,1349,686108,中性盘,002083,2025-10-17 22:50:43
09:32:09,5.09,0.0,99,50391,卖盘,002083,2025-10-17 22:50:43
09:32:12,5.08,-0.01,1269,644948,卖盘,002083,2025-10-17 22:50:43
09:32:18,5.09,0.01,118,60062,买盘,002083,2025-10-17 22:50:43
09:32:21,5.09,0.0,51,25959,买盘,002083,2025-10-17 22:50:43
09:32:27,5.09,0.0,31,15779,中性盘,002083,2025-10-17 22:50:43
09:32:30,5.09,0.0,44,22396,卖盘,002083,2025-10-17 22:50:43
09:32:39,5.1,0.01,10,5100,买盘,002083,2025-10-17 22:50:43
09:32:45,5.1,0.0,2,1020,买盘,002083,2025-10-17 22:50:43
09:32:48,5.1,0.0,762,388494,买盘,002083,2025-10-17 22:50:43
09:32:51,5.1,0.0,426,217261,买盘,002083,2025-10-17 22:50:43
09:32:54,5.1,0.0,19,9690,中性盘,002083,2025-10-17 22:50:43
09:32:57,5.1,0.0,864,440633,卖盘,002083,2025-10-17 22:50:43
09:33:03,5.1,0.0,10,5100,买盘,002083,2025-10-17 22:50:43
09:33:06,5.1,0.0,13,6638,卖盘,002083,2025-10-17 22:50:43
09:33:09,5.1,0.0,8,4080,买盘,002083,2025-10-17 22:50:43
09:33:12,5.09,-0.01,37,18867,卖盘,002083,2025-10-17 22:50:43
09:33:15,5.1,0.01,7,3570,买盘,002083,2025-10-17 22:50:43
09:33:24,5.1,0.0,20,10200,买盘,002083,2025-10-17 22:50:43
09:33:30,5.09,-0.01,176,89584,卖盘,002083,2025-10-17 22:50:43
09:33:36,5.09,0.0,1,509,卖盘,002083,2025-10-17 22:50:43
09:33:42,5.09,0.0,8,4072,卖盘,002083,2025-10-17 22:50:43
09:33:45,5.1,0.01,22,11220,买盘,002083,2025-10-17 22:50:43
09:33:48,5.09,-0.01,42,21378,卖盘,002083,2025-10-17 22:50:43
09:33:51,5.1,0.01,27,13770,买盘,002083,2025-10-17 22:50:43
09:33:54,5.09,-0.01,16,8144,卖盘,002083,2025-10-17 22:50:43
09:34:03,5.09,0.0,17,8653,卖盘,002083,2025-10-17 22:50:43
09:34:09,5.09,0.0,7,3563,卖盘,002083,2025-10-17 22:50:43
09:34:12,5.09,0.0,516,262644,卖盘,002083,2025-10-17 22:50:43
09:34:15,5.09,0.0,43,21887,卖盘,002083,2025-10-17 22:50:43
09:34:18,5.09,0.0,2,1018,卖盘,002083,2025-10-17 22:50:43
09:34:21,5.09,0.0,7,3563,卖盘,002083,2025-10-17 22:50:43
09:34:27,5.1,0.01,59,30090,买盘,002083,2025-10-17 22:50:43
09:34:30,5.1,0.0,100,51000,买盘,002083,2025-10-17 22:50:43
09:34:39,5.1,0.0,1,510,买盘,002083,2025-10-17 22:50:43
09:34:42,5.1,0.0,4,2040,买盘,002083,2025-10-17 22:50:43
09:34:51,5.1,0.0,90,45900,买盘,002083,2025-10-17 22:50:43
09:34:57,5.1,0.0,4,2040,买盘,002083,2025-10-17 22:50:43
09:35:00,5.09,-0.01,13,6617,卖盘,002083,2025-10-17 22:50:43
09:35:03,5.09,0.0,283,144047,卖盘,002083,2025-10-17 22:50:43
09:35:06,5.09,0.0,41,20869,买盘,002083,2025-10-17 22:50:43
09:35:09,5.09,0.0,25,12725,买盘,002083,2025-10-17 22:50:43
09:35:12,5.08,-0.01,21,10688,卖盘,002083,2025-10-17 22:50:43
09:35:15,5.08,0.0,100,50800,卖盘,002083,2025-10-17 22:50:43
09:35:18,5.14,0.06,8612,4407427,买盘,002083,2025-10-17 22:50:43
09:35:21,5.13,-0.01,180,92376,卖盘,002083,2025-10-17 22:50:43
09:35:24,5.14,0.01,18,9237,买盘,002083,2025-10-17 22:50:43
09:35:27,5.14,0.0,963,494815,买盘,002083,2025-10-17 22:50:43
09:35:30,5.14,0.0,184,94527,买盘,002083,2025-10-17 22:50:43
09:35:33,5.14,0.0,305,156722,买盘,002083,2025-10-17 22:50:43
09:35:36,5.14,0.0,57,29298,买盘,002083,2025-10-17 22:50:43
09:35:39,5.13,-0.01,40,20520,卖盘,002083,2025-10-17 22:50:43
09:35:42,5.13,0.0,102,52365,卖盘,002083,2025-10-17 22:50:43
09:35:45,5.13,0.0,177,90878,卖盘,002083,2025-10-17 22:50:43
09:35:48,5.13,0.0,362,185706,卖盘,002083,2025-10-17 22:50:43
09:35:51,5.13,0.0,6,3078,买盘,002083,2025-10-17 22:50:43
09:35:54,5.13,0.0,57,29241,买盘,002083,2025-10-17 22:50:43
09:35:57,5.13,0.0,70,35910,买盘,002083,2025-10-17 22:50:43
09:36:00,5.13,0.0,81,41553,买盘,002083,2025-10-17 22:50:43
09:36:03,5.12,-0.01,2,1024,卖盘,002083,2025-10-17 22:50:43
09:36:06,5.13,0.01,136,69768,买盘,002083,2025-10-17 22:50:43
09:36:09,5.13,0.0,10,5130,买盘,002083,2025-10-17 22:50:43
09:36:12,5.13,0.0,3,1539,买盘,002083,2025-10-17 22:50:43
09:36:21,5.12,-0.01,529,270892,卖盘,002083,2025-10-17 22:50:43
09:36:24,5.12,0.0,289,147968,买盘,002083,2025-10-17 22:50:43
09:36:27,5.12,0.0,1132,578557,买盘,002083,2025-10-17 22:50:43
09:36:33,5.11,-0.01,1,511,卖盘,002083,2025-10-17 22:50:43
09:36:36,5.12,0.01,40,20480,买盘,002083,2025-10-17 22:50:43
09:36:39,5.12,0.0,21,10752,买盘,002083,2025-10-17 22:50:43
09:36:42,5.12,0.0,1976,1011712,买盘,002083,2025-10-17 22:50:43
09:36:45,5.12,0.0,1,512,买盘,002083,2025-10-17 22:50:43
09:36:51,5.12,0.0,130,66560,卖盘,002083,2025-10-17 22:50:43
09:36:57,5.13,0.01,1519,779247,买盘,002083,2025-10-17 22:50:43
09:37:00,5.13,0.0,332,170341,卖盘,002083,2025-10-17 22:50:43
09:37:06,5.13,0.0,107,54891,卖盘,002083,2025-10-17 22:50:43
09:37:09,5.14,0.01,133,68240,买盘,002083,2025-10-17 22:50:43
09:37:12,5.14,0.0,29,14903,买盘,002083,2025-10-17 22:50:43
09:37:15,5.12,-0.02,3792,1941927,卖盘,002083,2025-10-17 22:50:43
09:37:18,5.12,0.0,31,15884,卖盘,002083,2025-10-17 22:50:43
09:37:21,5.13,0.01,70,35910,买盘,002083,2025-10-17 22:50:43
09:37:24,5.13,0.0,32,16416,买盘,002083,2025-10-17 22:50:43
09:37:27,5.13,0.0,51,26163,买盘,002083,2025-10-17 22:50:43
09:37:30,5.13,0.0,387,198531,买盘,002083,2025-10-17 22:50:43
09:37:33,5.13,0.0,19,9747,买盘,002083,2025-10-17 22:50:43
09:37:36,5.13,0.0,232,119016,卖盘,002083,2025-10-17 22:50:43
09:37:39,5.13,0.0,16,8208,卖盘,002083,2025-10-17 22:50:43
09:37:42,5.14,0.01,174,89399,买盘,002083,2025-10-17 22:50:43
09:37:45,5.14,0.0,1,514,买盘,002083,2025-10-17 22:50:43
09:37:51,5.14,0.0,1431,735534,买盘,002083,2025-10-17 22:50:43
09:37:54,5.14,0.0,263,135182,买盘,002083,2025-10-17 22:50:43
09:37:57,5.13,-0.01,118,60534,卖盘,002083,2025-10-17 22:50:43
09:38:00,5.14,0.01,24,12336,买盘,002083,2025-10-17 22:50:43
09:38:03,5.14,0.0,2445,1256730,买盘,002083,2025-10-17 22:50:43
09:38:06,5.13,-0.01,339,174240,卖盘,002083,2025-10-17 22:50:43
09:38:09,5.14,0.01,19,9757,买盘,002083,2025-10-17 22:50:43
09:38:12,5.14,0.0,1661,852174,买盘,002083,2025-10-17 22:50:43
09:38:15,5.14,0.0,105,53970,买盘,002083,2025-10-17 22:50:43
09:38:18,5.13,-0.01,1262,647405,卖盘,002083,2025-10-17 22:50:43
09:38:21,5.13,0.0,1047,538056,买盘,002083,2025-10-17 22:50:43
09:38:24,5.13,0.0,113,57978,卖盘,002083,2025-10-17 22:50:43
09:38:27,5.13,0.0,7,3591,买盘,002083,2025-10-17 22:50:43
09:38:30,5.13,0.0,21,10773,买盘,002083,2025-10-17 22:50:43
09:38:33,5.13,0.0,204,104652,买盘,002083,2025-10-17 22:50:43
09:38:45,5.13,0.0,22,11286,买盘,002083,2025-10-17 22:50:43
09:38:48,5.13,0.0,10,5130,买盘,002083,2025-10-17 22:50:43
09:38:54,5.13,0.0,500,256500,买盘,002083,2025-10-17 22:50:43
09:38:57,5.12,-0.01,35,17954,卖盘,002083,2025-10-17 22:50:43
09:39:06,5.13,0.01,8,4104,买盘,002083,2025-10-17 22:50:43
09:39:15,5.12,-0.01,501,256512,卖盘,002083,2025-10-17 22:50:43
09:39:21,5.12,0.0,1,512,卖盘,002083,2025-10-17 22:50:43
09:39:24,5.12,0.0,243,124416,卖盘,002083,2025-10-17 22:50:43
09:39:27,5.12,0.0,19,9728,卖盘,002083,2025-10-17 22:50:43
09:39:30,5.12,0.0,156,79872,卖盘,002083,2025-10-17 22:50:43
09:39:39,5.12,0.0,2,1024,卖盘,002083,2025-10-17 22:50:43
09:39:42,5.13,0.01,2,1026,买盘,002083,2025-10-17 22:50:43
09:39:45,5.12,-0.01,17,8704,卖盘,002083,2025-10-17 22:50:43
09:39:51,5.13,0.01,10,5130,买盘,002083,2025-10-17 22:50:43
09:40:00,5.12,-0.01,1813,928256,卖盘,002083,2025-10-17 22:50:43
09:40:03,5.12,0.0,1,512,买盘,002083,2025-10-17 22:50:43
09:40:06,5.11,-0.01,116,59276,卖盘,002083,2025-10-17 22:50:43
09:40:09,5.11,0.0,278,142058,卖盘,002083,2025-10-17 22:50:43
09:40:12,5.11,0.0,1,511,卖盘,002083,2025-10-17 22:50:43
09:40:15,5.1,-0.01,387,197739,卖盘,002083,2025-10-17 22:50:43
09:40:30,5.11,0.01,131,66941,买盘,002083,2025-10-17 22:50:43
09:40:36,5.11,0.0,185,94535,卖盘,002083,2025-10-17 22:50:43
09:40:39,5.11,0.0,2,1022,买盘,002083,2025-10-17 22:50:43
09:40:45,5.1,-0.01,53,27070,卖盘,002083,2025-10-17 22:50:43
09:40:48,5.1,0.0,939,478890,卖盘,002083,2025-10-17 22:50:43
09:40:51,5.1,0.0,4,2040,卖盘,002083,2025-10-17 22:50:43
09:40:54,5.11,0.01,20,10220,买盘,002083,2025-10-17 22:50:43
09:40:57,5.11,0.0,18,9198,买盘,002083,2025-10-17 22:50:43
09:41:00,5.1,-0.01,411,209610,卖盘,002083,2025-10-17 22:50:43
09:41:03,5.1,0.0,30,15300,卖盘,002083,2025-10-17 22:50:43
09:41:06,5.1,0.0,7,3570,卖盘,002083,2025-10-17 22:50:43
09:41:12,5.1,0.0,158,80580,卖盘,002083,2025-10-17 22:50:43
09:41:18,5.1,0.0,88,44880,卖盘,002083,2025-10-17 22:50:43
09:41:21,5.1,0.0,106,54074,卖盘,002083,2025-10-17 22:50:43
09:41:24,5.1,0.0,36,18360,买盘,002083,2025-10-17 22:50:43
09:41:27,5.1,0.0,2,1020,卖盘,002083,2025-10-17 22:50:43
09:41:33,5.1,0.0,27,13770,卖盘,002083,2025-10-17 22:50:43
09:41:36,5.1,0.0,3,1530,买盘,002083,2025-10-17 22:50:43
09:41:39,5.1,0.0,3,1530,买盘,002083,2025-10-17 22:50:43
09:41:42,5.1,0.0,24,12240,买盘,002083,2025-10-17 22:50:43
09:41:45,5.1,0.0,5,2550,买盘,002083,2025-10-17 22:50:43
09:41:48,5.09,-0.01,2,1018,卖盘,002083,2025-10-17 22:50:43
09:42:06,5.09,0.0,124,63116,卖盘,002083,2025-10-17 22:50:43
09:42:12,5.1,0.01,41,20910,买盘,002083,2025-10-17 22:50:43
09:42:33,5.1,0.0,30,15300,买盘,002083,2025-10-17 22:50:43
09:42:39,5.09,-0.01,65,33091,卖盘,002083,2025-10-17 22:50:43
09:42:42,5.1,0.01,1,510,买盘,002083,2025-10-17 22:50:43
09:42:57,5.09,-0.01,1147,583833,卖盘,002083,2025-10-17 22:50:43
09:43:00,5.09,0.0,1,509,买盘,002083,2025-10-17 22:50:43
09:43:12,5.09,0.0,101,51309,买盘,002083,2025-10-17 22:50:43
09:43:15,5.09,0.0,100,50900,买盘,002083,2025-10-17 22:50:43
09:43:18,5.09,0.0,6,3054,买盘,002083,2025-10-17 22:50:43
09:43:21,5.09,0.0,20,10180,买盘,002083,2025-10-17 22:50:43
09:43:24,5.09,0.0,81,41225,买盘,002083,2025-10-17 22:50:43
09:43:33,5.08,-0.01,9,4572,卖盘,002083,2025-10-17 22:50:43
09:43:36,5.09,0.01,557,283413,买盘,002083,2025-10-17 22:50:43
09:43:39,5.09,0.0,22,11198,买盘,002083,2025-10-17 22:50:43
09:43:45,5.08,-0.01,7,3556,卖盘,002083,2025-10-17 22:50:43
09:43:57,5.09,0.01,10,5090,买盘,002083,2025-10-17 22:50:43
09:44:00,5.09,0.0,1,509,买盘,002083,2025-10-17 22:50:43
09:44:03,5.09,0.0,21,10689,买盘,002083,2025-10-17 22:50:43
09:44:06,5.08,-0.01,43,21868,卖盘,002083,2025-10-17 22:50:43
09:44:09,5.09,0.01,1,509,买盘,002083,2025-10-17 22:50:43
09:44:15,5.08,-0.01,485,246380,卖盘,002083,2025-10-17 22:50:43
09:44:18,5.09,0.01,18,9162,买盘,002083,2025-10-17 22:50:43
09:44:21,5.09,0.0,1380,702420,买盘,002083,2025-10-17 22:50:43
09:44:30,5.09,0.0,4,2036,卖盘,002083,2025-10-17 22:50:43
09:44:33,5.1,0.01,11,5610,买盘,002083,2025-10-17 22:50:43
09:44:36,5.1,0.0,1,510,买盘,002083,2025-10-17 22:50:43
09:44:39,5.1,0.0,3,1528,买盘,002083,2025-10-17 22:50:43
09:44:45,5.09,-0.01,1196,608764,卖盘,002083,2025-10-17 22:50:43
09:44:48,5.09,0.0,207,105363,买盘,002083,2025-10-17 22:50:43
09:44:51,5.09,0.0,1191,606219,买盘,002083,2025-10-17 22:50:43
09:44:54,5.09,0.0,5,2545,卖盘,002083,2025-10-17 22:50:43
09:45:03,5.09,0.0,10,5090,卖盘,002083,2025-10-17 22:50:43
09:45:06,5.09,0.0,121,61589,卖盘,002083,2025-10-17 22:50:43
09:45:09,5.1,0.01,21,10690,买盘,002083,2025-10-17 22:50:43
09:45:15,5.09,-0.01,1,509,卖盘,002083,2025-10-17 22:50:43
09:45:18,5.09,0.0,424,215816,卖盘,002083,2025-10-17 22:50:43
09:45:24,5.09,0.0,10,5090,买盘,002083,2025-10-17 22:50:43
09:45:27,5.09,0.0,9,4581,买盘,002083,2025-10-17 22:50:43
09:45:30,5.09,0.0,2,1018,买盘,002083,2025-10-17 22:50:43
09:45:33,5.09,0.0,106,53954,买盘,002083,2025-10-17 22:50:43
09:45:36,5.09,0.0,43,21887,卖盘,002083,2025-10-17 22:50:43
09:45:39,5.1,0.01,1,510,买盘,002083,2025-10-17 22:50:43
09:45:42,5.09,-0.01,16,8144,卖盘,002083,2025-10-17 22:50:43
09:45:48,5.09,0.0,30,15270,卖盘,002083,2025-10-17 22:50:43
09:45:57,5.09,0.0,472,240248,卖盘,002083,2025-10-17 22:50:43
09:46:00,5.1,0.01,3,1530,买盘,002083,2025-10-17 22:50:43
09:46:03,5.1,0.0,4,2040,买盘,002083,2025-10-17 22:50:43
09:46:12,5.1,0.0,1,510,买盘,002083,2025-10-17 22:50:43
09:46:15,5.09,-0.01,11,5600,卖盘,002083,2025-10-17 22:50:43
09:46:24,5.09,0.0,99,50391,卖盘,002083,2025-10-17 22:50:43
09:46:27,5.09,0.0,20,10187,卖盘,002083,2025-10-17 22:50:43
09:46:33,5.1,0.01,20,10200,买盘,002083,2025-10-17 22:50:43
09:46:39,5.09,-0.01,30,15270,卖盘,002083,2025-10-17 22:50:43
09:46:42,5.1,0.01,1,510,买盘,002083,2025-10-17 22:50:43
09:47:03,5.09,-0.01,70,35630,卖盘,002083,2025-10-17 22:50:43
09:47:09,5.1,0.01,1,510,买盘,002083,2025-10-17 22:50:43
09:47:12,5.1,0.0,2,1020,买盘,002083,2025-10-17 22:50:43
09:47:15,5.09,-0.01,8,4072,卖盘,002083,2025-10-17 22:50:43
09:47:18,5.11,0.02,1186,604906,买盘,002083,2025-10-17 22:50:43
09:47:21,5.11,0.0,11,5620,买盘,002083,2025-10-17 22:50:43
09:47:24,5.1,-0.01,20,10200,卖盘,002083,2025-10-17 22:50:43
09:47:30,5.1,0.0,8,4080,卖盘,002083,2025-10-17 22:50:43
09:47:33,5.11,0.01,36,18396,买盘,002083,2025-10-17 22:50:43
09:47:36,5.1,-0.01,97,49470,卖盘,002083,2025-10-17 22:50:43
09:47:39,5.11,0.01,14,7154,买盘,002083,2025-10-17 22:50:43
09:47:42,5.11,0.0,10,5110,买盘,002083,2025-10-17 22:50:43
09:47:45,5.11,0.0,1,511,买盘,002083,2025-10-17 22:50:43
09:47:48,5.11,0.0,113,57743,买盘,002083,2025-10-17 22:50:43
09:47:51,5.11,0.0,107,54677,买盘,002083,2025-10-17 22:50:43
09:47:54,5.1,-0.01,45,22950,卖盘,002083,2025-10-17 22:50:43
09:47:57,5.1,0.0,20,10200,卖盘,002083,2025-10-17 22:50:43
09:48:00,5.11,0.01,25,12775,买盘,002083,2025-10-17 22:50:43
09:48:12,5.1,-0.01,1701,867510,卖盘,002083,2025-10-17 22:50:43
09:48:15,5.1,0.0,108,55080,买盘,002083,2025-10-17 22:50:43
09:48:21,5.1,0.0,12,6120,买盘,002083,2025-10-17 22:50:43
09:48:24,5.1,0.0,120,61200,中性盘,002083,2025-10-17 22:50:43
09:48:33,5.09,-0.01,5,2545,卖盘,002083,2025-10-17 22:50:43
09:48:42,5.1,0.01,5,2550,买盘,002083,2025-10-17 22:50:43
09:48:45,5.09,-0.01,3,1529,卖盘,002083,2025-10-17 22:50:43
09:48:48,5.1,0.01,3,1530,买盘,002083,2025-10-17 22:50:43
09:48:51,5.1,0.0,150,76500,卖盘,002083,2025-10-17 22:50:43
09:48:57,5.1,0.0,44,22440,卖盘,002083,2025-10-17 22:50:43
09:49:00,5.11,0.01,1223,624953,买盘,002083,2025-10-17 22:50:43
09:49:03,5.11,0.0,82,41902,买盘,002083,2025-10-17 22:50:43
09:49:09,5.11,0.0,100,51100,卖盘,002083,2025-10-17 22:50:43
09:49:15,5.11,0.0,2,1022,卖盘,002083,2025-10-17 22:50:43
09:49:21,5.12,0.01,18,9206,买盘,002083,2025-10-17 22:50:43
09:49:27,5.12,0.0,56,28672,买盘,002083,2025-10-17 22:50:43
09:49:36,5.11,-0.01,100,51100,卖盘,002083,2025-10-17 22:50:43
09:49:39,5.12,0.01,570,291274,买盘,002083,2025-10-17 22:50:43
09:49:45,5.11,-0.01,233,119035,买盘,002083,2025-10-17 22:50:43
09:49:54,5.11,0.0,26,13286,买盘,002083,2025-10-17 22:50:43
09:49:57,5.11,0.0,42,21462,买盘,002083,2025-10-17 22:50:43
09:50:03,5.11,0.0,10,5110,买盘,002083,2025-10-17 22:50:43
09:50:09,5.11,0.0,18,9198,买盘,002083,2025-10-17 22:50:43
09:50:15,5.1,-0.01,304,155120,卖盘,002083,2025-10-17 22:50:43
09:50:21,5.11,0.01,4,2044,买盘,002083,2025-10-17 22:50:43
09:50:24,5.11,0.0,4,2044,买盘,002083,2025-10-17 22:50:43
09:50:30,5.11,0.0,1,511,买盘,002083,2025-10-17 22:50:43
09:50:33,5.11,0.0,11,5621,买盘,002083,2025-10-17 22:50:43
09:50:36,5.11,0.0,45,22995,买盘,002083,2025-10-17 22:50:43
09:50:39,5.1,-0.01,36,18371,卖盘,002083,2025-10-17 22:50:43
09:50:54,5.1,0.0,21,10710,卖盘,002083,2025-10-17 22:50:43
09:51:00,5.1,0.0,107,54670,卖盘,002083,2025-10-17 22:50:43
09:51:06,5.1,0.0,196,99960,卖盘,002083,2025-10-17 22:50:43
09:51:09,5.1,0.0,6,3060,卖盘,002083,2025-10-17 22:50:43
09:51:12,5.1,0.0,4,2040,卖盘,002083,2025-10-17 22:50:43
09:51:15,5.11,0.01,153,78183,买盘,002083,2025-10-17 22:50:43
09:51:27,5.11,0.0,61,31171,买盘,002083,2025-10-17 22:50:43
09:51:30,5.11,0.0,43,21973,买盘,002083,2025-10-17 22:50:43
09:51:33,5.11,0.0,225,114975,买盘,002083,2025-10-17 22:50:43
09:51:42,5.11,0.0,130,66430,卖盘,002083,2025-10-17 22:50:43
09:51:45,5.12,0.01,4,2048,买盘,002083,2025-10-17 22:50:43
09:51:51,5.12,0.0,10,5120,买盘,002083,2025-10-17 22:50:43
09:51:57,5.11,-0.01,110,56210,卖盘,002083,2025-10-17 22:50:43
09:52:03,5.11,0.0,88,44968,卖盘,002083,2025-10-17 22:50:43
09:52:12,5.12,0.01,339,173568,买盘,002083,2025-10-17 22:50:43
09:52:15,5.11,-0.01,21,10731,卖盘,002083,2025-10-17 22:50:43
09:52:27,5.11,0.0,1,511,卖盘,002083,2025-10-17 22:50:43
09:52:33,5.12,0.01,16,8192,买盘,002083,2025-10-17 22:50:43
09:52:36,5.11,-0.01,150,76650,卖盘,002083,2025-10-17 22:50:43
09:52:42,5.11,0.0,21,10731,买盘,002083,2025-10-17 22:50:43
09:52:45,5.11,0.0,324,165564,买盘,002083,2025-10-17 22:50:43
09:52:48,5.1,-0.01,59,30139,卖盘,002083,2025-10-17 22:50:43
09:53:00,5.1,0.0,1,510,卖盘,002083,2025-10-17 22:50:43
09:53:03,5.1,0.0,14,7140,卖盘,002083,2025-10-17 22:50:43
09:53:06,5.1,0.0,174,88839,卖盘,002083,2025-10-17 22:50:43
09:53:21,5.11,0.01,57,29127,买盘,002083,2025-10-17 22:50:43
09:53:24,5.1,-0.01,1,510,卖盘,002083,2025-10-17 22:50:43
09:53:30,5.11,0.01,189,96579,买盘,002083,2025-10-17 22:50:43
09:53:33,5.1,-0.01,127,64770,卖盘,002083,2025-10-17 22:50:43
09:53:48,5.1,0.0,107,54570,卖盘,002083,2025-10-17 22:50:43
09:53:51,5.11,0.01,165,84315,买盘,002083,2025-10-17 22:50:43
09:53:54,5.11,0.0,16,8176,买盘,002083,2025-10-17 22:50:43
09:53:57,5.11,0.0,25,12775,买盘,002083,2025-10-17 22:50:43
09:54:03,5.1,-0.01,4,2040,卖盘,002083,2025-10-17 22:50:43
09:54:09,5.11,0.01,148,75628,买盘,002083,2025-10-17 22:50:43
09:54:12,5.1,-0.01,75,38255,卖盘,002083,2025-10-17 22:50:43
09:54:18,5.11,0.01,20,10220,买盘,002083,2025-10-17 22:50:43
09:54:21,5.11,0.0,2,1022,买盘,002083,2025-10-17 22:50:43
09:54:24,5.11,0.0,18,9198,买盘,002083,2025-10-17 22:50:43
09:54:30,5.11,0.0,17,8687,买盘,002083,2025-10-17 22:50:43
09:54:33,5.11,0.0,4,2043,买盘,002083,2025-10-17 22:50:43
09:54:36,5.11,0.0,110,56210,买盘,002083,2025-10-17 22:50:43
09:54:39,5.1,-0.01,109,55640,卖盘,002083,2025-10-17 22:50:43
09:54:42,5.11,0.01,1,511,买盘,002083,2025-10-17 22:50:43
09:54:45,5.11,0.0,6,3066,买盘,002083,2025-10-17 22:50:43
09:54:48,5.11,0.0,5,2555,买盘,002083,2025-10-17 22:50:43
09:54:54,5.11,0.0,101,51611,买盘,002083,2025-10-17 22:50:43
09:54:57,5.1,-0.01,32,16351,卖盘,002083,2025-10-17 22:50:43
09:55:00,5.11,0.01,11,5621,买盘,002083,2025-10-17 22:50:43
09:55:03,5.11,0.0,6,3066,买盘,002083,2025-10-17 22:50:43
09:55:15,5.1,-0.01,21,10710,卖盘,002083,2025-10-17 22:50:43
09:55:21,5.1,0.0,51,26018,卖盘,002083,2025-10-17 22:50:43
09:55:33,5.1,0.0,80,40800,卖盘,002083,2025-10-17 22:50:43
09:55:36,5.11,0.01,55,28105,买盘,002083,2025-10-17 22:50:43
09:55:45,5.11,0.0,151,77161,买盘,002083,2025-10-17 22:50:43
09:55:51,5.11,0.0,20,10220,买盘,002083,2025-10-17 22:50:43
09:56:03,5.1,-0.01,20,10200,卖盘,002083,2025-10-17 22:50:43
09:56:12,5.11,0.01,9,4599,买盘,002083,2025-10-17 22:50:43
09:56:18,5.11,0.0,10,5110,买盘,002083,2025-10-17 22:50:43
09:56:27,5.11,0.0,20,10220,买盘,002083,2025-10-17 22:50:43
09:56:33,5.11,0.0,1638,837018,买盘,002083,2025-10-17 22:50:43
09:56:36,5.12,0.01,6,3072,买盘,002083,2025-10-17 22:50:43
09:56:42,5.12,0.0,6,3072,买盘,002083,2025-10-17 22:50:43
09:56:45,5.11,-0.01,48,24528,卖盘,002083,2025-10-17 22:50:43
09:56:54,5.11,0.0,13,6646,卖盘,002083,2025-10-17 22:50:43
09:56:57,5.12,0.01,63,32256,买盘,002083,2025-10-17 22:50:43
09:57:00,5.12,0.0,957,489984,买盘,002083,2025-10-17 22:50:43
09:57:03,5.13,0.01,5,2565,买盘,002083,2025-10-17 22:50:43
09:57:06,5.13,0.0,36,18468,买盘,002083,2025-10-17 22:50:43
09:57:12,5.12,-0.01,10,5120,卖盘,002083,2025-10-17 22:50:43
09:57:15,5.13,0.01,71,36357,买盘,002083,2025-10-17 22:50:43
09:57:18,5.12,-0.01,126,64522,卖盘,002083,2025-10-17 22:50:43
09:57:24,5.13,0.01,11,5643,买盘,002083,2025-10-17 22:50:43
09:57:27,5.13,0.0,2,1026,买盘,002083,2025-10-17 22:50:43
09:57:30,5.13,0.0,27,13851,买盘,002083,2025-10-17 22:50:43
09:57:33,5.13,0.0,28,14364,买盘,002083,2025-10-17 22:50:43
09:57:36,5.13,0.0,57,29221,买盘,002083,2025-10-17 22:50:43
09:57:39,5.13,0.0,3,1539,买盘,002083,2025-10-17 22:50:43
09:57:42,5.13,0.0,9,4617,买盘,002083,2025-10-17 22:50:43
09:57:54,5.12,-0.01,71,36407,卖盘,002083,2025-10-17 22:50:43
09:58:00,5.12,0.0,1409,721408,卖盘,002083,2025-10-17 22:50:43
09:58:03,5.12,0.0,119,60820,买盘,002083,2025-10-17 22:50:43
09:58:06,5.12,0.0,1,512,买盘,002083,2025-10-17 22:50:43
09:58:18,5.11,-0.01,178,90958,卖盘,002083,2025-10-17 22:50:43
09:58:21,5.11,0.0,123,62853,买盘,002083,2025-10-17 22:50:43
09:58:27,5.11,0.0,2,1022,卖盘,002083,2025-10-17 22:50:43
09:58:30,5.12,0.01,20,10240,买盘,002083,2025-10-17 22:50:43
09:58:33,5.12,0.0,1377,705792,买盘,002083,2025-10-17 22:50:43
09:58:36,5.12,0.0,40,20480,买盘,002083,2025-10-17 22:50:43
09:58:39,5.12,0.0,169,86528,买盘,002083,2025-10-17 22:50:43
09:58:48,5.12,0.0,11,5632,卖盘,002083,2025-10-17 22:50:43
09:59:03,5.12,0.0,5,2560,卖盘,002083,2025-10-17 22:50:43
09:59:06,5.12,0.0,192,98305,卖盘,002083,2025-10-17 22:50:43
09:59:09,5.12,0.0,5,2560,买盘,002083,2025-10-17 22:50:43
09:59:12,5.12,0.0,3,1536,买盘,002083,2025-10-17 22:50:43
09:59:15,5.1,-0.02,500,255409,卖盘,002083,2025-10-17 22:50:43
09:59:18,5.12,0.02,1,512,买盘,002083,2025-10-17 22:50:43
09:59:33,5.12,0.0,1,512,买盘,002083,2025-10-17 22:50:43
09:59:36,5.12,0.0,21,10752,买盘,002083,2025-10-17 22:50:43
09:59:39,5.12,0.0,172,88064,买盘,002083,2025-10-17 22:50:43
09:59:42,5.12,0.0,22,11264,买盘,002083,2025-10-17 22:50:43
09:59:45,5.11,-0.01,305,156046,卖盘,002083,2025-10-17 22:50:43
09:59:54,5.12,0.01,3,1536,买盘,002083,2025-10-17 22:50:43
09:59:57,5.11,-0.01,3,1534,卖盘,002083,2025-10-17 22:50:43
10:00:03,5.11,0.0,171,87381,卖盘,002083,2025-10-17 22:50:43
10:00:06,5.1,-0.01,8,4081,卖盘,002083,2025-10-17 22:50:43
10:00:12,5.11,0.01,24,12264,买盘,002083,2025-10-17 22:50:43
10:00:15,5.11,0.0,11,5621,买盘,002083,2025-10-17 22:50:43
10:00:18,5.11,0.0,27,13797,买盘,002083,2025-10-17 22:50:43
10:00:24,5.1,-0.01,34,17359,卖盘,002083,2025-10-17 22:50:43
10:00:33,5.11,0.01,6,3066,卖盘,002083,2025-10-17 22:50:43
10:00:39,5.11,0.0,95,48545,卖盘,002083,2025-10-17 22:50:43
10:00:42,5.1,-0.01,2946,1503941,卖盘,002083,2025-10-17 22:50:43
10:00:45,5.11,0.01,33,16863,卖盘,002083,2025-10-17 22:50:43
10:00:48,5.12,0.01,14,7168,买盘,002083,2025-10-17 22:50:43
10:00:57,5.12,0.0,1,512,买盘,002083,2025-10-17 22:50:43
10:01:00,5.12,0.0,135,69120,买盘,002083,2025-10-17 22:50:43
10:01:09,5.12,0.0,58,29696,买盘,002083,2025-10-17 22:50:43
10:01:15,5.11,-0.01,20,10220,卖盘,002083,2025-10-17 22:50:43
10:01:18,5.11,0.0,321,164031,卖盘,002083,2025-10-17 22:50:43
10:01:27,5.11,0.0,19,9710,卖盘,002083,2025-10-17 22:50:43
10:01:30,5.12,0.01,79,40448,买盘,002083,2025-10-17 22:50:43
10:01:33,5.12,0.0,25,12800,买盘,002083,2025-10-17 22:50:43
10:01:39,5.11,-0.01,9,4599,卖盘,002083,2025-10-17 22:50:43
10:01:45,5.11,0.0,8,4088,卖盘,002083,2025-10-17 22:50:43
10:01:48,5.12,0.01,22,11262,买盘,002083,2025-10-17 22:50:43
10:01:51,5.11,-0.01,295,150658,卖盘,002083,2025-10-17 22:50:43
10:01:54,5.11,0.0,18,9198,买盘,002083,2025-10-17 22:50:43
10:01:57,5.12,0.01,100,51105,买盘,002083,2025-10-17 22:50:43
10:02:03,5.11,-0.01,213,108873,卖盘,002083,2025-10-17 22:50:43
10:02:06,5.11,0.0,44,22484,卖盘,002083,2025-10-17 22:50:43
10:02:09,5.11,0.0,10,5110,卖盘,002083,2025-10-17 22:50:43
10:02:12,5.11,0.0,3,1533,卖盘,002083,2025-10-17 22:50:43
10:02:15,5.11,0.0,1,511,卖盘,002083,2025-10-17 22:50:43
10:02:24,5.12,0.01,100,51200,买盘,002083,2025-10-17 22:50:43
10:02:27,5.11,-0.01,50,25550,卖盘,002083,2025-10-17 22:50:43
10:02:30,5.12,0.01,3,1536,买盘,002083,2025-10-17 22:50:43
10:02:45,5.11,-0.01,27,13797,卖盘,002083,2025-10-17 22:50:43
10:02:57,5.11,0.0,38,19418,卖盘,002083,2025-10-17 22:50:43
10:03:09,5.11,0.0,15,7665,卖盘,002083,2025-10-17 22:50:43
10:03:12,5.11,0.0,6,3066,卖盘,002083,2025-10-17 22:50:43
10:03:18,5.11,0.0,1,511,卖盘,002083,2025-10-17 22:50:43
10:03:21,5.11,0.0,114,58205,卖盘,002083,2025-10-17 22:50:43
10:03:24,5.11,0.0,10,5110,买盘,002083,2025-10-17 22:50:43
10:03:39,5.1,-0.01,230,117488,卖盘,002083,2025-10-17 22:50:43
10:03:45,5.11,0.01,8,4088,买盘,002083,2025-10-17 22:50:43
10:04:09,5.11,0.0,222,113442,买盘,002083,2025-10-17 22:50:43
10:04:54,5.1,-0.01,2,1020,卖盘,002083,2025-10-17 22:50:43
10:04:57,5.11,0.01,164,83804,买盘,002083,2025-10-17 22:50:43
10:05:00,5.1,-0.01,19,9690,卖盘,002083,2025-10-17 22:50:43
10:05:12,5.1,0.0,114,58140,卖盘,002083,2025-10-17 22:50:43
10:05:15,5.1,0.0,9,4590,卖盘,002083,2025-10-17 22:50:43
10:05:18,5.1,0.0,20,10200,卖盘,002083,2025-10-17 22:50:43
10:05:33,5.1,0.0,274,139740,卖盘,002083,2025-10-17 22:50:43
10:05:36,5.1,0.0,1,510,卖盘,002083,2025-10-17 22:50:43
10:05:54,5.1,0.0,666,339660,卖盘,002083,2025-10-17 22:50:43
10:05:57,5.1,0.0,41,20910,卖盘,002083,2025-10-17 22:50:43
10:06:00,5.1,0.0,309,157590,卖盘,002083,2025-10-17 22:50:43
10:06:03,5.09,-0.01,556,283444,卖盘,002083,2025-10-17 22:50:43
10:06:06,5.1,0.01,2,1020,买盘,002083,2025-10-17 22:50:43
10:06:09,5.1,0.0,20,10200,买盘,002083,2025-10-17 22:50:43
10:06:18,5.1,0.0,22,11220,买盘,002083,2025-10-17 22:50:43
10:06:21,5.1,0.0,91,46410,中性盘,002083,2025-10-17 22:50:43
10:06:30,5.1,0.0,6,3060,卖盘,002083,2025-10-17 22:50:43
10:06:36,5.1,0.0,42,21420,卖盘,002083,2025-10-17 22:50:43
10:06:42,5.1,0.0,34,17359,卖盘,002083,2025-10-17 22:50:43
10:06:51,5.1,0.0,11,5610,卖盘,002083,2025-10-17 22:50:43
10:07:06,5.1,0.0,2,1020,卖盘,002083,2025-10-17 22:50:43
10:07:09,5.1,0.0,16,8160,卖盘,002083,2025-10-17 22:50:43
10:07:18,5.1,0.0,12,6120,卖盘,002083,2025-10-17 22:50:43
10:07:42,5.1,0.0,8,4080,卖盘,002083,2025-10-17 22:50:43
10:07:45,5.1,0.0,8,4080,卖盘,002083,2025-10-17 22:50:43
10:07:51,5.11,0.01,6,3066,买盘,002083,2025-10-17 22:50:43
10:07:54,5.1,-0.01,6,3060,卖盘,002083,2025-10-17 22:50:43
10:08:03,5.1,0.0,88,44962,卖盘,002083,2025-10-17 22:50:43
10:08:18,5.1,0.0,5,2550,卖盘,002083,2025-10-17 22:50:43
10:08:27,5.11,0.01,22,11242,买盘,002083,2025-10-17 22:50:43
10:08:36,5.1,-0.01,10,5100,卖盘,002083,2025-10-17 22:50:43
10:08:42,5.11,0.01,11,5621,买盘,002083,2025-10-17 22:50:43
10:08:45,5.1,-0.01,81,41310,卖盘,002083,2025-10-17 22:50:43
10:08:51,5.1,0.0,3,1530,卖盘,002083,2025-10-17 22:50:43
10:09:03,5.1,0.0,1,510,卖盘,002083,2025-10-17 22:50:43
10:09:09,5.1,0.0,5,2550,卖盘,002083,2025-10-17 22:50:43
10:09:15,5.1,0.0,160,81600,卖盘,002083,2025-10-17 22:50:43
10:09:18,5.1,0.0,18,9180,卖盘,002083,2025-10-17 22:50:43
10:09:21,5.1,0.0,166,84660,卖盘,002083,2025-10-17 22:50:43
10:09:33,5.1,0.0,10,5100,卖盘,002083,2025-10-17 22:50:43
10:09:36,5.1,0.0,6,3060,卖盘,002083,2025-10-17 22:50:43
10:09:39,5.1,0.0,8,4080,卖盘,002083,2025-10-17 22:50:43
10:09:42,5.1,0.0,3,1530,卖盘,002083,2025-10-17 22:50:43
10:09:45,5.1,0.0,3,1532,卖盘,002083,2025-10-17 22:50:43
10:09:51,5.11,0.01,1,511,买盘,002083,2025-10-17 22:50:43
10:09:54,5.1,-0.01,880,448800,卖盘,002083,2025-10-17 22:50:43
10:09:57,5.1,0.0,13,6630,买盘,002083,2025-10-17 22:50:43
10:10:00,5.1,0.0,6,3060,买盘,002083,2025-10-17 22:50:43
10:10:03,5.1,0.0,42,21420,买盘,002083,2025-10-17 22:50:43
10:10:12,5.1,0.0,109,55590,买盘,002083,2025-10-17 22:50:43
10:10:15,5.1,0.0,10,5100,买盘,002083,2025-10-17 22:50:43
10:10:18,5.1,0.0,22,11220,买盘,002083,2025-10-17 22:50:43
10:10:21,5.1,0.0,85,43350,买盘,002083,2025-10-17 22:50:43
10:10:24,5.1,0.0,24,12240,买盘,002083,2025-10-17 22:50:43
10:10:27,5.11,0.01,31,15817,买盘,002083,2025-10-17 22:50:43
10:11:00,5.1,-0.01,9,4590,卖盘,002083,2025-10-17 22:50:43
10:11:06,5.11,0.01,5,2555,买盘,002083,2025-10-17 22:50:43
10:11:15,5.11,0.0,1,511,买盘,002083,2025-10-17 22:50:43
10:11:24,5.11,0.0,43,21973,买盘,002083,2025-10-17 22:50:43
10:11:45,5.11,0.0,1,511,买盘,002083,2025-10-17 22:50:43
10:11:54,5.1,-0.01,1,510,卖盘,002083,2025-10-17 22:50:43
10:12:00,5.1,0.0,27,13770,卖盘,002083,2025-10-17 22:50:43
10:12:03,5.1,0.0,5,2550,卖盘,002083,2025-10-17 22:50:43
10:12:06,5.1,0.0,52,26520,卖盘,002083,2025-10-17 22:50:43
10:12:09,5.1,0.0,249,126994,卖盘,002083,2025-10-17 22:50:43
10:12:12,5.1,0.0,1361,694110,卖盘,002083,2025-10-17 22:50:43
10:12:15,5.1,0.0,36,18360,买盘,002083,2025-10-17 22:50:43
10:12:18,5.1,0.0,1,510,买盘,002083,2025-10-17 22:50:43
10:12:27,5.09,-0.01,11,5599,卖盘,002083,2025-10-17 22:50:43
10:12:30,5.09,0.0,150,76366,卖盘,002083,2025-10-17 22:50:43
10:12:33,5.1,0.01,1,510,买盘,002083,2025-10-17 22:50:43
10:12:39,5.09,-0.01,7,3563,卖盘,002083,2025-10-17 22:50:43
10:12:48,5.1,0.01,59,30089,买盘,002083,2025-10-17 22:50:43
10:12:51,5.1,0.0,13,6630,买盘,002083,2025-10-17 22:50:43
10:12:54,5.1,0.0,14,7130,买盘,002083,2025-10-17 22:50:43
10:12:57,5.09,-0.01,3,1527,卖盘,002083,2025-10-17 22:50:43
10:13:03,5.11,0.02,300,153003,买盘,002083,2025-10-17 22:50:43
10:13:06,5.11,0.0,1,511,买盘,002083,2025-10-17 22:50:43
10:13:12,5.1,-0.01,3,1530,卖盘,002083,2025-10-17 22:50:43
10:13:15,5.1,0.0,99,50490,卖盘,002083,2025-10-17 22:50:43
10:13:18,5.1,0.0,2,1020,卖盘,002083,2025-10-17 22:50:43
10:13:24,5.11,0.01,27,13791,买盘,002083,2025-10-17 22:50:43
10:13:30,5.1,-0.01,90,45900,卖盘,002083,2025-10-17 22:50:43
10:13:48,5.1,0.0,120,61200,卖盘,002083,2025-10-17 22:50:43
10:13:54,5.1,0.0,1,510,卖盘,002083,2025-10-17 22:50:43
10:14:03,5.1,0.0,50,25500,卖盘,002083,2025-10-17 22:50:43
10:14:12,5.11,0.01,238,121618,买盘,002083,2025-10-17 22:50:43
10:14:18,5.1,-0.01,100,51000,卖盘,002083,2025-10-17 22:50:43
10:14:30,5.1,0.0,51,26010,卖盘,002083,2025-10-17 22:50:43
10:14:42,5.1,0.0,10,5100,卖盘,002083,2025-10-17 22:50:43
10:14:48,5.11,0.01,4,2044,买盘,002083,2025-10-17 22:50:43
10:14:51,5.11,0.0,10,5110,买盘,002083,2025-10-17 22:50:43
10:14:54,5.1,-0.01,228,116280,卖盘,002083,2025-10-17 22:50:43
10:14:57,5.11,0.01,6,3066,买盘,002083,2025-10-17 22:50:43
10:15:00,5.1,-0.01,16,8171,卖盘,002083,2025-10-17 22:50:43
10:15:03,5.11,0.01,2,1022,买盘,002083,2025-10-17 22:50:43
10:15:09,5.1,-0.01,1,510,卖盘,002083,2025-10-17 22:50:43
10:15:12,5.1,0.0,7,3570,卖盘,002083,2025-10-17 22:50:43
10:15:18,5.1,0.0,12,6120,卖盘,002083,2025-10-17 22:50:43
10:15:21,5.1,0.0,1,510,卖盘,002083,2025-10-17 22:50:43
10:15:24,5.1,0.0,1,510,卖盘,002083,2025-10-17 22:50:43
10:15:36,5.1,0.0,11,5610,卖盘,002083,2025-10-17 22:50:43
10:15:48,5.1,0.0,20,10200,卖盘,002083,2025-10-17 22:50:43
10:15:51,5.1,0.0,2,1020,卖盘,002083,2025-10-17 22:50:43
10:15:57,5.1,0.0,3,1530,卖盘,002083,2025-10-17 22:50:43
10:16:00,5.1,0.0,23,11730,卖盘,002083,2025-10-17 22:50:43
10:16:03,5.1,0.0,104,53040,卖盘,002083,2025-10-17 22:50:43
10:16:06,5.1,0.0,18,9180,卖盘,002083,2025-10-17 22:50:43
10:16:09,5.1,0.0,1,510,卖盘,002083,2025-10-17 22:50:43
10:16:12,5.1,0.0,1,510,卖盘,002083,2025-10-17 22:50:43
10:16:48,5.1,0.0,410,209463,卖盘,002083,2025-10-17 22:50:43
10:16:57,5.1,0.0,239,121890,卖盘,002083,2025-10-17 22:50:43
10:17:09,5.1,0.0,364,185640,卖盘,002083,2025-10-17 22:50:43
10:17:12,5.11,0.01,5,2555,买盘,002083,2025-10-17 22:50:43
10:17:15,5.11,0.0,5,2555,买盘,002083,2025-10-17 22:50:43
10:17:18,5.11,0.0,5,2555,买盘,002083,2025-10-17 22:50:43
10:17:27,5.11,0.0,20,10220,买盘,002083,2025-10-17 22:50:43
10:17:30,5.11,0.0,4,2044,买盘,002083,2025-10-17 22:50:43
10:17:33,5.11,0.0,21,10731,买盘,002083,2025-10-17 22:50:43
10:17:36,5.11,0.0,4,2044,买盘,002083,2025-10-17 22:50:43
10:17:48,5.11,0.0,33,16863,买盘,002083,2025-10-17 22:50:43
10:17:51,5.11,0.0,100,51095,买盘,002083,2025-10-17 22:50:43
10:17:54,5.11,0.0,2379,1215669,买盘,002083,2025-10-17 22:50:43
10:17:57,5.12,0.01,17,8704,买盘,002083,2025-10-17 22:50:43
10:18:15,5.12,0.0,4,2048,买盘,002083,2025-10-17 22:50:43
10:18:27,5.12,0.0,13,6656,买盘,002083,2025-10-17 22:50:43
10:19:06,5.11,-0.01,13,6650,卖盘,002083,2025-10-17 22:50:43
10:19:09,5.12,0.01,17,8704,买盘,002083,2025-10-17 22:50:43
10:19:12,5.12,0.0,14,7163,买盘,002083,2025-10-17 22:50:43
10:19:15,5.11,-0.01,20,10220,卖盘,002083,2025-10-17 22:50:43
10:19:24,5.11,0.0,9,4599,卖盘,002083,2025-10-17 22:50:43
10:19:33,5.12,0.01,70,35840,买盘,002083,2025-10-17 22:50:43
10:19:39,5.11,-0.01,2,1022,卖盘,002083,2025-10-17 22:50:43
10:19:42,5.12,0.01,1,512,买盘,002083,2025-10-17 22:50:43
10:19:48,5.12,0.0,5,2560,买盘,002083,2025-10-17 22:50:43
10:19:51,5.11,-0.01,565,288724,卖盘,002083,2025-10-17 22:50:43
10:19:54,5.12,0.01,12,6144,买盘,002083,2025-10-17 22:50:43
10:20:00,5.11,-0.01,14,7161,卖盘,002083,2025-10-17 22:50:43
10:20:03,5.12,0.01,4,2048,买盘,002083,2025-10-17 22:50:43
10:20:06,5.12,0.0,14,7168,买盘,002083,2025-10-17 22:50:43
10:20:09,5.12,0.0,3,1536,买盘,002083,2025-10-17 22:50:43
10:20:18,5.12,0.0,26,13312,买盘,002083,2025-10-17 22:50:43
10:20:27,5.12,0.0,2,1024,买盘,002083,2025-10-17 22:50:43
10:20:30,5.12,0.0,7,3584,买盘,002083,2025-10-17 22:50:43
10:20:33,5.12,0.0,5,2560,买盘,002083,2025-10-17 22:50:43
10:20:36,5.12,0.0,15,7680,买盘,002083,2025-10-17 22:50:43
10:20:54,5.12,0.0,31,15872,买盘,002083,2025-10-17 22:50:43
10:20:57,5.12,0.0,18,9216,买盘,002083,2025-10-17 22:50:43
10:21:00,5.11,-0.01,67,34254,卖盘,002083,2025-10-17 22:50:43
10:21:03,5.12,0.01,12,6144,买盘,002083,2025-10-17 22:50:43
10:21:06,5.12,0.0,4,2048,买盘,002083,2025-10-17 22:50:43
10:21:09,5.11,-0.01,29,14819,卖盘,002083,2025-10-17 22:50:43
10:21:15,5.11,0.0,1,511,卖盘,002083,2025-10-17 22:50:43
10:21:18,5.11,0.0,1,511,卖盘,002083,2025-10-17 22:50:43
10:21:24,5.11,0.0,27,13797,卖盘,002083,2025-10-17 22:50:43
10:21:39,5.11,0.0,41,20951,卖盘,002083,2025-10-17 22:50:43
10:21:45,5.11,0.0,40,20440,卖盘,002083,2025-10-17 22:50:43
10:21:51,5.11,0.0,41,20951,卖盘,002083,2025-10-17 22:50:43
10:22:00,5.11,0.0,95,48585,卖盘,002083,2025-10-17 22:50:43
10:22:03,5.12,0.01,11,5632,买盘,002083,2025-10-17 22:50:43
10:22:06,5.11,-0.01,2,1022,卖盘,002083,2025-10-17 22:50:43
10:22:15,5.12,0.01,8,4096,买盘,002083,2025-10-17 22:50:43
10:22:18,5.11,-0.01,10,5110,卖盘,002083,2025-10-17 22:50:43
10:22:21,5.12,0.01,3,1536,买盘,002083,2025-10-17 22:50:43
10:22:30,5.12,0.0,1,512,买盘,002083,2025-10-17 22:50:43
10:22:42,5.12,0.0,1,512,买盘,002083,2025-10-17 22:50:43
10:23:00,5.12,0.0,4,2048,买盘,002083,2025-10-17 22:50:43
10:23:21,5.12,0.0,16,8192,买盘,002083,2025-10-17 22:50:43
10:24:15,5.11,-0.01,3,1533,卖盘,002083,2025-10-17 22:50:43
10:24:18,5.11,0.0,5,2555,卖盘,002083,2025-10-17 22:50:43
10:24:30,5.12,0.01,106,54171,买盘,002083,2025-10-17 22:50:43
10:24:33,5.12,0.0,1,512,买盘,002083,2025-10-17 22:50:43
10:24:51,5.12,0.0,73,37376,买盘,002083,2025-10-17 22:50:43
10:24:54,5.12,0.0,85,43520,买盘,002083,2025-10-17 22:50:43
10:24:57,5.11,-0.01,17,8701,卖盘,002083,2025-10-17 22:50:43
10:25:00,5.12,0.01,13,6656,买盘,002083,2025-10-17 22:50:43
10:25:03,5.12,0.0,1,512,买盘,002083,2025-10-17 22:50:43
10:25:12,5.11,-0.01,29,14819,卖盘,002083,2025-10-17 22:50:43
10:25:33,5.12,0.01,4,2048,买盘,002083,2025-10-17 22:50:43
10:25:54,5.12,0.0,1,512,买盘,002083,2025-10-17 22:50:43
10:26:03,5.11,-0.01,20,10220,卖盘,002083,2025-10-17 22:50:43
10:26:18,5.12,0.01,1,512,买盘,002083,2025-10-17 22:50:43
10:26:27,5.11,-0.01,1,511,卖盘,002083,2025-10-17 22:50:43
10:26:33,5.12,0.01,1,512,买盘,002083,2025-10-17 22:50:43
10:26:45,5.11,-0.01,93,47523,卖盘,002083,2025-10-17 22:50:43
10:26:48,5.12,0.01,507,259584,买盘,002083,2025-10-17 22:50:43
10:26:51,5.12,0.0,55,28160,买盘,002083,2025-10-17 22:50:43
10:26:54,5.11,-0.01,29,14819,卖盘,002083,2025-10-17 22:50:43
10:27:00,5.11,0.0,20,10220,卖盘,002083,2025-10-17 22:50:43
10:27:03,5.12,0.01,3,1536,买盘,002083,2025-10-17 22:50:43
10:27:06,5.11,-0.01,8,4088,卖盘,002083,2025-10-17 22:50:43
10:27:09,5.11,0.0,24,12268,卖盘,002083,2025-10-17 22:50:43
10:27:15,5.11,0.0,98,50078,卖盘,002083,2025-10-17 22:50:43
10:27:21,5.11,0.0,24,12264,卖盘,002083,2025-10-17 22:50:43
10:27:30,5.11,0.0,2,1022,卖盘,002083,2025-10-17 22:50:43
10:27:36,5.11,0.0,100,51100,卖盘,002083,2025-10-17 22:50:43
10:28:12,5.12,0.01,2,1024,买盘,002083,2025-10-17 22:50:43
10:28:24,5.12,0.0,1,512,买盘,002083,2025-10-17 22:50:43
10:28:30,5.12,0.0,15,7667,买盘,002083,2025-10-17 22:50:43
10:28:33,5.11,-0.01,115,58850,卖盘,002083,2025-10-17 22:50:43
10:28:36,5.12,0.01,1,512,买盘,002083,2025-10-17 22:50:43
10:28:39,5.12,0.0,316,161789,买盘,002083,2025-10-17 22:50:43
10:28:42,5.12,0.0,228,116736,买盘,002083,2025-10-17 22:50:43
10:28:45,5.12,0.0,10,5120,买盘,002083,2025-10-17 22:50:43
10:28:48,5.12,0.0,31,15872,买盘,002083,2025-10-17 22:50:43
10:28:51,5.12,0.0,43,22016,买盘,002083,2025-10-17 22:50:43
10:28:54,5.11,-0.01,53,27125,卖盘,002083,2025-10-17 22:50:43
10:28:57,5.12,0.01,2,1024,买盘,002083,2025-10-17 22:50:43
10:29:03,5.11,-0.01,1,511,卖盘,002083,2025-10-17 22:50:43
10:29:18,5.11,0.0,35,17885,卖盘,002083,2025-10-17 22:50:43
10:29:21,5.12,0.01,105,53760,买盘,002083,2025-10-17 22:50:43
10:29:33,5.12,0.0,42,21495,买盘,002083,2025-10-17 22:50:43
10:29:36,5.12,0.0,25,12793,买盘,002083,2025-10-17 22:50:43
10:29:39,5.12,0.0,123,62970,买盘,002083,2025-10-17 22:50:43
10:29:42,5.12,0.0,22,11260,买盘,002083,2025-10-17 22:50:43
10:29:45,5.12,0.0,1,512,买盘,002083,2025-10-17 22:50:43
10:29:48,5.12,0.0,12,6144,买盘,002083,2025-10-17 22:50:43
10:29:51,5.12,0.0,257,131584,买盘,002083,2025-10-17 22:50:43
10:29:54,5.12,0.0,14,7168,买盘,002083,2025-10-17 22:50:43
10:29:57,5.12,0.0,27,13824,买盘,002083,2025-10-17 22:50:43
10:30:00,5.11,-0.01,59,30176,卖盘,002083,2025-10-17 22:50:43
10:30:06,5.12,0.01,4,2048,买盘,002083,2025-10-17 22:50:43
10:30:18,5.12,0.0,5,2560,买盘,002083,2025-10-17 22:50:43
10:30:24,5.12,0.0,13,6656,买盘,002083,2025-10-17 22:50:43
10:30:27,5.12,0.0,21,10752,买盘,002083,2025-10-17 22:50:43
10:30:33,5.12,0.0,7,3584,买盘,002083,2025-10-17 22:50:43
10:30:36,5.12,0.0,9,4608,买盘,002083,2025-10-17 22:50:43
10:30:39,5.12,0.0,6,3072,买盘,002083,2025-10-17 22:50:43
10:30:42,5.12,0.0,2,1024,买盘,002083,2025-10-17 22:50:43
10:30:51,5.11,-0.01,8,4088,卖盘,002083,2025-10-17 22:50:43
10:30:57,5.11,0.0,400,204400,卖盘,002083,2025-10-17 22:50:43
10:31:03,5.12,0.01,20,10240,买盘,002083,2025-10-17 22:50:43
10:31:06,5.12,0.0,126,64512,买盘,002083,2025-10-17 22:50:43
10:31:09,5.12,0.0,51,26069,买盘,002083,2025-10-17 22:50:43
10:31:12,5.12,0.0,10,5120,买盘,002083,2025-10-17 22:50:43
10:31:15,5.11,-0.01,52,26579,卖盘,002083,2025-10-17 22:50:43
10:31:18,5.11,0.0,24,12264,卖盘,002083,2025-10-17 22:50:43
10:31:21,5.12,0.01,228,116693,买盘,002083,2025-10-17 22:50:43
10:31:24,5.12,0.0,129,66043,买盘,002083,2025-10-17 22:50:43
10:31:27,5.12,0.0,3456,1769639,买盘,002083,2025-10-17 22:50:43
10:31:30,5.13,0.01,332,170288,买盘,002083,2025-10-17 22:50:43
10:31:33,5.12,-0.01,58,29698,卖盘,002083,2025-10-17 22:50:43
10:31:45,5.12,0.0,20,10240,卖盘,002083,2025-10-17 22:50:43
10:31:48,5.12,0.0,2,1024,卖盘,002083,2025-10-17 22:50:43
10:31:51,5.12,0.0,2,1024,卖盘,002083,2025-10-17 22:50:43
10:31:54,5.12,0.0,9,4608,卖盘,002083,2025-10-17 22:50:43
10:32:12,5.13,0.01,2,1026,买盘,002083,2025-10-17 22:50:43
10:32:21,5.13,0.0,168,86184,买盘,002083,2025-10-17 22:50:43
10:32:24,5.13,0.0,6,3078,买盘,002083,2025-10-17 22:50:43
10:32:33,5.12,-0.01,64,32782,卖盘,002083,2025-10-17 22:50:43
10:32:39,5.13,0.01,171,87654,买盘,002083,2025-10-17 22:50:43
10:32:48,5.13,0.0,230,117990,买盘,002083,2025-10-17 22:50:43
10:32:51,5.13,0.0,72,36936,买盘,002083,2025-10-17 22:50:43
10:32:54,5.12,-0.01,12,6144,卖盘,002083,2025-10-17 22:50:43
10:32:57,5.12,0.0,114,58368,卖盘,002083,2025-10-17 22:50:43
10:33:00,5.13,0.01,6,3078,买盘,002083,2025-10-17 22:50:43
10:33:03,5.13,0.0,799,409887,买盘,002083,2025-10-17 22:50:43
10:33:06,5.13,0.0,442,226746,买盘,002083,2025-10-17 22:50:43
10:33:09,5.13,0.0,8955,4593915,买盘,002083,2025-10-17 22:50:43
10:33:12,5.14,0.01,480,246716,买盘,002083,2025-10-17 22:50:43
10:33:15,5.14,0.0,40,20560,买盘,002083,2025-10-17 22:50:43
10:33:18,5.14,0.0,4,2056,买盘,002083,2025-10-17 22:50:43
10:33:21,5.14,0.0,42,21588,买盘,002083,2025-10-17 22:50:43
10:33:24,5.14,0.0,26,13364,买盘,002083,2025-10-17 22:50:43
10:33:27,5.13,-0.01,1,513,卖盘,002083,2025-10-17 22:50:43
10:33:30,5.14,0.01,64,32896,买盘,002083,2025-10-17 22:50:43
10:33:33,5.13,-0.01,18,9234,卖盘,002083,2025-10-17 22:50:43
10:33:36,5.13,0.0,27,13851,卖盘,002083,2025-10-17 22:50:43
10:33:39,5.13,0.0,644,330383,卖盘,002083,2025-10-17 22:50:43
10:33:42,5.12,-0.01,544,278863,卖盘,002083,2025-10-17 22:50:43
10:33:45,5.12,0.0,204,104448,卖盘,002083,2025-10-17 22:50:43
10:33:48,5.12,0.0,171,87655,卖盘,002083,2025-10-17 22:50:43
10:33:51,5.13,0.01,134,68722,买盘,002083,2025-10-17 22:50:43
10:34:00,5.13,0.0,97,49761,买盘,002083,2025-10-17 22:50:43
10:34:03,5.13,0.0,117,60021,买盘,002083,2025-10-17 22:50:43
10:34:12,5.13,0.0,42,21546,买盘,002083,2025-10-17 22:50:43
10:34:18,5.13,0.0,189,96957,买盘,002083,2025-10-17 22:50:43
10:34:24,5.13,0.0,70,35910,买盘,002083,2025-10-17 22:50:43
10:34:30,5.13,0.0,38,19494,买盘,002083,2025-10-17 22:50:43
10:34:33,5.13,0.0,38,19494,买盘,002083,2025-10-17 22:50:43
10:34:36,5.13,0.0,215,110295,买盘,002083,2025-10-17 22:50:43
10:34:39,5.13,0.0,163,83619,买盘,002083,2025-10-17 22:50:43
10:34:42,5.13,0.0,4,2052,买盘,002083,2025-10-17 22:50:43
10:34:45,5.13,0.0,106,54382,中性盘,002083,2025-10-17 22:50:43
10:34:48,5.13,0.0,109,55917,买盘,002083,2025-10-17 22:50:43
10:34:51,5.13,0.0,76,38988,买盘,002083,2025-10-17 22:50:43
10:34:54,5.13,0.0,417,213921,买盘,002083,2025-10-17 22:50:43
10:34:57,5.13,0.0,194,99585,卖盘,002083,2025-10-17 22:50:43
10:35:00,5.14,0.01,101,51914,买盘,002083,2025-10-17 22:50:43
10:35:03,5.14,0.0,44,22616,买盘,002083,2025-10-17 22:50:43
10:35:06,5.13,-0.01,14,7186,卖盘,002083,2025-10-17 22:50:43
10:35:09,5.14,0.01,79,40606,买盘,002083,2025-10-17 22:50:43
10:35:18,5.14,0.0,30,15420,买盘,002083,2025-10-17 22:50:43
10:35:21,5.13,-0.01,30,15410,卖盘,002083,2025-10-17 22:50:43
10:35:33,5.14,0.01,158,81212,买盘,002083,2025-10-17 22:50:43
10:35:51,5.14,0.0,3,1542,买盘,002083,2025-10-17 22:50:43
10:35:54,5.13,-0.01,361,185304,卖盘,002083,2025-10-17 22:50:43
10:36:06,5.14,0.01,4694,2412716,买盘,002083,2025-10-17 22:50:43
10:36:09,5.16,0.02,14813,7627522,买盘,002083,2025-10-17 22:50:43
10:36:12,5.18,0.02,1393,720787,买盘,002083,2025-10-17 22:50:43
10:36:15,5.18,0.0,75,38810,买盘,002083,2025-10-17 22:50:43
10:36:18,5.19,0.01,471,243929,买盘,002083,2025-10-17 22:50:43
10:36:21,5.19,0.0,1168,604977,买盘,002083,2025-10-17 22:50:43
10:36:24,5.18,-0.01,91,47057,中性盘,002083,2025-10-17 22:50:43
10:36:27,5.19,0.01,593,307720,买盘,002083,2025-10-17 22:50:43
10:36:30,5.18,-0.01,378,195960,卖盘,002083,2025-10-17 22:50:43
10:36:33,5.18,0.0,284,147263,卖盘,002083,2025-10-17 22:50:43
10:36:36,5.19,0.01,346,179521,买盘,002083,2025-10-17 22:50:43
10:36:39,5.18,-0.01,98,50764,卖盘,002083,2025-10-17 22:50:43
10:36:42,5.19,0.01,169,87684,买盘,002083,2025-10-17 22:50:43
10:36:45,5.18,-0.01,230,119190,卖盘,002083,2025-10-17 22:50:43
10:36:48,5.18,0.0,1079,559761,卖盘,002083,2025-10-17 22:50:43
10:36:51,5.19,0.01,32,16578,买盘,002083,2025-10-17 22:50:43
10:36:54,5.18,-0.01,34,17612,买盘,002083,2025-10-17 22:50:43
10:36:57,5.19,0.01,130,67341,买盘,002083,2025-10-17 22:50:43
10:37:00,5.18,-0.01,979,507805,卖盘,002083,2025-10-17 22:50:43
10:37:03,5.18,0.0,17,8806,卖盘,002083,2025-10-17 22:50:43
10:37:06,5.18,0.0,1,518,卖盘,002083,2025-10-17 22:50:43
10:37:09,5.18,0.0,414,214843,卖盘,002083,2025-10-17 22:50:43
10:37:12,5.19,0.01,200,103620,买盘,002083,2025-10-17 22:50:43
10:37:15,5.18,-0.01,1613,837097,卖盘,002083,2025-10-17 22:50:43
10:37:18,5.19,0.01,1038,538622,买盘,002083,2025-10-17 22:50:43
10:37:21,5.18,-0.01,101,52418,卖盘,002083,2025-10-17 22:50:43
10:37:24,5.19,0.01,20,10380,卖盘,002083,2025-10-17 22:50:43
10:37:27,5.19,0.0,28,14532,买盘,002083,2025-10-17 22:50:43
10:37:30,5.19,0.0,100,51900,买盘,002083,2025-10-17 22:50:43
10:37:33,5.18,-0.01,116,60184,卖盘,002083,2025-10-17 22:50:43
10:37:39,5.18,0.0,111,57498,卖盘,002083,2025-10-17 22:50:43
10:37:42,5.18,0.0,26,13468,卖盘,002083,2025-10-17 22:50:43
10:37:45,5.19,0.01,1777,922068,买盘,002083,2025-10-17 22:50:43
10:37:51,5.18,-0.01,269,139342,卖盘,002083,2025-10-17 22:50:43
10:37:54,5.18,0.0,110,56980,卖盘,002083,2025-10-17 22:50:43
10:37:57,5.18,0.0,89,46102,卖盘,002083,2025-10-17 22:50:43
10:38:00,5.18,0.0,127,65786,卖盘,002083,2025-10-17 22:50:43
10:38:03,5.19,0.01,159,82381,买盘,002083,2025-10-17 22:50:43
10:38:06,5.18,-0.01,51,26393,中性盘,002083,2025-10-17 22:50:43
10:38:09,5.18,0.0,29,15022,买盘,002083,2025-10-17 22:50:43
10:38:12,5.18,0.0,153,79254,买盘,002083,2025-10-17 22:50:43
10:38:15,5.18,0.0,10,5180,卖盘,002083,2025-10-17 22:50:43
10:38:18,5.18,0.0,131,67883,买盘,002083,2025-10-17 22:50:43
10:38:27,5.18,0.0,14,7252,卖盘,002083,2025-10-17 22:50:43
10:38:30,5.18,0.0,60,31080,卖盘,002083,2025-10-17 22:50:43
10:38:36,5.18,0.0,15,7770,卖盘,002083,2025-10-17 22:50:43
10:38:39,5.18,0.0,312,161616,卖盘,002083,2025-10-17 22:50:43
10:38:42,5.18,0.0,67,34706,卖盘,002083,2025-10-17 22:50:43
10:38:51,5.18,0.0,11,5698,买盘,002083,2025-10-17 22:50:43
10:38:54,5.18,0.0,8,4144,买盘,002083,2025-10-17 22:50:43
10:39:06,5.18,0.0,1,518,买盘,002083,2025-10-17 22:50:43
10:39:09,5.18,0.0,4,2072,买盘,002083,2025-10-17 22:50:43
10:39:12,5.18,0.0,10,5180,买盘,002083,2025-10-17 22:50:43
10:39:15,5.17,-0.01,120,62060,卖盘,002083,2025-10-17 22:50:43
10:39:21,5.17,0.0,73,37741,卖盘,002083,2025-10-17 22:50:43
10:39:24,5.17,0.0,1,517,卖盘,002083,2025-10-17 22:50:43
10:39:27,5.17,0.0,25,12925,卖盘,002083,2025-10-17 22:50:43
10:39:30,5.17,0.0,40,20680,卖盘,002083,2025-10-17 22:50:43
10:39:36,5.17,0.0,486,251262,卖盘,002083,2025-10-17 22:50:43
10:39:39,5.17,0.0,37,19129,卖盘,002083,2025-10-17 22:50:43
10:39:45,5.17,0.0,2,1034,卖盘,002083,2025-10-17 22:50:43
10:39:48,5.17,0.0,45,23265,卖盘,002083,2025-10-17 22:50:43
10:39:51,5.17,0.0,7,3619,卖盘,002083,2025-10-17 22:50:43
10:39:54,5.17,0.0,10,5170,卖盘,002083,2025-10-17 22:50:43
10:40:03,5.17,0.0,40,20680,卖盘,002083,2025-10-17 22:50:43
10:40:09,5.18,0.01,26,13468,买盘,002083,2025-10-17 22:50:43
10:40:12,5.17,-0.01,2,1034,卖盘,002083,2025-10-17 22:50:43
10:40:15,5.17,0.0,5,2585,卖盘,002083,2025-10-17 22:50:43
10:40:24,5.18,0.01,62,32116,买盘,002083,2025-10-17 22:50:43
10:40:27,5.17,-0.01,8,4136,卖盘,002083,2025-10-17 22:50:43
10:40:30,5.18,0.01,2,1036,买盘,002083,2025-10-17 22:50:43
10:40:36,5.17,-0.01,8,4138,卖盘,002083,2025-10-17 22:50:43
10:40:42,5.18,0.01,32,16574,买盘,002083,2025-10-17 22:50:43
10:40:48,5.18,0.0,429,222222,买盘,002083,2025-10-17 22:50:43
10:40:51,5.18,0.0,3,1554,买盘,002083,2025-10-17 22:50:43
10:40:54,5.18,0.0,35,18130,买盘,002083,2025-10-17 22:50:43
10:40:57,5.17,-0.01,20,10340,卖盘,002083,2025-10-17 22:50:43
10:41:06,5.18,0.01,126,65268,买盘,002083,2025-10-17 22:50:43
10:41:09,5.18,0.0,100,51800,买盘,002083,2025-10-17 22:50:43
10:41:18,5.17,-0.01,12,6204,卖盘,002083,2025-10-17 22:50:43
10:41:27,5.17,0.0,15,7755,卖盘,002083,2025-10-17 22:50:43
10:41:42,5.17,0.0,791,408947,卖盘,002083,2025-10-17 22:50:43
10:41:45,5.17,0.0,19,9823,买盘,002083,2025-10-17 22:50:43
10:41:54,5.17,0.0,20,10340,买盘,002083,2025-10-17 22:50:43
10:42:00,5.16,-0.01,151,77916,卖盘,002083,2025-10-17 22:50:43
10:42:03,5.17,0.01,200,103400,买盘,002083,2025-10-17 22:50:43
10:42:06,5.16,-0.01,2,1032,卖盘,002083,2025-10-17 22:50:43
10:42:12,5.17,0.01,3,1551,买盘,002083,2025-10-17 22:50:43
10:42:15,5.16,-0.01,100,51600,卖盘,002083,2025-10-17 22:50:43
10:42:18,5.16,0.0,2,1032,卖盘,002083,2025-10-17 22:50:43
10:42:21,5.16,0.0,26,13416,卖盘,002083,2025-10-17 22:50:43
10:42:27,5.17,0.01,201,103917,买盘,002083,2025-10-17 22:50:43
10:42:33,5.17,0.0,2,1034,买盘,002083,2025-10-17 22:50:43
10:42:36,5.17,0.0,62,32054,买盘,002083,2025-10-17 22:50:43
10:42:42,5.17,0.0,3,1551,买盘,002083,2025-10-17 22:50:43
10:42:45,5.17,0.0,110,56770,买盘,002083,2025-10-17 22:50:43
10:42:48,5.17,0.0,60,31020,买盘,002083,2025-10-17 22:50:43
10:43:00,5.17,0.0,1042,538714,买盘,002083,2025-10-17 22:50:43
10:43:03,5.17,0.0,48,24816,卖盘,002083,2025-10-17 22:50:43
10:43:09,5.17,0.0,109,56442,卖盘,002083,2025-10-17 22:50:43
10:43:12,5.17,0.0,161,83237,卖盘,002083,2025-10-17 22:50:43
10:43:15,5.17,0.0,20,10350,中性盘,002083,2025-10-17 22:50:43
10:43:18,5.18,0.01,3,1554,买盘,002083,2025-10-17 22:50:43
10:43:39,5.17,-0.01,15,7755,卖盘,002083,2025-10-17 22:50:43
10:43:42,5.17,0.0,843,435831,卖盘,002083,2025-10-17 22:50:43
10:43:45,5.17,0.0,35,18095,买盘,002083,2025-10-17 22:50:43
10:43:48,5.16,-0.01,73,37739,卖盘,002083,2025-10-17 22:50:43
10:43:51,5.17,0.01,12,6204,买盘,002083,2025-10-17 22:50:43
10:43:54,5.17,0.0,4,2068,买盘,002083,2025-10-17 22:50:43
10:43:57,5.17,0.0,13,6721,买盘,002083,2025-10-17 22:50:43
10:44:00,5.17,0.0,3,1551,买盘,002083,2025-10-17 22:50:43
10:44:03,5.16,-0.01,10,5160,卖盘,002083,2025-10-17 22:50:43
10:44:21,5.17,0.01,2,1034,买盘,002083,2025-10-17 22:50:43
10:44:42,5.17,0.0,112,57904,买盘,002083,2025-10-17 22:50:43
10:44:45,5.17,0.0,19,9823,买盘,002083,2025-10-17 22:50:43
10:44:48,5.17,0.0,5,2585,买盘,002083,2025-10-17 22:50:43
10:44:51,5.17,0.0,2,1034,买盘,002083,2025-10-17 22:50:43
10:44:57,5.16,-0.01,4,2064,卖盘,002083,2025-10-17 22:50:43
10:45:00,5.17,0.01,17,8789,买盘,002083,2025-10-17 22:50:43
10:45:06,5.16,-0.01,49,25284,卖盘,002083,2025-10-17 22:50:43
10:45:15,5.17,0.01,2,1034,买盘,002083,2025-10-17 22:50:43
10:45:18,5.17,0.0,8,4136,买盘,002083,2025-10-17 22:50:43
10:45:30,5.17,0.0,6,3102,买盘,002083,2025-10-17 22:50:43
10:45:33,5.16,-0.01,2,1032,卖盘,002083,2025-10-17 22:50:43
10:45:36,5.17,0.01,10,5170,买盘,002083,2025-10-17 22:50:43
10:45:45,5.17,0.0,6,3102,买盘,002083,2025-10-17 22:50:43
10:45:48,5.17,0.0,2,1034,买盘,002083,2025-10-17 22:50:43
10:45:51,5.17,0.0,11,5687,买盘,002083,2025-10-17 22:50:43
10:45:54,5.17,0.0,1,517,买盘,002083,2025-10-17 22:50:43
10:46:00,5.17,0.0,1,517,买盘,002083,2025-10-17 22:50:43
10:46:03,5.17,0.0,28,14476,买盘,002083,2025-10-17 22:50:43
10:46:21,5.16,-0.01,17,8772,卖盘,002083,2025-10-17 22:50:43
10:46:30,5.16,0.0,91,46956,卖盘,002083,2025-10-17 22:50:43
10:46:33,5.16,0.0,50,25800,卖盘,002083,2025-10-17 22:50:43
10:46:39,5.16,0.0,95,49020,卖盘,002083,2025-10-17 22:50:43
10:46:42,5.16,0.0,83,42828,卖盘,002083,2025-10-17 22:50:43
10:46:48,5.17,0.01,1,517,买盘,002083,2025-10-17 22:50:43
10:46:51,5.17,0.0,8,4136,买盘,002083,2025-10-17 22:50:43
10:46:57,5.16,-0.01,100,51600,卖盘,002083,2025-10-17 22:50:43
10:47:06,5.16,0.0,10,5160,卖盘,002083,2025-10-17 22:50:43
10:47:15,5.16,0.0,5,2580,卖盘,002083,2025-10-17 22:50:43
10:47:21,5.16,0.0,29,14964,卖盘,002083,2025-10-17 22:50:43
10:47:33,5.17,0.01,2,1034,买盘,002083,2025-10-17 22:50:43
10:47:36,5.17,0.0,4,2068,买盘,002083,2025-10-17 22:50:43
10:47:51,5.16,-0.01,10,5160,卖盘,002083,2025-10-17 22:50:43
10:47:54,5.17,0.01,18,9306,买盘,002083,2025-10-17 22:50:43
10:48:00,5.17,0.0,1,517,买盘,002083,2025-10-17 22:50:43
10:48:18,5.16,-0.01,40,20640,卖盘,002083,2025-10-17 22:50:43
10:48:21,5.16,0.0,85,43860,卖盘,002083,2025-10-17 22:50:43
10:48:24,5.16,0.0,766,395034,卖盘,002083,2025-10-17 22:50:43
10:48:27,5.16,0.0,6,3099,卖盘,002083,2025-10-17 22:50:43
10:48:30,5.17,0.01,80,41360,买盘,002083,2025-10-17 22:50:43
10:48:33,5.16,-0.01,9,4644,卖盘,002083,2025-10-17 22:50:43
10:48:36,5.16,0.0,64,33024,卖盘,002083,2025-10-17 22:50:43
10:48:39,5.16,0.0,10,5160,卖盘,002083,2025-10-17 22:50:43
10:48:45,5.16,0.0,50,25800,卖盘,002083,2025-10-17 22:50:43
10:48:54,5.17,0.01,40,20680,买盘,002083,2025-10-17 22:50:43
10:48:57,5.16,-0.01,6,3096,卖盘,002083,2025-10-17 22:50:43
10:49:03,5.16,0.0,50,25800,卖盘,002083,2025-10-17 22:50:43
10:49:24,5.17,0.01,57,29418,买盘,002083,2025-10-17 22:50:43
10:49:27,5.17,0.0,33,17051,买盘,002083,2025-10-17 22:50:43
10:49:30,5.17,0.0,20,10339,买盘,002083,2025-10-17 22:50:43
10:49:33,5.17,0.0,1,517,买盘,002083,2025-10-17 22:50:43
10:49:39,5.17,0.0,584,301928,买盘,002083,2025-10-17 22:50:43
10:49:42,5.17,0.0,40,20680,买盘,002083,2025-10-17 22:50:43
10:49:45,5.17,0.0,10,5170,买盘,002083,2025-10-17 22:50:43
10:50:03,5.17,0.0,82,42394,买盘,002083,2025-10-17 22:50:43
10:50:06,5.17,0.0,20,10340,买盘,002083,2025-10-17 22:50:43
10:50:12,5.17,0.0,1033,534061,买盘,002083,2025-10-17 22:50:43
10:50:21,5.17,0.0,10,5170,卖盘,002083,2025-10-17 22:50:43
10:50:30,5.17,0.0,238,123046,卖盘,002083,2025-10-17 22:50:43
10:50:33,5.17,0.0,61,31537,卖盘,002083,2025-10-17 22:50:43
10:50:48,5.17,0.0,30,15510,卖盘,002083,2025-10-17 22:50:43
10:50:51,5.17,0.0,59,30503,卖盘,002083,2025-10-17 22:50:43
10:51:03,5.17,0.0,34,17578,卖盘,002083,2025-10-17 22:50:43
10:51:21,5.17,0.0,100,51700,卖盘,002083,2025-10-17 22:50:43
10:51:30,5.17,0.0,2,1034,卖盘,002083,2025-10-17 22:50:43
10:51:33,5.17,0.0,22,11374,卖盘,002083,2025-10-17 22:50:43
10:51:39,5.17,0.0,5,2585,卖盘,002083,2025-10-17 22:50:43
10:51:51,5.17,0.0,696,359376,卖盘,002083,2025-10-17 22:50:43
10:51:54,5.17,0.0,9,4653,卖盘,002083,2025-10-17 22:50:43
10:52:06,5.17,0.0,60,31020,卖盘,002083,2025-10-17 22:50:43
10:52:09,5.18,0.01,5,2590,买盘,002083,2025-10-17 22:50:43
10:52:27,5.17,-0.01,5,2585,卖盘,002083,2025-10-17 22:50:43
10:52:36,5.18,0.01,2,1036,买盘,002083,2025-10-17 22:50:43
10:52:42,5.18,0.0,11,5698,买盘,002083,2025-10-17 22:50:43
10:52:57,5.17,-0.01,10,5170,卖盘,002083,2025-10-17 22:50:43
10:53:03,5.18,0.01,9,4662,买盘,002083,2025-10-17 22:50:43
10:53:15,5.17,-0.01,20,10340,卖盘,002083,2025-10-17 22:50:43
10:53:33,5.17,0.0,1079,557843,卖盘,002083,2025-10-17 22:50:43
10:53:45,5.17,0.0,387,200027,买盘,002083,2025-10-17 22:50:43
10:53:51,5.17,0.0,235,121495,买盘,002083,2025-10-17 22:50:43
10:53:54,5.17,0.0,100,51700,买盘,002083,2025-10-17 22:50:43
10:53:57,5.17,0.0,2,1034,买盘,002083,2025-10-17 22:50:43
10:54:15,5.17,0.0,3,1551,买盘,002083,2025-10-17 22:50:43
10:54:21,5.17,0.0,80,41360,买盘,002083,2025-10-17 22:50:43
10:54:30,5.17,0.0,10,5170,买盘,002083,2025-10-17 22:50:43
10:54:33,5.17,0.0,4,2068,买盘,002083,2025-10-17 22:50:43
10:54:45,5.16,-0.01,272,140352,卖盘,002083,2025-10-17 22:50:43
10:54:51,5.17,0.01,232,119944,买盘,002083,2025-10-17 22:50:43
10:54:54,5.17,0.0,26,13442,买盘,002083,2025-10-17 22:50:43
10:54:57,5.17,0.0,18,9306,买盘,002083,2025-10-17 22:50:43
10:55:00,5.17,0.0,14,7238,买盘,002083,2025-10-17 22:50:43
10:55:06,5.17,0.0,365,188705,买盘,002083,2025-10-17 22:50:43
10:55:12,5.17,0.0,41,21197,卖盘,002083,2025-10-17 22:50:43
10:55:18,5.18,0.01,220,113960,买盘,002083,2025-10-17 22:50:43
10:55:21,5.18,0.0,17,8806,买盘,002083,2025-10-17 22:50:43
10:55:24,5.18,0.0,2,1036,买盘,002083,2025-10-17 22:50:43
10:55:27,5.18,0.0,2,1036,买盘,002083,2025-10-17 22:50:43
10:55:30,5.17,-0.01,307,158726,卖盘,002083,2025-10-17 22:50:43
10:55:42,5.18,0.01,2,1036,买盘,002083,2025-10-17 22:50:43
10:55:45,5.18,0.0,161,83398,买盘,002083,2025-10-17 22:50:43
10:55:48,5.18,0.0,287,148398,买盘,002083,2025-10-17 22:50:43
10:56:03,5.18,0.0,63,32607,买盘,002083,2025-10-17 22:50:43
10:56:06,5.18,0.0,135,69930,买盘,002083,2025-10-17 22:50:43
10:56:09,5.18,0.0,1,518,买盘,002083,2025-10-17 22:50:43
10:56:12,5.18,0.0,5,2590,买盘,002083,2025-10-17 22:50:43
10:56:21,5.18,0.0,10,5180,买盘,002083,2025-10-17 22:50:43
10:56:39,5.18,0.0,211,109298,买盘,002083,2025-10-17 22:50:43
10:56:42,5.18,0.0,14,7252,买盘,002083,2025-10-17 22:50:43
10:56:45,5.18,0.0,68,35224,买盘,002083,2025-10-17 22:50:43
10:56:48,5.18,0.0,5,2590,买盘,002083,2025-10-17 22:50:43
10:57:00,5.18,0.0,6,3108,买盘,002083,2025-10-17 22:50:43
10:57:12,5.18,0.0,4,2072,买盘,002083,2025-10-17 22:50:43
10:57:39,5.17,-0.01,155,80135,卖盘,002083,2025-10-17 22:50:43
10:57:42,5.17,0.0,117,60489,卖盘,002083,2025-10-17 22:50:43
10:57:48,5.17,0.0,10,5170,卖盘,002083,2025-10-17 22:50:43
10:57:54,5.17,0.0,2,1034,卖盘,002083,2025-10-17 22:50:43
10:57:57,5.17,0.0,505,261088,卖盘,002083,2025-10-17 22:50:43
10:58:00,5.18,0.01,461,238798,买盘,002083,2025-10-17 22:50:43
10:58:12,5.17,-0.01,19,9823,卖盘,002083,2025-10-17 22:50:43
10:58:30,5.18,0.01,9,4662,买盘,002083,2025-10-17 22:50:43
10:58:33,5.18,0.0,1,518,买盘,002083,2025-10-17 22:50:43
10:58:42,5.17,-0.01,3,1551,卖盘,002083,2025-10-17 22:50:43
10:58:57,5.17,0.0,55,28467,卖盘,002083,2025-10-17 22:50:43
10:59:03,5.18,0.01,4,2072,买盘,002083,2025-10-17 22:50:43
10:59:12,5.18,0.0,10,5180,买盘,002083,2025-10-17 22:50:43
10:59:18,5.17,-0.01,44,22783,卖盘,002083,2025-10-17 22:50:43
10:59:21,5.18,0.01,20,10360,买盘,002083,2025-10-17 22:50:43
10:59:24,5.18,0.0,25,12950,买盘,002083,2025-10-17 22:50:43
10:59:27,5.18,0.0,20,10360,买盘,002083,2025-10-17 22:50:43
10:59:30,5.18,0.0,6,3108,买盘,002083,2025-10-17 22:50:43
10:59:33,5.18,0.0,2,1036,买盘,002083,2025-10-17 22:50:43
10:59:36,5.17,-0.01,2,1034,卖盘,002083,2025-10-17 22:50:43
10:59:39,5.18,0.01,11,5698,买盘,002083,2025-10-17 22:50:43
10:59:42,5.17,-0.01,1,517,卖盘,002083,2025-10-17 22:50:43
10:59:51,5.17,0.0,3,1551,卖盘,002083,2025-10-17 22:50:43
10:59:57,5.17,0.0,40,20680,卖盘,002083,2025-10-17 22:50:43
11:00:09,5.18,0.01,100,51800,买盘,002083,2025-10-17 22:50:43
11:00:15,5.18,0.0,9,4662,买盘,002083,2025-10-17 22:50:43
11:00:18,5.18,0.0,3,1554,买盘,002083,2025-10-17 22:50:43
11:00:24,5.18,0.0,1,518,买盘,002083,2025-10-17 22:50:43
11:00:27,5.18,0.0,306,158508,买盘,002083,2025-10-17 22:50:43
11:00:30,5.18,0.0,116,60050,买盘,002083,2025-10-17 22:50:43
11:00:33,5.18,0.0,212,109814,买盘,002083,2025-10-17 22:50:43
11:00:36,5.18,0.0,1037,537166,买盘,002083,2025-10-17 22:50:43
11:00:42,5.18,0.0,64,33152,卖盘,002083,2025-10-17 22:50:43
11:00:48,5.18,0.0,60,31080,卖盘,002083,2025-10-17 22:50:43
11:00:51,5.18,0.0,2,1036,卖盘,002083,2025-10-17 22:50:43
11:01:21,5.18,0.0,500,259000,卖盘,002083,2025-10-17 22:50:43
11:01:24,5.18,0.0,366,189514,卖盘,002083,2025-10-17 22:50:43
11:01:30,5.17,-0.01,3,1551,卖盘,002083,2025-10-17 22:50:43
11:01:39,5.18,0.01,56,29008,买盘,002083,2025-10-17 22:50:43
11:01:42,5.18,0.0,2,1036,买盘,002083,2025-10-17 22:50:43
11:01:51,5.18,0.0,1,518,买盘,002083,2025-10-17 22:50:43
11:02:00,5.18,0.0,22,11396,买盘,002083,2025-10-17 22:50:43
11:02:03,5.18,0.0,10,5180,买盘,002083,2025-10-17 22:50:43
11:02:06,5.18,0.0,24,12432,买盘,002083,2025-10-17 22:50:43
11:02:12,5.18,0.0,62,32116,买盘,002083,2025-10-17 22:50:43
11:02:24,5.18,0.0,29,15022,买盘,002083,2025-10-17 22:50:43
11:02:27,5.18,0.0,29,15022,买盘,002083,2025-10-17 22:50:43
11:02:30,5.18,0.0,50,25900,买盘,002083,2025-10-17 22:50:43
11:02:39,5.18,0.0,48,24864,买盘,002083,2025-10-17 22:50:43
11:02:42,5.18,0.0,2,1036,买盘,002083,2025-10-17 22:50:43
11:02:45,5.18,0.0,7,3626,买盘,002083,2025-10-17 22:50:43
11:02:51,5.18,0.0,64,33152,买盘,002083,2025-10-17 22:50:43
11:02:54,5.18,0.0,133,68844,买盘,002083,2025-10-17 22:50:43
11:02:57,5.18,0.0,8,4144,买盘,002083,2025-10-17 22:50:43
11:03:09,5.17,-0.01,50,25850,卖盘,002083,2025-10-17 22:50:43
11:03:15,5.18,0.01,25,12950,买盘,002083,2025-10-17 22:50:43
11:03:18,5.18,0.0,101,52249,买盘,002083,2025-10-17 22:50:43
11:03:24,5.18,0.0,2,1036,买盘,002083,2025-10-17 22:50:43
11:03:36,5.18,0.0,4,2072,买盘,002083,2025-10-17 22:50:43
11:03:42,5.17,-0.01,48,24816,卖盘,002083,2025-10-17 22:50:43
11:03:48,5.18,0.01,1,518,买盘,002083,2025-10-17 22:50:43
11:03:51,5.18,0.0,3,1554,买盘,002083,2025-10-17 22:50:43
11:04:03,5.17,-0.01,1,517,卖盘,002083,2025-10-17 22:50:43
11:04:09,5.17,0.0,21,10859,卖盘,002083,2025-10-17 22:50:43
11:04:12,5.17,0.0,5,2585,卖盘,002083,2025-10-17 22:50:43
11:04:18,5.17,0.0,22,11374,卖盘,002083,2025-10-17 22:50:43
11:04:21,5.17,0.0,626,323642,卖盘,002083,2025-10-17 22:50:43
11:04:24,5.17,0.0,11,5687,买盘,002083,2025-10-17 22:50:43
11:04:27,5.17,0.0,2,1034,买盘,002083,2025-10-17 22:50:43
11:04:30,5.17,0.0,15,7755,买盘,002083,2025-10-17 22:50:43
11:04:33,5.17,0.0,3,1551,买盘,002083,2025-10-17 22:50:43
11:04:36,5.17,0.0,17,8789,买盘,002083,2025-10-17 22:50:43
11:04:42,5.16,-0.01,10,5160,卖盘,002083,2025-10-17 22:50:43
11:04:45,5.17,0.01,2,1034,买盘,002083,2025-10-17 22:50:43
11:04:57,5.17,0.0,50,25850,买盘,002083,2025-10-17 22:50:43
11:05:00,5.17,0.0,1,517,买盘,002083,2025-10-17 22:50:43
11:05:15,5.16,-0.01,5,2580,卖盘,002083,2025-10-17 22:50:43
11:05:21,5.17,0.01,11,5687,买盘,002083,2025-10-17 22:50:43
11:05:24,5.17,0.0,23,11891,买盘,002083,2025-10-17 22:50:43
11:05:33,5.17,0.0,2,1034,买盘,002083,2025-10-17 22:50:43
11:05:36,5.17,0.0,2,1034,买盘,002083,2025-10-17 22:50:43
11:05:39,5.16,-0.01,21,10836,卖盘,002083,2025-10-17 22:50:43
11:05:42,5.17,0.01,2,1034,买盘,002083,2025-10-17 22:50:43
11:05:45,5.17,0.0,13,6721,买盘,002083,2025-10-17 22:50:43
11:05:48,5.16,-0.01,65,33540,卖盘,002083,2025-10-17 22:50:43
11:05:51,5.17,0.01,2,1034,买盘,002083,2025-10-17 22:50:43
11:05:54,5.17,0.0,39,20163,买盘,002083,2025-10-17 22:50:43
11:05:57,5.17,0.0,4,2068,买盘,002083,2025-10-17 22:50:43
11:06:00,5.17,0.0,1,517,买盘,002083,2025-10-17 22:50:43
11:06:06,5.17,0.0,2,1034,买盘,002083,2025-10-17 22:50:43
11:06:21,5.17,0.0,1,517,买盘,002083,2025-10-17 22:50:43
11:06:24,5.16,-0.01,10,5160,卖盘,002083,2025-10-17 22:50:43
11:06:39,5.16,0.0,10,5160,卖盘,002083,2025-10-17 22:50:43
11:06:54,5.16,0.0,3,1548,卖盘,002083,2025-10-17 22:50:43
11:07:00,5.16,0.0,50,25800,卖盘,002083,2025-10-17 22:50:43
11:07:03,5.16,0.0,162,83592,卖盘,002083,2025-10-17 22:50:43
11:07:06,5.16,0.0,1339,690924,卖盘,002083,2025-10-17 22:50:43
11:07:09,5.16,0.0,2,1032,卖盘,002083,2025-10-17 22:50:43
11:07:15,5.16,0.0,22,11352,卖盘,002083,2025-10-17 22:50:43
11:07:21,5.16,0.0,56,28896,卖盘,002083,2025-10-17 22:50:43
11:07:24,5.16,0.0,67,34572,卖盘,002083,2025-10-17 22:50:43
11:07:27,5.16,0.0,100,51600,卖盘,002083,2025-10-17 22:50:43
11:07:33,5.16,0.0,128,66048,卖盘,002083,2025-10-17 22:50:43
11:07:36,5.16,0.0,31,15996,卖盘,002083,2025-10-17 22:50:43
11:07:42,5.16,0.0,10,5160,卖盘,002083,2025-10-17 22:50:43
11:07:45,5.16,0.0,80,41281,卖盘,002083,2025-10-17 22:50:43
11:07:48,5.16,0.0,56,28896,卖盘,002083,2025-10-17 22:50:43
11:07:51,5.16,0.0,7,3612,卖盘,002083,2025-10-17 22:50:43
11:07:54,5.17,0.01,6,3102,买盘,002083,2025-10-17 22:50:43
11:07:57,5.16,-0.01,10,5160,卖盘,002083,2025-10-17 22:50:43
11:08:12,5.16,0.0,58,29928,卖盘,002083,2025-10-17 22:50:43
11:08:15,5.16,0.0,15,7740,卖盘,002083,2025-10-17 22:50:43
11:08:36,5.16,0.0,20,10320,卖盘,002083,2025-10-17 22:50:43
11:08:51,5.16,0.0,47,24252,卖盘,002083,2025-10-17 22:50:43
11:09:09,5.16,0.0,162,83592,卖盘,002083,2025-10-17 22:50:43
11:09:30,5.17,0.01,10,5162,买盘,002083,2025-10-17 22:50:43
11:09:36,5.17,0.0,1451,748720,买盘,002083,2025-10-17 22:50:43
11:09:39,5.17,0.0,18,9306,买盘,002083,2025-10-17 22:50:43
11:09:42,5.16,-0.01,50,25800,卖盘,002083,2025-10-17 22:50:43
11:09:57,5.17,0.01,3,1550,买盘,002083,2025-10-17 22:50:43
11:10:00,5.16,-0.01,77,39734,卖盘,002083,2025-10-17 22:50:43
11:10:09,5.17,0.01,10,5170,买盘,002083,2025-10-17 22:50:43
11:10:15,5.17,0.0,1,517,买盘,002083,2025-10-17 22:50:43
11:10:21,5.17,0.0,2,1034,买盘,002083,2025-10-17 22:50:43
11:10:27,5.17,0.0,3,1551,买盘,002083,2025-10-17 22:50:43
11:10:30,5.17,0.0,11,5687,买盘,002083,2025-10-17 22:50:43
11:10:33,5.16,-0.01,89,45936,卖盘,002083,2025-10-17 22:50:43
11:10:36,5.17,0.01,8,4136,买盘,002083,2025-10-17 22:50:43
11:10:39,5.17,0.0,2,1034,买盘,002083,2025-10-17 22:50:43
11:10:42,5.17,0.0,7,3619,买盘,002083,2025-10-17 22:50:43
11:10:45,5.17,0.0,202,104434,买盘,002083,2025-10-17 22:50:43
11:10:48,5.17,0.0,3,1551,买盘,002083,2025-10-17 22:50:43
11:10:54,5.17,0.0,19,9823,买盘,002083,2025-10-17 22:50:43
11:10:57,5.16,-0.01,6,3096,卖盘,002083,2025-10-17 22:50:43
11:11:00,5.17,0.01,23,11891,买盘,002083,2025-10-17 22:50:43
11:11:03,5.17,0.0,62,32054,买盘,002083,2025-10-17 22:50:43
11:11:06,5.17,0.0,2,1034,买盘,002083,2025-10-17 22:50:43
11:11:09,5.17,0.0,5,2585,买盘,002083,2025-10-17 22:50:43
11:11:12,5.17,0.0,1,517,买盘,002083,2025-10-17 22:50:43
11:11:24,5.17,0.0,1,517,买盘,002083,2025-10-17 22:50:43
11:11:30,5.17,0.0,12,6204,买盘,002083,2025-10-17 22:50:43
11:11:42,5.17,0.0,2,1034,买盘,002083,2025-10-17 22:50:43
11:11:48,5.16,-0.01,76,39216,卖盘,002083,2025-10-17 22:50:43
11:11:51,5.16,0.0,30,15480,卖盘,002083,2025-10-17 22:50:43
11:11:54,5.16,0.0,19,9804,卖盘,002083,2025-10-17 22:50:43
11:12:03,5.16,0.0,2,1032,卖盘,002083,2025-10-17 22:50:43
11:12:57,5.17,0.01,1,517,买盘,002083,2025-10-17 22:50:43
11:13:21,5.16,-0.01,130,67080,卖盘,002083,2025-10-17 22:50:43
11:13:24,5.17,0.01,245,126665,买盘,002083,2025-10-17 22:50:43
11:13:33,5.17,0.0,28,14449,买盘,002083,2025-10-17 22:50:43
11:13:45,5.17,0.0,2,1034,买盘,002083,2025-10-17 22:50:43
11:13:48,5.17,0.0,18,9306,买盘,002083,2025-10-17 22:50:43
11:13:51,5.17,0.0,2,1034,买盘,002083,2025-10-17 22:50:43
11:13:54,5.16,-0.01,93,48017,卖盘,002083,2025-10-17 22:50:43
11:14:00,5.17,0.01,10,5170,买盘,002083,2025-10-17 22:50:43
11:14:03,5.17,0.0,23,11891,买盘,002083,2025-10-17 22:50:43
11:14:12,5.17,0.0,5,2585,买盘,002083,2025-10-17 22:50:43
11:14:15,5.16,-0.01,10,5160,卖盘,002083,2025-10-17 22:50:43
11:14:18,5.17,0.01,1,517,买盘,002083,2025-10-17 22:50:43
11:14:21,5.16,-0.01,1,516,卖盘,002083,2025-10-17 22:50:43
11:14:27,5.17,0.01,1,517,买盘,002083,2025-10-17 22:50:43
11:14:30,5.16,-0.01,7,3612,卖盘,002083,2025-10-17 22:50:43
11:14:33,5.16,0.0,3,1549,卖盘,002083,2025-10-17 22:50:43
11:14:36,5.16,0.0,1,516,卖盘,002083,2025-10-17 22:50:43
11:14:42,5.17,0.01,9,4645,买盘,002083,2025-10-17 22:50:43
11:14:45,5.17,0.0,2,1034,买盘,002083,2025-10-17 22:50:43
11:15:18,5.17,0.0,11,5687,买盘,002083,2025-10-17 22:50:43
11:15:30,5.17,0.0,3,1551,买盘,002083,2025-10-17 22:50:43
11:15:33,5.17,0.0,5,2585,买盘,002083,2025-10-17 22:50:43
11:15:36,5.17,0.0,148,76516,买盘,002083,2025-10-17 22:50:43
11:15:45,5.16,-0.01,1,516,卖盘,002083,2025-10-17 22:50:43
11:16:03,5.16,0.0,21,10836,卖盘,002083,2025-10-17 22:50:43
11:16:36,5.16,0.0,307,158412,卖盘,002083,2025-10-17 22:50:43
11:16:39,5.16,0.0,126,65016,卖盘,002083,2025-10-17 22:50:43
11:17:06,5.16,0.0,10,5160,卖盘,002083,2025-10-17 22:50:43
11:18:03,5.16,0.0,50,25800,卖盘,002083,2025-10-17 22:50:43
11:18:06,5.17,0.01,16,8272,买盘,002083,2025-10-17 22:50:43
11:18:15,5.17,0.0,10,5170,买盘,002083,2025-10-17 22:50:43
11:18:18,5.17,0.0,13,6721,买盘,002083,2025-10-17 22:50:43
11:18:30,5.16,-0.01,3,1548,卖盘,002083,2025-10-17 22:50:43
11:18:51,5.17,0.01,28,14476,买盘,002083,2025-10-17 22:50:43
11:18:57,5.16,-0.01,2,1032,卖盘,002083,2025-10-17 22:50:43
11:19:00,5.16,0.0,1,516,卖盘,002083,2025-10-17 22:50:43
11:19:03,5.17,0.01,364,187825,买盘,002083,2025-10-17 22:50:43
11:19:06,5.17,0.0,303,156650,买盘,002083,2025-10-17 22:50:43
11:19:30,5.17,0.0,1,517,买盘,002083,2025-10-17 22:50:43
11:19:33,5.16,-0.01,8,4134,卖盘,002083,2025-10-17 22:50:43
11:19:36,5.17,0.01,220,113720,买盘,002083,2025-10-17 22:50:43
11:19:45,5.16,-0.01,11,5676,卖盘,002083,2025-10-17 22:50:43
11:19:51,5.16,0.0,12,6192,卖盘,002083,2025-10-17 22:50:43
11:20:00,5.16,0.0,4,2064,卖盘,002083,2025-10-17 22:50:43
11:20:09,5.17,0.01,64,33088,买盘,002083,2025-10-17 22:50:43
11:20:12,5.16,-0.01,9,4644,卖盘,002083,2025-10-17 22:50:43
11:20:18,5.17,0.01,300,155100,买盘,002083,2025-10-17 22:50:43
11:20:27,5.17,0.0,419,216623,买盘,002083,2025-10-17 22:50:43
11:20:30,5.17,0.0,53,27401,买盘,002083,2025-10-17 22:50:43
11:20:39,5.17,0.0,414,214038,买盘,002083,2025-10-17 22:50:43
11:20:42,5.17,0.0,38,19646,买盘,002083,2025-10-17 22:50:43
11:20:45,5.18,0.01,507,262164,买盘,002083,2025-10-17 22:50:43
11:20:48,5.17,-0.01,50,25850,卖盘,002083,2025-10-17 22:50:43
11:20:54,5.17,0.0,150,77550,卖盘,002083,2025-10-17 22:50:43
11:20:57,5.18,0.01,503,260551,买盘,002083,2025-10-17 22:50:43
11:21:06,5.18,0.0,300,155400,买盘,002083,2025-10-17 22:50:43
11:21:09,5.18,0.0,2,1036,买盘,002083,2025-10-17 22:50:43
11:21:12,5.18,0.0,2,1036,买盘,002083,2025-10-17 22:50:43
11:21:15,5.18,0.0,1439,745402,买盘,002083,2025-10-17 22:50:43
11:21:18,5.18,0.0,17,8806,卖盘,002083,2025-10-17 22:50:43
11:21:33,5.18,0.0,874,452732,卖盘,002083,2025-10-17 22:50:43
11:21:36,5.18,0.0,115,59570,买盘,002083,2025-10-17 22:50:43
11:21:39,5.18,0.0,140,72520,买盘,002083,2025-10-17 22:50:43
11:21:51,5.18,0.0,7,3628,卖盘,002083,2025-10-17 22:50:43
11:22:09,5.19,0.01,176,91344,买盘,002083,2025-10-17 22:50:43
11:22:12,5.19,0.0,278,144224,买盘,002083,2025-10-17 22:50:43
11:22:15,5.19,0.0,83,43077,买盘,002083,2025-10-17 22:50:43
11:22:18,5.19,0.0,50,25950,买盘,002083,2025-10-17 22:50:43
11:22:21,5.19,0.0,1,519,买盘,002083,2025-10-17 22:50:43
11:22:24,5.19,0.0,6,3114,买盘,002083,2025-10-17 22:50:43
11:22:27,5.19,0.0,200,103800,买盘,002083,2025-10-17 22:50:43
11:22:30,5.19,0.0,144,74734,买盘,002083,2025-10-17 22:50:43
11:22:33,5.19,0.0,262,135977,买盘,002083,2025-10-17 22:50:43
11:22:36,5.19,0.0,52,26988,买盘,002083,2025-10-17 22:50:43
11:22:42,5.2,0.01,2001,1038564,买盘,002083,2025-10-17 22:50:43
11:22:45,5.19,-0.01,995,517398,卖盘,002083,2025-10-17 22:50:43
11:22:48,5.2,0.01,192,99830,买盘,002083,2025-10-17 22:50:43
11:22:51,5.2,0.0,2758,1434160,买盘,002083,2025-10-17 22:50:43
11:22:54,5.21,0.01,262,136502,买盘,002083,2025-10-17 22:50:43
11:22:57,5.2,-0.01,1772,923398,卖盘,002083,2025-10-17 22:50:43
11:23:00,5.22,0.02,151,78766,买盘,002083,2025-10-17 22:50:43
11:23:03,5.22,0.0,1055,550802,买盘,002083,2025-10-17 22:50:43
11:23:06,5.22,0.0,775,405234,卖盘,002083,2025-10-17 22:50:43
11:23:09,5.29,0.07,14286,7527504,买盘,002083,2025-10-17 22:50:43
11:23:12,5.3,0.01,912,483079,买盘,002083,2025-10-17 22:50:43
11:23:15,5.3,0.0,2362,1250228,买盘,002083,2025-10-17 22:50:43
11:23:18,5.31,0.01,935,495206,买盘,002083,2025-10-17 22:50:43
11:23:21,5.3,-0.01,1628,863357,卖盘,002083,2025-10-17 22:50:43
11:23:24,5.31,0.01,1972,1047335,买盘,002083,2025-10-17 22:50:43
11:23:27,5.3,-0.01,922,489274,卖盘,002083,2025-10-17 22:50:43
11:23:30,5.3,0.0,883,468827,买盘,002083,2025-10-17 22:50:43
11:23:33,5.31,0.01,1458,774188,卖盘,002083,2025-10-17 22:50:43
11:23:36,5.31,0.0,1533,813304,买盘,002083,2025-10-17 22:50:43
11:23:39,5.31,0.0,583,309435,买盘,002083,2025-10-17 22:50:43
11:23:42,5.3,-0.01,526,278991,卖盘,002083,2025-10-17 22:50:43
11:23:45,5.3,0.0,417,221091,买盘,002083,2025-10-17 22:50:43
11:23:48,5.28,-0.02,1766,934208,卖盘,002083,2025-10-17 22:50:43
11:23:51,5.29,0.01,563,297911,买盘,002083,2025-10-17 22:50:43
11:23:54,5.29,0.0,335,177289,买盘,002083,2025-10-17 22:50:43
11:23:57,5.3,0.01,204,107924,买盘,002083,2025-10-17 22:50:43
11:24:00,5.29,-0.01,285,150568,卖盘,002083,2025-10-17 22:50:43
11:24:03,5.29,0.0,784,413797,买盘,002083,2025-10-17 22:50:43
11:24:06,5.29,0.0,125,66115,买盘,002083,2025-10-17 22:50:43
11:24:09,5.28,-0.01,1926,1019004,卖盘,002083,2025-10-17 22:50:43
11:24:12,5.3,0.02,429,226959,买盘,002083,2025-10-17 22:50:43
11:24:15,5.29,-0.01,887,469446,卖盘,002083,2025-10-17 22:50:43
11:24:18,5.35,0.06,29424,15658827,买盘,002083,2025-10-17 22:50:43
11:24:21,5.37,0.02,6716,3606528,买盘,002083,2025-10-17 22:50:43
11:24:24,5.39,0.02,5833,3145815,买盘,002083,2025-10-17 22:50:43
11:24:27,5.41,0.02,2922,1581581,买盘,002083,2025-10-17 22:50:43
11:24:30,5.45,0.04,2434,1322957,买盘,002083,2025-10-17 22:50:43
11:24:33,5.43,-0.02,2695,1461536,卖盘,002083,2025-10-17 22:50:43
11:24:36,5.42,-0.01,2493,1348993,中性盘,002083,2025-10-17 22:50:43
11:24:39,5.43,0.01,3461,1884243,买盘,002083,2025-10-17 22:50:43
11:24:42,5.43,0.0,1709,928975,买盘,002083,2025-10-17 22:50:43
11:24:45,5.42,-0.01,2758,1496553,卖盘,002083,2025-10-17 22:50:43
11:24:48,5.43,0.01,724,392353,买盘,002083,2025-10-17 22:50:43
11:24:51,5.42,-0.01,503,272772,卖盘,002083,2025-10-17 22:50:43
11:24:54,5.41,-0.01,2318,1254846,中性盘,002083,2025-10-17 22:50:43
11:24:57,5.41,0.0,691,373499,卖盘,002083,2025-10-17 22:50:43
11:25:00,5.41,0.0,144,77808,买盘,002083,2025-10-17 22:50:43
11:25:03,5.41,0.0,2444,1318776,买盘,002083,2025-10-17 22:50:43
11:25:06,5.39,-0.02,842,454578,卖盘,002083,2025-10-17 22:50:43
11:25:09,5.37,-0.02,170,91692,卖盘,002083,2025-10-17 22:50:43
11:25:12,5.39,0.02,419,225605,买盘,002083,2025-10-17 22:50:43
11:25:15,5.39,0.0,2465,1330198,卖盘,002083,2025-10-17 22:50:43
11:25:18,5.38,-0.01,834,449288,卖盘,002083,2025-10-17 22:50:43
11:25:21,5.38,0.0,221,118960,买盘,002083,2025-10-17 22:50:43
11:25:24,5.38,0.0,868,466384,卖盘,002083,2025-10-17 22:50:43
11:25:27,5.38,0.0,369,198522,买盘,002083,2025-10-17 22:50:43
11:25:30,5.37,-0.01,540,290054,卖盘,002083,2025-10-17 22:50:43
11:25:33,5.37,0.0,150,80650,卖盘,002083,2025-10-17 22:50:43
11:25:36,5.38,0.01,1301,699507,买盘,002083,2025-10-17 22:50:43
11:25:39,5.37,-0.01,2188,1176832,卖盘,002083,2025-10-17 22:50:43
11:25:42,5.39,0.02,3119,1682577,买盘,002083,2025-10-17 22:50:43
11:25:45,5.4,0.01,420,226489,买盘,002083,2025-10-17 22:50:43
11:25:48,5.39,-0.01,611,329505,卖盘,002083,2025-10-17 22:50:43
11:25:51,5.4,0.01,3463,1864209,买盘,002083,2025-10-17 22:50:43
11:25:54,5.39,-0.01,2183,1177256,卖盘,002083,2025-10-17 22:50:43
11:25:57,5.4,0.01,785,423886,买盘,002083,2025-10-17 22:50:43
11:26:00,5.38,-0.02,1337,720982,卖盘,002083,2025-10-17 22:50:43
11:26:03,5.4,0.02,3588,1938310,买盘,002083,2025-10-17 22:50:43
11:26:06,5.4,0.0,1792,968318,买盘,002083,2025-10-17 22:50:43
11:26:09,5.4,0.0,2267,1221267,买盘,002083,2025-10-17 22:50:43
11:26:12,5.43,0.03,6307,3412795,买盘,002083,2025-10-17 22:50:43
11:26:15,5.43,0.0,1371,744983,买盘,002083,2025-10-17 22:50:43
11:26:18,5.43,0.0,2573,1396418,卖盘,002083,2025-10-17 22:50:43
11:26:21,5.44,0.01,1613,876643,买盘,002083,2025-10-17 22:50:43
11:26:24,5.43,-0.01,2939,1598528,中性盘,002083,2025-10-17 22:50:43
11:26:27,5.44,0.01,434,235429,买盘,002083,2025-10-17 22:50:43
11:26:30,5.42,-0.02,839,455202,中性盘,002083,2025-10-17 22:50:43
11:26:33,5.4,-0.02,824,445354,卖盘,002083,2025-10-17 22:50:43
11:26:36,5.41,0.01,878,474274,买盘,002083,2025-10-17 22:50:43
11:26:39,5.4,-0.01,841,455132,卖盘,002083,2025-10-17 22:50:43
11:26:42,5.41,0.01,663,358195,买盘,002083,2025-10-17 22:50:43
11:26:45,5.4,-0.01,1040,561680,卖盘,002083,2025-10-17 22:50:43
11:26:48,5.4,0.0,536,289196,买盘,002083,2025-10-17 22:50:43
11:26:51,5.39,-0.01,1341,723433,卖盘,002083,2025-10-17 22:50:43
11:26:54,5.4,0.01,718,387501,买盘,002083,2025-10-17 22:50:43
11:26:57,5.4,0.0,573,309412,买盘,002083,2025-10-17 22:50:43
11:27:00,5.39,-0.01,479,258388,卖盘,002083,2025-10-17 22:50:43
11:27:03,5.38,-0.01,1080,581757,卖盘,002083,2025-10-17 22:50:43
11:27:06,5.38,0.0,432,232391,卖盘,002083,2025-10-17 22:50:43
11:27:09,5.37,-0.01,801,430067,卖盘,002083,2025-10-17 22:50:43
11:27:12,5.37,0.0,232,124507,买盘,002083,2025-10-17 22:50:43
11:27:15,5.37,0.0,673,361374,买盘,002083,2025-10-17 22:50:43
11:27:18,5.37,0.0,87,46698,买盘,002083,2025-10-17 22:50:43
11:27:21,5.36,-0.01,571,306086,卖盘,002083,2025-10-17 22:50:43
11:27:24,5.36,0.0,184,98646,卖盘,002083,2025-10-17 22:50:43
11:27:27,5.36,0.0,834,447253,卖盘,002083,2025-10-17 22:50:43
11:27:30,5.36,0.0,165,88389,买盘,002083,2025-10-17 22:50:43
11:27:33,5.36,0.0,1369,734676,买盘,002083,2025-10-17 22:50:43
11:27:36,5.36,0.0,82,43952,买盘,002083,2025-10-17 22:50:43
11:27:39,5.37,0.01,508,272890,买盘,002083,2025-10-17 22:50:43
11:27:42,5.37,0.0,181,97198,卖盘,002083,2025-10-17 22:50:43
11:27:45,5.37,0.0,1553,834388,卖盘,002083,2025-10-17 22:50:43
11:27:48,5.37,0.0,1686,906016,卖盘,002083,2025-10-17 22:50:43
11:27:51,5.38,0.01,1236,664493,买盘,002083,2025-10-17 22:50:43
11:27:54,5.37,-0.01,130,69805,中性盘,002083,2025-10-17 22:50:43
11:27:57,5.37,0.0,2163,1163839,买盘,002083,2025-10-17 22:50:43
11:28:00,5.37,0.0,582,312334,卖盘,002083,2025-10-17 22:50:43
11:28:03,5.4,0.03,1799,968711,买盘,002083,2025-10-17 22:50:43
11:28:06,5.37,-0.03,400,214861,卖盘,002083,2025-10-17 22:50:43
11:28:09,5.38,0.01,1745,941302,买盘,002083,2025-10-17 22:50:43
11:28:12,5.38,0.0,48,25860,卖盘,002083,2025-10-17 22:50:43
11:28:15,5.38,0.0,254,136846,卖盘,002083,2025-10-17 22:50:43
11:28:18,5.39,0.01,1607,866114,买盘,002083,2025-10-17 22:50:43
11:28:21,5.4,0.01,280,151189,买盘,002083,2025-10-17 22:50:43
11:28:24,5.4,0.0,2057,1110769,买盘,002083,2025-10-17 22:50:43
11:28:27,5.41,0.01,2270,1229320,买盘,002083,2025-10-17 22:50:43
11:28:30,5.42,0.01,763,413179,买盘,002083,2025-10-17 22:50:43
11:28:33,5.42,0.0,2114,1145598,买盘,002083,2025-10-17 22:50:43
11:28:36,5.41,-0.01,1840,997045,卖盘,002083,2025-10-17 22:50:43
11:28:39,5.6,0.19,63747,35377003,买盘,002083,2025-10-17 22:50:43
11:28:42,5.6,0.0,1556,871360,卖盘,002083,2025-10-17 22:50:43
11:28:45,5.6,0.0,114,63840,卖盘,002083,2025-10-17 22:50:43
11:28:48,5.6,0.0,1013,567280,卖盘,002083,2025-10-17 22:50:43
11:28:51,5.6,0.0,891,498960,卖盘,002083,2025-10-17 22:50:43
11:28:54,5.6,0.0,1104,618240,卖盘,002083,2025-10-17 22:50:43
11:28:57,5.6,0.0,1750,980000,卖盘,002083,2025-10-17 22:50:43
11:29:00,5.6,0.0,3305,1850800,卖盘,002083,2025-10-17 22:50:43
11:29:03,5.6,0.0,1716,960960,卖盘,002083,2025-10-17 22:50:43
11:29:06,5.6,0.0,995,557200,卖盘,002083,2025-10-17 22:50:43
11:29:09,5.6,0.0,726,406560,卖盘,002083,2025-10-17 22:50:43
11:29:12,5.6,0.0,2264,1267840,卖盘,002083,2025-10-17 22:50:43
11:29:15,5.6,0.0,1649,923440,卖盘,002083,2025-10-17 22:50:43
11:29:18,5.6,0.0,1418,794080,卖盘,002083,2025-10-17 22:50:43
11:29:21,5.6,0.0,613,343280,卖盘,002083,2025-10-17 22:50:43
11:29:24,5.6,0.0,955,534800,卖盘,002083,2025-10-17 22:50:43
11:29:27,5.6,0.0,443,248080,卖盘,002083,2025-10-17 22:50:43
11:29:30,5.6,0.0,2292,1283520,卖盘,002083,2025-10-17 22:50:43
11:29:33,5.6,0.0,1876,1050560,卖盘,002083,2025-10-17 22:50:43
11:29:36,5.6,0.0,311,174160,卖盘,002083,2025-10-17 22:50:43
11:29:39,5.6,0.0,1192,667520,卖盘,002083,2025-10-17 22:50:43
11:29:42,5.6,0.0,3514,1967762,卖盘,002083,2025-10-17 22:50:43
11:29:45,5.6,0.0,1493,836080,卖盘,002083,2025-10-17 22:50:43
11:29:48,5.6,0.0,801,448560,卖盘,002083,2025-10-17 22:50:43
11:29:51,5.6,0.0,1791,1002960,卖盘,002083,2025-10-17 22:50:43
11:29:54,5.6,0.0,252,141120,卖盘,002083,2025-10-17 22:50:43
11:29:57,5.6,0.0,272,152320,卖盘,002083,2025-10-17 22:50:43
11:30:00,5.6,0.0,1280,716800,卖盘,002083,2025-10-17 22:50:43
13:00:00,5.6,0.0,24850,13916056,卖盘,002083,2025-10-17 22:50:43
13:00:03,5.6,0.0,38427,21518879,卖盘,002083,2025-10-17 22:50:43
13:00:06,5.6,0.0,2460,1377600,卖盘,002083,2025-10-17 22:50:43
13:00:09,5.6,0.0,166,92960,卖盘,002083,2025-10-17 22:50:43
13:00:12,5.6,0.0,20,11200,卖盘,002083,2025-10-17 22:50:43
13:00:15,5.6,0.0,35,19600,卖盘,002083,2025-10-17 22:50:43
13:00:18,5.6,0.0,182,101920,卖盘,002083,2025-10-17 22:50:43
13:00:21,5.6,0.0,71,39760,卖盘,002083,2025-10-17 22:50:43
13:00:24,5.6,0.0,11,6160,卖盘,002083,2025-10-17 22:50:43
13:00:27,5.6,0.0,48,26880,卖盘,002083,2025-10-17 22:50:43
13:00:30,5.6,0.0,82,45920,卖盘,002083,2025-10-17 22:50:43
13:00:33,5.6,0.0,242,135520,卖盘,002083,2025-10-17 22:50:43
13:00:36,5.6,0.0,27,15120,卖盘,002083,2025-10-17 22:50:43
13:00:39,5.6,0.0,360,201600,卖盘,002083,2025-10-17 22:50:43
13:00:42,5.6,0.0,100,56000,卖盘,002083,2025-10-17 22:50:43
13:00:45,5.6,0.0,260,145622,卖盘,002083,2025-10-17 22:50:43
13:00:48,5.6,0.0,1150,644000,卖盘,002083,2025-10-17 22:50:43
13:00:51,5.6,0.0,484,271040,卖盘,002083,2025-10-17 22:50:43
13:00:54,5.6,0.0,323,180880,卖盘,002083,2025-10-17 22:50:43
13:00:57,5.6,0.0,270,151200,卖盘,002083,2025-10-17 22:50:43
13:01:00,5.6,0.0,50,28000,卖盘,002083,2025-10-17 22:50:43
13:01:03,5.6,0.0,272,152320,卖盘,002083,2025-10-17 22:50:43
13:01:06,5.6,0.0,50,28000,卖盘,002083,2025-10-17 22:50:43
13:01:09,5.6,0.0,554,310240,卖盘,002083,2025-10-17 22:50:43
13:01:12,5.6,0.0,61,34160,卖盘,002083,2025-10-17 22:50:43
13:01:15,5.6,0.0,202,113120,卖盘,002083,2025-10-17 22:50:43
13:01:18,5.6,0.0,3077,1723120,卖盘,002083,2025-10-17 22:50:43
13:01:24,5.6,0.0,132,73920,卖盘,002083,2025-10-17 22:50:43
13:01:27,5.6,0.0,60,33600,卖盘,002083,2025-10-17 22:50:43
13:01:30,5.6,0.0,702,393120,卖盘,002083,2025-10-17 22:50:43
13:01:33,5.6,0.0,450,252000,卖盘,002083,2025-10-17 22:50:43
13:01:36,5.6,0.0,105,58800,卖盘,002083,2025-10-17 22:50:43
13:01:39,5.6,0.0,115,64400,卖盘,002083,2025-10-17 22:50:43
13:01:45,5.6,0.0,399,223440,卖盘,002083,2025-10-17 22:50:43
13:01:48,5.6,0.0,545,305200,卖盘,002083,2025-10-17 22:50:43
13:01:51,5.6,0.0,56,31360,卖盘,002083,2025-10-17 22:50:43
13:01:54,5.6,0.0,363,203280,卖盘,002083,2025-10-17 22:50:43
13:01:57,5.6,0.0,10,5600,卖盘,002083,2025-10-17 22:50:43
13:02:00,5.6,0.0,114,63840,卖盘,002083,2025-10-17 22:50:43
13:02:03,5.6,0.0,366,204960,卖盘,002083,2025-10-17 22:50:43
13:02:06,5.6,0.0,324,181440,卖盘,002083,2025-10-17 22:50:43
13:02:09,5.6,0.0,192,107520,卖盘,002083,2025-10-17 22:50:43
13:02:12,5.6,0.0,25,14000,卖盘,002083,2025-10-17 22:50:43
13:02:15,5.6,0.0,302,169120,卖盘,002083,2025-10-17 22:50:43
13:02:18,5.6,0.0,49,27440,卖盘,002083,2025-10-17 22:50:43
13:02:21,5.6,0.0,384,215040,卖盘,002083,2025-10-17 22:50:43
13:02:24,5.6,0.0,10,5600,卖盘,002083,2025-10-17 22:50:43
13:02:27,5.6,0.0,2334,1307040,卖盘,002083,2025-10-17 22:50:43
13:02:30,5.6,0.0,651,364560,卖盘,002083,2025-10-17 22:50:43
13:02:33,5.6,0.0,100,56000,卖盘,002083,2025-10-17 22:50:43
13:02:36,5.6,0.0,20,11200,卖盘,002083,2025-10-17 22:50:43
13:02:39,5.6,0.0,65,36400,卖盘,002083,2025-10-17 22:50:43
13:02:42,5.6,0.0,302,169120,卖盘,002083,2025-10-17 22:50:43
13:02:45,5.6,0.0,1373,768880,卖盘,002083,2025-10-17 22:50:43
13:02:48,5.6,0.0,397,222320,卖盘,002083,2025-10-17 22:50:43
13:02:51,5.6,0.0,33,18480,卖盘,002083,2025-10-17 22:50:43
13:02:54,5.6,0.0,670,375200,卖盘,002083,2025-10-17 22:50:43
13:02:57,5.6,0.0,600,336000,卖盘,002083,2025-10-17 22:50:43
13:03:00,5.6,0.0,54,30240,卖盘,002083,2025-10-17 22:50:43
13:03:03,5.6,0.0,179,100240,卖盘,002083,2025-10-17 22:50:43
13:03:06,5.6,0.0,1600,896000,卖盘,002083,2025-10-17 22:50:43
13:03:09,5.6,0.0,72,40320,卖盘,002083,2025-10-17 22:50:43
13:03:12,5.6,0.0,8,4480,卖盘,002083,2025-10-17 22:50:43
13:03:15,5.6,0.0,50,28000,卖盘,002083,2025-10-17 22:50:43
13:03:18,5.6,0.0,47,26320,卖盘,002083,2025-10-17 22:50:43
13:03:24,5.6,0.0,103,57680,卖盘,002083,2025-10-17 22:50:43
13:03:27,5.6,0.0,159,89040,卖盘,002083,2025-10-17 22:50:43
13:03:30,5.6,0.0,55,30800,卖盘,002083,2025-10-17 22:50:43
13:03:33,5.6,0.0,132,73920,卖盘,002083,2025-10-17 22:50:43
13:03:36,5.6,0.0,191,106960,卖盘,002083,2025-10-17 22:50:43
13:03:39,5.6,0.0,11,6160,卖盘,002083,2025-10-17 22:50:43
13:03:45,5.6,0.0,81,45360,卖盘,002083,2025-10-17 22:50:43
13:03:48,5.6,0.0,131,73360,卖盘,002083,2025-10-17 22:50:43
13:03:51,5.6,0.0,10,5600,卖盘,002083,2025-10-17 22:50:43
13:03:54,5.6,0.0,50,28000,卖盘,002083,2025-10-17 22:50:43
13:03:57,5.6,0.0,203,113680,卖盘,002083,2025-10-17 22:50:43
13:04:00,5.6,0.0,214,119840,卖盘,002083,2025-10-17 22:50:43
13:04:03,5.6,0.0,71,39760,卖盘,002083,2025-10-17 22:50:43
13:04:06,5.6,0.0,153,85680,卖盘,002083,2025-10-17 22:50:43
13:04:09,5.6,0.0,543,304080,卖盘,002083,2025-10-17 22:50:43
13:04:12,5.6,0.0,31,17360,卖盘,002083,2025-10-17 22:50:43
13:04:18,5.6,0.0,50,28000,卖盘,002083,2025-10-17 22:50:43
13:04:21,5.6,0.0,12,6720,卖盘,002083,2025-10-17 22:50:43
13:04:24,5.6,0.0,200,112000,卖盘,002083,2025-10-17 22:50:43
13:04:27,5.6,0.0,14,7840,卖盘,002083,2025-10-17 22:50:43
13:04:30,5.6,0.0,304,170240,卖盘,002083,2025-10-17 22:50:43
13:04:33,5.6,0.0,30,16800,卖盘,002083,2025-10-17 22:50:43
13:04:36,5.6,0.0,301,168560,卖盘,002083,2025-10-17 22:50:43
13:04:39,5.6,0.0,63,35280,卖盘,002083,2025-10-17 22:50:43
13:04:42,5.6,0.0,392,219520,卖盘,002083,2025-10-17 22:50:43
13:04:45,5.6,0.0,57,31920,卖盘,002083,2025-10-17 22:50:43
13:04:48,5.6,0.0,75,42000,卖盘,002083,2025-10-17 22:50:43
13:04:51,5.6,0.0,207,115920,卖盘,002083,2025-10-17 22:50:43
13:04:54,5.6,0.0,75,42000,卖盘,002083,2025-10-17 22:50:43
13:04:57,5.6,0.0,99,55440,卖盘,002083,2025-10-17 22:50:43
13:05:00,5.6,0.0,39,21840,卖盘,002083,2025-10-17 22:50:43
13:05:03,5.6,0.0,505,282800,卖盘,002083,2025-10-17 22:50:43
13:05:06,5.6,0.0,84,47040,卖盘,002083,2025-10-17 22:50:43
13:05:09,5.6,0.0,293,164080,卖盘,002083,2025-10-17 22:50:43
13:05:12,5.6,0.0,10,5600,卖盘,002083,2025-10-17 22:50:43
13:05:15,5.6,0.0,6,3360,卖盘,002083,2025-10-17 22:50:43
13:05:18,5.6,0.0,12,6720,卖盘,002083,2025-10-17 22:50:43
13:05:21,5.6,0.0,20,11200,卖盘,002083,2025-10-17 22:50:43
13:05:24,5.6,0.0,85,47600,卖盘,002083,2025-10-17 22:50:43
13:05:27,5.6,0.0,20,11200,卖盘,002083,2025-10-17 22:50:43
13:05:30,5.6,0.0,101,56560,卖盘,002083,2025-10-17 22:50:43
13:05:33,5.6,0.0,33,18480,卖盘,002083,2025-10-17 22:50:43
13:05:36,5.6,0.0,41,22960,卖盘,002083,2025-10-17 22:50:43
13:05:39,5.6,0.0,22,12320,卖盘,002083,2025-10-17 22:50:43
13:05:42,5.6,0.0,107,59920,卖盘,002083,2025-10-17 22:50:43
13:05:45,5.6,0.0,16,8960,卖盘,002083,2025-10-17 22:50:43
13:05:48,5.6,0.0,11,6160,卖盘,002083,2025-10-17 22:50:43
13:05:51,5.6,0.0,20,11200,卖盘,002083,2025-10-17 22:50:43
13:05:54,5.6,0.0,7,3920,卖盘,002083,2025-10-17 22:50:43
13:05:57,5.6,0.0,3,1680,卖盘,002083,2025-10-17 22:50:43
13:06:00,5.6,0.0,85,47600,卖盘,002083,2025-10-17 22:50:43
13:06:03,5.6,0.0,500,280000,卖盘,002083,2025-10-17 22:50:43
13:06:06,5.6,0.0,10,5600,卖盘,002083,2025-10-17 22:50:43
13:06:09,5.6,0.0,6,3360,卖盘,002083,2025-10-17 22:50:43
13:06:12,5.6,0.0,61,34160,卖盘,002083,2025-10-17 22:50:43
13:06:21,5.6,0.0,60,33600,卖盘,002083,2025-10-17 22:50:43
13:06:24,5.6,0.0,20,11200,卖盘,002083,2025-10-17 22:50:43
13:06:27,5.6,0.0,150,84000,卖盘,002083,2025-10-17 22:50:43
13:06:30,5.6,0.0,38,21280,卖盘,002083,2025-10-17 22:50:43
13:06:33,5.6,0.0,202,113120,卖盘,002083,2025-10-17 22:50:43
13:06:36,5.6,0.0,68,38080,卖盘,002083,2025-10-17 22:50:43
13:06:39,5.6,0.0,229,128240,卖盘,002083,2025-10-17 22:50:43
13:06:42,5.6,0.0,197,110320,卖盘,002083,2025-10-17 22:50:43
13:06:45,5.6,0.0,8,4480,卖盘,002083,2025-10-17 22:50:43
13:06:48,5.6,0.0,29,16240,卖盘,002083,2025-10-17 22:50:43
13:06:51,5.6,0.0,20,11200,卖盘,002083,2025-10-17 22:50:43
13:06:54,5.6,0.0,100,56000,卖盘,002083,2025-10-17 22:50:43
13:06:57,5.6,0.0,85,47600,卖盘,002083,2025-10-17 22:50:43
13:07:00,5.6,0.0,30,16800,卖盘,002083,2025-10-17 22:50:43
13:07:03,5.6,0.0,20,11200,卖盘,002083,2025-10-17 22:50:43
13:07:06,5.6,0.0,203,113680,卖盘,002083,2025-10-17 22:50:43
13:07:09,5.6,0.0,25,14000,卖盘,002083,2025-10-17 22:50:43
13:07:12,5.6,0.0,1053,589680,卖盘,002083,2025-10-17 22:50:43
13:07:15,5.6,0.0,15,8400,卖盘,002083,2025-10-17 22:50:43
13:07:18,5.6,0.0,141,78960,卖盘,002083,2025-10-17 22:50:43
13:07:21,5.6,0.0,25,14000,卖盘,002083,2025-10-17 22:50:43
13:07:24,5.6,0.0,35,19600,卖盘,002083,2025-10-17 22:50:43
13:07:27,5.6,0.0,27,15120,卖盘,002083,2025-10-17 22:50:43
13:07:30,5.6,0.0,65,36400,卖盘,002083,2025-10-17 22:50:43
13:07:36,5.6,0.0,12,6720,卖盘,002083,2025-10-17 22:50:43
13:07:42,5.6,0.0,368,206080,卖盘,002083,2025-10-17 22:50:43
13:07:45,5.6,0.0,6,3360,卖盘,002083,2025-10-17 22:50:43
13:07:48,5.6,0.0,150,84000,卖盘,002083,2025-10-17 22:50:43
13:07:51,5.6,0.0,34,19040,卖盘,002083,2025-10-17 22:50:43
13:07:57,5.6,0.0,215,120400,卖盘,002083,2025-10-17 22:50:43
13:08:00,5.6,0.0,206,115360,卖盘,002083,2025-10-17 22:50:43
13:08:03,5.6,0.0,45,25200,卖盘,002083,2025-10-17 22:50:43
13:08:06,5.6,0.0,62,34720,卖盘,002083,2025-10-17 22:50:43
13:08:09,5.6,0.0,285,159600,卖盘,002083,2025-10-17 22:50:43
13:08:12,5.6,0.0,65,36400,卖盘,002083,2025-10-17 22:50:43
13:08:18,5.6,0.0,737,412720,卖盘,002083,2025-10-17 22:50:43
13:08:21,5.6,0.0,550,308000,卖盘,002083,2025-10-17 22:50:43
13:08:24,5.6,0.0,55,30800,卖盘,002083,2025-10-17 22:50:43
13:08:27,5.6,0.0,127,71120,卖盘,002083,2025-10-17 22:50:43
13:08:30,5.6,0.0,37,20720,卖盘,002083,2025-10-17 22:50:43
13:08:33,5.6,0.0,1,560,卖盘,002083,2025-10-17 22:50:43
13:08:36,5.6,0.0,110,61600,卖盘,002083,2025-10-17 22:50:43
13:08:39,5.6,0.0,31,17360,卖盘,002083,2025-10-17 22:50:43
13:08:42,5.6,0.0,331,185360,卖盘,002083,2025-10-17 22:50:43
13:08:45,5.6,0.0,20,11200,卖盘,002083,2025-10-17 22:50:43
13:08:51,5.6,0.0,554,310240,卖盘,002083,2025-10-17 22:50:43
13:08:54,5.6,0.0,5,2800,卖盘,002083,2025-10-17 22:50:43
13:08:57,5.6,0.0,251,140560,卖盘,002083,2025-10-17 22:50:43
13:09:00,5.6,0.0,59,33040,卖盘,002083,2025-10-17 22:50:43
13:09:03,5.6,0.0,446,249760,卖盘,002083,2025-10-17 22:50:43
13:09:06,5.6,0.0,447,250320,卖盘,002083,2025-10-17 22:50:43
13:09:09,5.6,0.0,743,416080,卖盘,002083,2025-10-17 22:50:43
13:09:12,5.6,0.0,110,61600,卖盘,002083,2025-10-17 22:50:43
13:09:15,5.6,0.0,50,28000,卖盘,002083,2025-10-17 22:50:43
13:09:18,5.6,0.0,65,36400,卖盘,002083,2025-10-17 22:50:43
13:09:21,5.6,0.0,1398,782880,卖盘,002083,2025-10-17 22:50:43
13:09:24,5.6,0.0,227,127120,卖盘,002083,2025-10-17 22:50:43
13:09:27,5.6,0.0,51,28560,卖盘,002083,2025-10-17 22:50:43
13:09:30,5.6,0.0,303,169680,卖盘,002083,2025-10-17 22:50:43
13:09:33,5.6,0.0,97,54320,卖盘,002083,2025-10-17 22:50:43
13:09:36,5.6,0.0,108,60480,卖盘,002083,2025-10-17 22:50:43
13:09:39,5.6,0.0,2480,1388800,卖盘,002083,2025-10-17 22:50:43
13:09:42,5.6,0.0,19,10640,卖盘,002083,2025-10-17 22:50:43
13:09:45,5.6,0.0,457,255920,卖盘,002083,2025-10-17 22:50:43
13:09:48,5.6,0.0,105,58800,卖盘,002083,2025-10-17 22:50:43
13:09:51,5.6,0.0,51,28560,卖盘,002083,2025-10-17 22:50:43
13:09:54,5.6,0.0,64,35840,卖盘,002083,2025-10-17 22:50:43
13:09:57,5.6,0.0,398,222880,卖盘,002083,2025-10-17 22:50:43
13:10:00,5.6,0.0,5347,2994320,卖盘,002083,2025-10-17 22:50:43
13:10:03,5.6,0.0,7101,3976560,卖盘,002083,2025-10-17 22:50:43
13:10:06,5.6,0.0,9541,5342971,卖盘,002083,2025-10-17 22:50:43
13:10:09,5.6,0.0,2915,1632400,卖盘,002083,2025-10-17 22:50:43
13:10:12,5.6,0.0,7220,4043200,卖盘,002083,2025-10-17 22:50:43
13:10:15,5.6,0.0,27759,15545040,卖盘,002083,2025-10-17 22:50:43
13:10:18,5.6,0.0,11752,6581120,卖盘,002083,2025-10-17 22:50:43
13:10:21,5.55,-0.05,8189,4580778,卖盘,002083,2025-10-17 22:50:43
13:10:24,5.53,-0.02,2693,1487732,卖盘,002083,2025-10-17 22:50:43
13:10:27,5.51,-0.02,1114,615066,卖盘,002083,2025-10-17 22:50:43
13:10:30,5.51,0.0,917,505294,卖盘,002083,2025-10-17 22:50:43
13:10:33,5.52,0.01,1761,970661,买盘,002083,2025-10-17 22:50:43
13:10:36,5.51,-0.01,2355,1299834,卖盘,002083,2025-10-17 22:50:43
13:10:39,5.52,0.01,1139,628999,中性盘,002083,2025-10-17 22:50:43
13:10:42,5.54,0.02,456,252463,买盘,002083,2025-10-17 22:50:43
13:10:45,5.6,0.06,10136,5668014,买盘,002083,2025-10-17 22:50:43
13:10:48,5.6,0.0,341,190960,卖盘,002083,2025-10-17 22:50:43
13:10:51,5.6,0.0,372,208320,卖盘,002083,2025-10-17 22:50:43
13:10:54,5.6,0.0,426,238560,卖盘,002083,2025-10-17 22:50:43
13:10:57,5.6,0.0,426,238560,卖盘,002083,2025-10-17 22:50:43
13:11:00,5.6,0.0,829,464240,卖盘,002083,2025-10-17 22:50:43
13:11:03,5.6,0.0,90,50400,卖盘,002083,2025-10-17 22:50:43
13:11:06,5.6,0.0,119,66640,卖盘,002083,2025-10-17 22:50:43
13:11:09,5.6,0.0,239,133840,卖盘,002083,2025-10-17 22:50:43
13:11:12,5.6,0.0,392,219520,卖盘,002083,2025-10-17 22:50:43
13:11:15,5.6,0.0,202,113120,卖盘,002083,2025-10-17 22:50:43
13:11:18,5.6,0.0,552,309120,卖盘,002083,2025-10-17 22:50:43
13:11:21,5.6,0.0,131,73360,卖盘,002083,2025-10-17 22:50:43
13:11:24,5.6,0.0,9,5040,卖盘,002083,2025-10-17 22:50:43
13:11:27,5.6,0.0,206,115360,卖盘,002083,2025-10-17 22:50:43
13:11:30,5.6,0.0,796,445760,卖盘,002083,2025-10-17 22:50:43
13:11:33,5.6,0.0,57,31920,卖盘,002083,2025-10-17 22:50:43
13:11:36,5.6,0.0,296,165760,卖盘,002083,2025-10-17 22:50:43
13:11:39,5.6,0.0,155,86828,卖盘,002083,2025-10-17 22:50:43
13:11:42,5.6,0.0,18,10080,卖盘,002083,2025-10-17 22:50:43
13:11:45,5.6,0.0,151,84560,卖盘,002083,2025-10-17 22:50:43
13:11:48,5.6,0.0,1788,1001280,卖盘,002083,2025-10-17 22:50:43
13:11:51,5.6,0.0,77,43120,卖盘,002083,2025-10-17 22:50:43
13:11:54,5.6,0.0,3496,1957760,卖盘,002083,2025-10-17 22:50:43
13:11:57,5.6,0.0,886,496160,卖盘,002083,2025-10-17 22:50:43
13:12:00,5.6,0.0,7,3920,卖盘,002083,2025-10-17 22:50:43
13:12:03,5.6,0.0,186,104160,卖盘,002083,2025-10-17 22:50:43
13:12:06,5.6,0.0,548,306880,卖盘,002083,2025-10-17 22:50:43
13:12:09,5.6,0.0,355,198800,卖盘,002083,2025-10-17 22:50:43
13:12:12,5.6,0.0,22,12320,卖盘,002083,2025-10-17 22:50:43
13:12:15,5.6,0.0,349,195440,卖盘,002083,2025-10-17 22:50:43
13:12:18,5.6,0.0,459,257040,卖盘,002083,2025-10-17 22:50:43
13:12:21,5.6,0.0,146,81760,卖盘,002083,2025-10-17 22:50:43
13:12:24,5.6,0.0,31,17360,卖盘,002083,2025-10-17 22:50:43
13:12:27,5.6,0.0,2,1120,卖盘,002083,2025-10-17 22:50:43
13:12:30,5.6,0.0,60,33600,卖盘,002083,2025-10-17 22:50:43
13:12:33,5.6,0.0,3055,1710800,卖盘,002083,2025-10-17 22:50:43
13:12:36,5.6,0.0,872,488320,卖盘,002083,2025-10-17 22:50:43
13:12:39,5.6,0.0,76,42560,卖盘,002083,2025-10-17 22:50:43
13:12:42,5.6,0.0,63,35280,卖盘,002083,2025-10-17 22:50:43
13:12:45,5.6,0.0,85,47600,卖盘,002083,2025-10-17 22:50:43
13:12:48,5.6,0.0,101,56560,卖盘,002083,2025-10-17 22:50:43
13:12:51,5.6,0.0,76,42560,卖盘,002083,2025-10-17 22:50:43
13:12:54,5.6,0.0,310,173600,卖盘,002083,2025-10-17 22:50:43
13:12:57,5.6,0.0,264,147840,卖盘,002083,2025-10-17 22:50:43
13:13:00,5.6,0.0,471,263760,卖盘,002083,2025-10-17 22:50:43
13:13:03,5.6,0.0,176,98560,卖盘,002083,2025-10-17 22:50:43
13:13:06,5.6,0.0,308,172480,卖盘,002083,2025-10-17 22:50:43
13:13:09,5.6,0.0,651,364560,卖盘,002083,2025-10-17 22:50:43
13:13:12,5.6,0.0,520,291200,卖盘,002083,2025-10-17 22:50:43
13:13:15,5.6,0.0,555,310800,卖盘,002083,2025-10-17 22:50:43
13:13:18,5.6,0.0,36,20160,卖盘,002083,2025-10-17 22:50:43
13:13:21,5.6,0.0,186,104160,卖盘,002083,2025-10-17 22:50:43
13:13:24,5.6,0.0,860,481600,卖盘,002083,2025-10-17 22:50:43
13:13:27,5.6,0.0,411,230160,卖盘,002083,2025-10-17 22:50:43
13:13:30,5.6,0.0,208,116480,卖盘,002083,2025-10-17 22:50:43
13:13:33,5.6,0.0,174,97440,卖盘,002083,2025-10-17 22:50:43
13:13:36,5.6,0.0,10,5600,卖盘,002083,2025-10-17 22:50:43
13:13:39,5.6,0.0,232,129920,卖盘,002083,2025-10-17 22:50:43
13:13:42,5.6,0.0,130,72800,卖盘,002083,2025-10-17 22:50:43
13:13:45,5.6,0.0,215,120400,卖盘,002083,2025-10-17 22:50:43
13:13:48,5.6,0.0,40,22400,卖盘,002083,2025-10-17 22:50:43
13:13:51,5.6,0.0,442,247520,卖盘,002083,2025-10-17 22:50:43
13:13:54,5.6,0.0,368,206080,卖盘,002083,2025-10-17 22:50:43
13:13:57,5.6,0.0,62,34720,卖盘,002083,2025-10-17 22:50:43
13:14:00,5.6,0.0,273,152880,卖盘,002083,2025-10-17 22:50:43
13:14:03,5.6,0.0,1,560,卖盘,002083,2025-10-17 22:50:43
13:14:06,5.6,0.0,290,162400,卖盘,002083,2025-10-17 22:50:43
13:14:09,5.6,0.0,2496,1397760,卖盘,002083,2025-10-17 22:50:43
13:14:12,5.6,0.0,80,44800,卖盘,002083,2025-10-17 22:50:43
13:14:15,5.6,0.0,120,67200,卖盘,002083,2025-10-17 22:50:43
13:14:18,5.6,0.0,63,35280,卖盘,002083,2025-10-17 22:50:43
13:14:21,5.6,0.0,458,256480,卖盘,002083,2025-10-17 22:50:43
13:14:24,5.6,0.0,122,68320,卖盘,002083,2025-10-17 22:50:43
13:14:27,5.6,0.0,219,122640,卖盘,002083,2025-10-17 22:50:43
13:14:30,5.6,0.0,91,50960,卖盘,002083,2025-10-17 22:50:43
13:14:33,5.6,0.0,386,216160,卖盘,002083,2025-10-17 22:50:43
13:14:36,5.6,0.0,450,252000,卖盘,002083,2025-10-17 22:50:43
13:14:39,5.6,0.0,13,7280,卖盘,002083,2025-10-17 22:50:43
13:14:42,5.6,0.0,15,8400,卖盘,002083,2025-10-17 22:50:43
13:14:45,5.6,0.0,134,75040,卖盘,002083,2025-10-17 22:50:43
13:14:48,5.6,0.0,25,14067,卖盘,002083,2025-10-17 22:50:43
13:14:51,5.6,0.0,33,18480,卖盘,002083,2025-10-17 22:50:43
13:14:54,5.6,0.0,221,123760,卖盘,002083,2025-10-17 22:50:43
13:14:57,5.6,0.0,1,560,卖盘,002083,2025-10-17 22:50:43
13:15:06,5.6,0.0,211,118160,卖盘,002083,2025-10-17 22:50:43
13:15:09,5.6,0.0,7,3920,卖盘,002083,2025-10-17 22:50:43
13:15:12,5.6,0.0,50,28000,卖盘,002083,2025-10-17 22:50:43
13:15:15,5.6,0.0,602,337120,卖盘,002083,2025-10-17 22:50:43
13:15:18,5.6,0.0,2,1120,卖盘,002083,2025-10-17 22:50:43
13:15:21,5.6,0.0,7,3920,卖盘,002083,2025-10-17 22:50:43
13:15:24,5.6,0.0,18,10080,卖盘,002083,2025-10-17 22:50:43
13:15:27,5.6,0.0,60,33600,卖盘,002083,2025-10-17 22:50:43
13:15:33,5.6,0.0,618,346080,卖盘,002083,2025-10-17 22:50:43
13:15:36,5.6,0.0,174,97440,卖盘,002083,2025-10-17 22:50:43
13:15:39,5.6,0.0,40,22400,卖盘,002083,2025-10-17 22:50:43
13:15:42,5.6,0.0,26,14560,卖盘,002083,2025-10-17 22:50:43
13:15:48,5.6,0.0,16,8960,卖盘,002083,2025-10-17 22:50:43
13:15:51,5.6,0.0,106,59360,卖盘,002083,2025-10-17 22:50:43
13:15:54,5.6,0.0,170,95200,卖盘,002083,2025-10-17 22:50:43
13:15:57,5.6,0.0,20,11200,卖盘,002083,2025-10-17 22:50:43
13:16:00,5.6,0.0,50,28000,卖盘,002083,2025-10-17 22:50:43
13:16:03,5.6,0.0,14,7840,卖盘,002083,2025-10-17 22:50:43
13:16:06,5.6,0.0,9,5040,卖盘,002083,2025-10-17 22:50:43
13:16:09,5.6,0.0,1813,1015280,卖盘,002083,2025-10-17 22:50:43
13:16:12,5.6,0.0,62,34720,卖盘,002083,2025-10-17 22:50:43
13:16:15,5.6,0.0,408,228480,卖盘,002083,2025-10-17 22:50:43
13:16:18,5.6,0.0,877,491120,卖盘,002083,2025-10-17 22:50:43
13:16:21,5.6,0.0,13,7280,卖盘,002083,2025-10-17 22:50:43
13:16:24,5.6,0.0,87,48720,卖盘,002083,2025-10-17 22:50:43
13:16:30,5.6,0.0,2508,1404480,卖盘,002083,2025-10-17 22:50:43
13:16:33,5.6,0.0,32,17920,卖盘,002083,2025-10-17 22:50:43
13:16:36,5.6,0.0,311,174160,卖盘,002083,2025-10-17 22:50:43
13:16:39,5.6,0.0,50,28000,卖盘,002083,2025-10-17 22:50:43
13:16:42,5.6,0.0,1100,616000,卖盘,002083,2025-10-17 22:50:43
13:16:45,5.6,0.0,914,511840,卖盘,002083,2025-10-17 22:50:43
13:16:48,5.6,0.0,356,199360,卖盘,002083,2025-10-17 22:50:43
13:16:51,5.6,0.0,210,117600,卖盘,002083,2025-10-17 22:50:43
13:16:54,5.6,0.0,63,35280,卖盘,002083,2025-10-17 22:50:43
13:16:57,5.6,0.0,30,16800,卖盘,002083,2025-10-17 22:50:43
13:17:00,5.6,0.0,4094,2292640,卖盘,002083,2025-10-17 22:50:43
13:17:03,5.6,0.0,87,48720,卖盘,002083,2025-10-17 22:50:43
13:17:06,5.6,0.0,248,138880,卖盘,002083,2025-10-17 22:50:43
13:17:09,5.6,0.0,319,178640,卖盘,002083,2025-10-17 22:50:43
13:17:12,5.6,0.0,40,22400,卖盘,002083,2025-10-17 22:50:43
13:17:15,5.6,0.0,524,293440,卖盘,002083,2025-10-17 22:50:43
13:17:18,5.6,0.0,100,56000,卖盘,002083,2025-10-17 22:50:43
13:17:21,5.6,0.0,233,130480,卖盘,002083,2025-10-17 22:50:43
13:17:24,5.6,0.0,1139,637840,卖盘,002083,2025-10-17 22:50:43
13:17:27,5.6,0.0,85,47600,卖盘,002083,2025-10-17 22:50:43
13:17:30,5.6,0.0,1469,822640,卖盘,002083,2025-10-17 22:50:43
13:17:33,5.6,0.0,110,61600,卖盘,002083,2025-10-17 22:50:43
13:17:36,5.6,0.0,362,202720,卖盘,002083,2025-10-17 22:50:43
13:17:39,5.6,0.0,1285,719600,卖盘,002083,2025-10-17 22:50:43
13:17:42,5.6,0.0,100,56000,卖盘,002083,2025-10-17 22:50:43
13:17:45,5.6,0.0,140,78574,卖盘,002083,2025-10-17 22:50:43
13:17:48,5.6,0.0,391,218960,卖盘,002083,2025-10-17 22:50:43
13:17:51,5.6,0.0,1101,616560,卖盘,002083,2025-10-17 22:50:43
13:17:54,5.6,0.0,1224,685440,卖盘,002083,2025-10-17 22:50:43
13:17:57,5.6,0.0,1589,889840,卖盘,002083,2025-10-17 22:50:43
13:18:00,5.6,0.0,531,297360,卖盘,002083,2025-10-17 22:50:43
13:18:03,5.6,0.0,801,448560,卖盘,002083,2025-10-17 22:50:43
13:18:06,5.6,0.0,116,64960,卖盘,002083,2025-10-17 22:50:43
13:18:09,5.6,0.0,118,66080,卖盘,002083,2025-10-17 22:50:43
13:18:12,5.6,0.0,2330,1304800,卖盘,002083,2025-10-17 22:50:43
13:18:15,5.6,0.0,1806,1011360,卖盘,002083,2025-10-17 22:50:43
13:18:18,5.6,0.0,2222,1244320,卖盘,002083,2025-10-17 22:50:43
13:18:21,5.6,0.0,2500,1400000,卖盘,002083,2025-10-17 22:50:43
13:18:24,5.6,0.0,810,453600,卖盘,002083,2025-10-17 22:50:43
13:18:27,5.6,0.0,3809,2133040,卖盘,002083,2025-10-17 22:50:43
13:18:30,5.6,0.0,1895,1061200,卖盘,002083,2025-10-17 22:50:43
13:18:33,5.6,0.0,1886,1056160,卖盘,002083,2025-10-17 22:50:43
13:18:36,5.6,0.0,4896,2741760,卖盘,002083,2025-10-17 22:50:43
13:18:39,5.6,0.0,2516,1408960,卖盘,002083,2025-10-17 22:50:43
13:18:42,5.6,0.0,1801,1008560,卖盘,002083,2025-10-17 22:50:43
13:18:45,5.6,0.0,1897,1062320,卖盘,002083,2025-10-17 22:50:43
13:18:48,5.6,0.0,756,423360,卖盘,002083,2025-10-17 22:50:43
13:18:51,5.6,0.0,555,310800,卖盘,002083,2025-10-17 22:50:43
13:18:54,5.6,0.0,374,209440,卖盘,002083,2025-10-17 22:50:43
13:18:57,5.6,0.0,900,504000,卖盘,002083,2025-10-17 22:50:43
13:19:00,5.6,0.0,745,417200,卖盘,002083,2025-10-17 22:50:43
13:19:03,5.6,0.0,692,387520,卖盘,002083,2025-10-17 22:50:43
13:19:06,5.6,0.0,1010,565600,卖盘,002083,2025-10-17 22:50:43
13:19:09,5.6,0.0,321,179760,卖盘,002083,2025-10-17 22:50:43
13:19:12,5.6,0.0,730,408800,卖盘,002083,2025-10-17 22:50:43
13:19:15,5.6,0.0,583,326480,卖盘,002083,2025-10-17 22:50:43
13:19:18,5.6,0.0,570,319200,卖盘,002083,2025-10-17 22:50:43
13:19:21,5.6,0.0,1475,826000,卖盘,002083,2025-10-17 22:50:43
13:19:24,5.6,0.0,279,156240,卖盘,002083,2025-10-17 22:50:43
13:19:27,5.6,0.0,278,155680,卖盘,002083,2025-10-17 22:50:43
13:19:30,5.6,0.0,100,56000,卖盘,002083,2025-10-17 22:50:43
13:19:33,5.6,0.0,40,22400,卖盘,002083,2025-10-17 22:50:43
13:19:36,5.6,0.0,352,197120,卖盘,002083,2025-10-17 22:50:43
13:19:39,5.6,0.0,254,142240,卖盘,002083,2025-10-17 22:50:43
13:19:42,5.6,0.0,182,101920,卖盘,002083,2025-10-17 22:50:43
13:19:45,5.6,0.0,73,40880,卖盘,002083,2025-10-17 22:50:43
13:19:48,5.6,0.0,219,122640,卖盘,002083,2025-10-17 22:50:43
13:19:51,5.6,0.0,228,127680,卖盘,002083,2025-10-17 22:50:43
13:19:54,5.6,0.0,310,173600,卖盘,002083,2025-10-17 22:50:43
13:19:57,5.6,0.0,713,399280,卖盘,002083,2025-10-17 22:50:43
13:20:00,5.6,0.0,340,190400,卖盘,002083,2025-10-17 22:50:43
13:20:03,5.6,0.0,300,168000,卖盘,002083,2025-10-17 22:50:43
13:20:06,5.6,0.0,287,160720,卖盘,002083,2025-10-17 22:50:43
13:20:09,5.6,0.0,30,16800,卖盘,002083,2025-10-17 22:50:43
13:20:12,5.6,0.0,98,54880,卖盘,002083,2025-10-17 22:50:43
13:20:15,5.6,0.0,113,63280,卖盘,002083,2025-10-17 22:50:43
13:20:18,5.6,0.0,570,319200,卖盘,002083,2025-10-17 22:50:43
13:20:21,5.6,0.0,116,64960,卖盘,002083,2025-10-17 22:50:43
13:20:24,5.6,0.0,908,508480,卖盘,002083,2025-10-17 22:50:43
13:20:27,5.6,0.0,75,42000,卖盘,002083,2025-10-17 22:50:43
13:20:30,5.6,0.0,939,525840,卖盘,002083,2025-10-17 22:50:43
13:20:33,5.6,0.0,933,522480,卖盘,002083,2025-10-17 22:50:43
13:20:36,5.6,0.0,4820,2699200,卖盘,002083,2025-10-17 22:50:43
13:20:39,5.6,0.0,6426,3598560,卖盘,002083,2025-10-17 22:50:43
13:20:42,5.56,-0.04,10569,5914779,卖盘,002083,2025-10-17 22:50:43
13:20:45,5.6,0.04,8670,4846311,买盘,002083,2025-10-17 22:50:43
13:20:48,5.6,0.0,3133,1754480,卖盘,002083,2025-10-17 22:50:43
13:20:51,5.6,0.0,19,10640,卖盘,002083,2025-10-17 22:50:43
13:20:54,5.6,0.0,318,178080,卖盘,002083,2025-10-17 22:50:43
13:20:57,5.6,0.0,230,128800,卖盘,002083,2025-10-17 22:50:43
13:21:00,5.6,0.0,1,560,卖盘,002083,2025-10-17 22:50:43
13:21:03,5.6,0.0,298,166880,卖盘,002083,2025-10-17 22:50:43
13:21:06,5.6,0.0,635,355600,卖盘,002083,2025-10-17 22:50:43
13:21:09,5.6,0.0,34,19040,卖盘,002083,2025-10-17 22:50:43
13:21:12,5.6,0.0,261,146160,卖盘,002083,2025-10-17 22:50:43
13:21:15,5.6,0.0,65,36400,卖盘,002083,2025-10-17 22:50:43
13:21:18,5.6,0.0,1,560,卖盘,002083,2025-10-17 22:50:43
13:21:21,5.6,0.0,150,84000,卖盘,002083,2025-10-17 22:50:43
13:21:24,5.6,0.0,294,164640,卖盘,002083,2025-10-17 22:50:43
13:21:27,5.6,0.0,33,18480,卖盘,002083,2025-10-17 22:50:43
13:21:30,5.6,0.0,459,257040,卖盘,002083,2025-10-17 22:50:43
13:21:33,5.6,0.0,259,145040,卖盘,002083,2025-10-17 22:50:43
13:21:39,5.6,0.0,138,77280,卖盘,002083,2025-10-17 22:50:43
13:21:42,5.6,0.0,366,204960,卖盘,002083,2025-10-17 22:50:43
13:21:45,5.6,0.0,135,75600,卖盘,002083,2025-10-17 22:50:43
13:21:48,5.6,0.0,1703,953680,卖盘,002083,2025-10-17 22:50:43
13:21:51,5.6,0.0,963,539280,卖盘,002083,2025-10-17 22:50:43
13:21:54,5.6,0.0,2,1120,卖盘,002083,2025-10-17 22:50:43
13:21:57,5.6,0.0,1773,992880,卖盘,002083,2025-10-17 22:50:43
13:22:00,5.6,0.0,10,5600,卖盘,002083,2025-10-17 22:50:43
13:22:03,5.6,0.0,113,63280,卖盘,002083,2025-10-17 22:50:43
13:22:06,5.6,0.0,1804,1010240,卖盘,002083,2025-10-17 22:50:43
13:22:09,5.6,0.0,294,164640,卖盘,002083,2025-10-17 22:50:43
