时间,成交价,价格变动,成交量,成交额,买卖盘性质,股票代码,采集时间
09:25:00,4.84,-0.03,29590,14321560,卖盘,002004,2025-10-17 22:52:17
09:30:00,4.8,-0.04,15250,7363745,卖盘,002004,2025-10-17 22:52:17
09:30:03,4.85,0.05,27884,13438570,买盘,002004,2025-10-17 22:52:17
09:30:06,4.85,0.0,17034,8250396,买盘,002004,2025-10-17 22:52:17
09:30:09,4.85,0.0,4187,2029441,卖盘,002004,2025-10-17 22:52:17
09:30:12,4.84,-0.01,6263,3043859,卖盘,002004,2025-10-17 22:52:17
09:30:15,4.86,0.02,4362,2114229,买盘,002004,2025-10-17 22:52:17
09:30:18,4.88,0.02,4511,2200707,买盘,002004,2025-10-17 22:52:17
09:30:21,4.89,0.01,4146,2029430,买盘,002004,2025-10-17 22:52:17
09:30:24,4.94,0.05,12792,6282517,买盘,002004,2025-10-17 22:52:17
09:30:27,4.96,0.02,6741,3336056,买盘,002004,2025-10-17 22:52:17
09:30:30,4.99,0.03,13157,6547548,买盘,002004,2025-10-17 22:52:17
09:30:33,5.01,0.02,75576,37817785,买盘,002004,2025-10-17 22:52:17
09:30:36,5.01,0.0,1754,878754,卖盘,002004,2025-10-17 22:52:17
09:30:39,5.01,0.0,788,394788,卖盘,002004,2025-10-17 22:52:17
09:30:42,5.01,0.0,1218,610218,卖盘,002004,2025-10-17 22:52:17
09:30:45,5.01,0.0,1665,834165,卖盘,002004,2025-10-17 22:52:17
09:30:48,5.01,0.0,1672,837672,卖盘,002004,2025-10-17 22:52:17
09:30:51,5.01,0.0,1110,556110,卖盘,002004,2025-10-17 22:52:17
09:30:54,5.01,0.0,2035,1019535,卖盘,002004,2025-10-17 22:52:17
09:30:57,5.01,0.0,2302,1153302,卖盘,002004,2025-10-17 22:52:17
09:31:00,5.01,0.0,573,287073,卖盘,002004,2025-10-17 22:52:17
09:31:03,5.01,0.0,11558,5790558,卖盘,002004,2025-10-17 22:52:17
09:31:06,5.01,0.0,1672,837672,卖盘,002004,2025-10-17 22:52:17
09:31:09,5.01,0.0,1668,835668,卖盘,002004,2025-10-17 22:52:17
09:31:12,5.01,0.0,1868,935868,卖盘,002004,2025-10-17 22:52:17
09:31:15,5.01,0.0,863,432363,卖盘,002004,2025-10-17 22:52:17
09:31:18,5.01,0.0,666,333666,卖盘,002004,2025-10-17 22:52:17
09:31:21,5.01,0.0,1186,594186,卖盘,002004,2025-10-17 22:52:17
09:31:24,5.01,0.0,3880,1943880,卖盘,002004,2025-10-17 22:52:17
09:31:27,5.01,0.0,502,251277,卖盘,002004,2025-10-17 22:52:17
09:31:30,5.01,0.0,999,500499,卖盘,002004,2025-10-17 22:52:17
09:31:33,5.01,0.0,362,181362,卖盘,002004,2025-10-17 22:52:17
09:31:36,5.01,0.0,1103,552603,卖盘,002004,2025-10-17 22:52:17
09:31:39,5.01,0.0,868,434868,卖盘,002004,2025-10-17 22:52:17
09:31:42,5.01,0.0,2336,1170336,卖盘,002004,2025-10-17 22:52:17
09:31:45,5.01,0.0,561,281061,卖盘,002004,2025-10-17 22:52:17
09:31:48,5.01,0.0,1545,774045,卖盘,002004,2025-10-17 22:52:17
09:31:51,5.01,0.0,1111,556611,卖盘,002004,2025-10-17 22:52:17
09:31:54,5.01,0.0,1370,686370,卖盘,002004,2025-10-17 22:52:17
09:31:57,5.01,0.0,729,365229,卖盘,002004,2025-10-17 22:52:17
09:32:00,5.01,0.0,140,70140,卖盘,002004,2025-10-17 22:52:17
09:32:03,5.01,0.0,593,297093,卖盘,002004,2025-10-17 22:52:17
09:32:06,5.01,0.0,450,225450,卖盘,002004,2025-10-17 22:52:17
09:32:09,5.01,0.0,1579,791079,卖盘,002004,2025-10-17 22:52:17
09:32:12,5.01,0.0,382,191382,卖盘,002004,2025-10-17 22:52:17
09:32:15,5.01,0.0,679,340179,卖盘,002004,2025-10-17 22:52:17
09:32:18,5.01,0.0,71,35571,卖盘,002004,2025-10-17 22:52:17
09:32:21,5.01,0.0,317,158817,卖盘,002004,2025-10-17 22:52:17
09:32:24,5.01,0.0,93,46593,卖盘,002004,2025-10-17 22:52:17
09:32:27,5.01,0.0,865,433365,卖盘,002004,2025-10-17 22:52:17
09:32:30,5.01,0.0,385,192885,卖盘,002004,2025-10-17 22:52:17
09:32:33,5.01,0.0,474,237474,卖盘,002004,2025-10-17 22:52:17
09:32:36,5.01,0.0,393,196893,卖盘,002004,2025-10-17 22:52:17
09:32:39,5.01,0.0,367,183867,卖盘,002004,2025-10-17 22:52:17
09:32:42,5.01,0.0,323,161823,卖盘,002004,2025-10-17 22:52:17
09:32:45,5.01,0.0,1125,563625,卖盘,002004,2025-10-17 22:52:17
09:32:48,5.01,0.0,568,284568,卖盘,002004,2025-10-17 22:52:17
09:32:51,5.01,0.0,236,118236,卖盘,002004,2025-10-17 22:52:17
09:32:54,5.01,0.0,1172,587172,卖盘,002004,2025-10-17 22:52:17
09:32:57,5.01,0.0,218,109218,卖盘,002004,2025-10-17 22:52:17
09:33:00,5.01,0.0,14854,7441854,卖盘,002004,2025-10-17 22:52:17
09:33:03,5.01,0.0,931,466431,卖盘,002004,2025-10-17 22:52:17
09:33:06,5.01,0.0,3207,1606707,卖盘,002004,2025-10-17 22:52:17
09:33:09,5.01,0.0,3284,1645284,卖盘,002004,2025-10-17 22:52:17
09:33:12,5.01,0.0,4361,2184861,卖盘,002004,2025-10-17 22:52:17
09:33:15,5.01,0.0,2287,1145787,卖盘,002004,2025-10-17 22:52:17
09:33:18,5.01,0.0,8311,4163811,卖盘,002004,2025-10-17 22:52:17
09:33:21,5.01,0.0,6891,3452391,卖盘,002004,2025-10-17 22:52:17
09:33:24,5.01,0.0,5875,2943375,卖盘,002004,2025-10-17 22:52:17
09:33:27,5.01,0.0,8413,4214913,卖盘,002004,2025-10-17 22:52:17
09:33:30,5.01,0.0,4189,2098689,卖盘,002004,2025-10-17 22:52:17
09:33:33,5.01,0.0,11137,5579462,卖盘,002004,2025-10-17 22:52:17
09:33:36,5.01,0.0,8599,4308099,卖盘,002004,2025-10-17 22:52:17
09:33:39,5.01,0.0,1151,576651,卖盘,002004,2025-10-17 22:52:17
09:33:42,5.01,0.0,2730,1367805,卖盘,002004,2025-10-17 22:52:17
09:33:45,5.01,0.0,1465,733965,卖盘,002004,2025-10-17 22:52:17
09:33:48,5.01,0.0,1591,797091,卖盘,002004,2025-10-17 22:52:17
09:33:51,5.01,0.0,2404,1204404,卖盘,002004,2025-10-17 22:52:17
09:33:54,5.01,0.0,684,342684,卖盘,002004,2025-10-17 22:52:17
09:33:57,5.01,0.0,321,160821,卖盘,002004,2025-10-17 22:52:17
09:34:00,5.01,0.0,588,294588,卖盘,002004,2025-10-17 22:52:17
09:34:03,5.01,0.0,786,393786,卖盘,002004,2025-10-17 22:52:17
09:34:06,5.01,0.0,1074,538074,卖盘,002004,2025-10-17 22:52:17
09:34:09,5.01,0.0,1851,927351,卖盘,002004,2025-10-17 22:52:17
09:34:12,5.01,0.0,427,213927,卖盘,002004,2025-10-17 22:52:17
09:34:15,5.01,0.0,583,292083,卖盘,002004,2025-10-17 22:52:17
09:34:18,5.01,0.0,355,177855,卖盘,002004,2025-10-17 22:52:17
09:34:21,5.01,0.0,928,464928,卖盘,002004,2025-10-17 22:52:17
09:34:24,5.01,0.0,631,316131,卖盘,002004,2025-10-17 22:52:17
09:34:27,5.01,0.0,698,349698,卖盘,002004,2025-10-17 22:52:17
09:34:30,5.01,0.0,211,105711,卖盘,002004,2025-10-17 22:52:17
09:34:33,5.01,0.0,897,449397,卖盘,002004,2025-10-17 22:52:17
09:34:36,5.01,0.0,235,117735,卖盘,002004,2025-10-17 22:52:17
09:34:39,5.01,0.0,115,57615,卖盘,002004,2025-10-17 22:52:17
09:34:42,5.01,0.0,331,165831,卖盘,002004,2025-10-17 22:52:17
09:34:45,5.01,0.0,2580,1292580,卖盘,002004,2025-10-17 22:52:17
09:34:48,5.01,0.0,403,201903,卖盘,002004,2025-10-17 22:52:17
09:34:51,5.01,0.0,190,95190,卖盘,002004,2025-10-17 22:52:17
09:34:54,5.01,0.0,557,279057,卖盘,002004,2025-10-17 22:52:17
09:34:57,5.01,0.0,357,178857,卖盘,002004,2025-10-17 22:52:17
09:35:00,5.01,0.0,186,93186,卖盘,002004,2025-10-17 22:52:17
09:35:03,5.01,0.0,54,27054,卖盘,002004,2025-10-17 22:52:17
09:35:06,5.01,0.0,162,81162,卖盘,002004,2025-10-17 22:52:17
09:35:09,5.01,0.0,179,89679,卖盘,002004,2025-10-17 22:52:17
09:35:12,5.01,0.0,213,106713,卖盘,002004,2025-10-17 22:52:17
09:35:15,5.01,0.0,78,39078,卖盘,002004,2025-10-17 22:52:17
09:35:18,5.01,0.0,411,205911,卖盘,002004,2025-10-17 22:52:17
09:35:21,5.01,0.0,255,127755,卖盘,002004,2025-10-17 22:52:17
09:35:24,5.01,0.0,504,252504,卖盘,002004,2025-10-17 22:52:17
09:35:27,5.01,0.0,131,65631,卖盘,002004,2025-10-17 22:52:17
09:35:30,5.01,0.0,158,79158,卖盘,002004,2025-10-17 22:52:17
09:35:33,5.01,0.0,158,79158,卖盘,002004,2025-10-17 22:52:17
09:35:36,5.01,0.0,135,67635,卖盘,002004,2025-10-17 22:52:17
09:35:39,5.01,0.0,1499,750999,卖盘,002004,2025-10-17 22:52:17
09:35:42,5.01,0.0,652,326652,卖盘,002004,2025-10-17 22:52:17
09:35:45,5.01,0.0,39,19539,卖盘,002004,2025-10-17 22:52:17
09:35:48,5.01,0.0,194,97194,卖盘,002004,2025-10-17 22:52:17
09:35:51,5.01,0.0,73,36573,卖盘,002004,2025-10-17 22:52:17
09:35:54,5.01,0.0,201,100701,卖盘,002004,2025-10-17 22:52:17
09:35:57,5.01,0.0,311,155811,卖盘,002004,2025-10-17 22:52:17
09:36:00,5.01,0.0,7,3507,卖盘,002004,2025-10-17 22:52:17
09:36:03,5.01,0.0,235,117735,卖盘,002004,2025-10-17 22:52:17
09:36:06,5.01,0.0,228,114228,卖盘,002004,2025-10-17 22:52:17
09:36:09,5.01,0.0,143,71643,卖盘,002004,2025-10-17 22:52:17
09:36:12,5.01,0.0,86,43086,卖盘,002004,2025-10-17 22:52:17
09:36:15,5.01,0.0,335,167835,卖盘,002004,2025-10-17 22:52:17
09:36:18,5.01,0.0,83,41583,卖盘,002004,2025-10-17 22:52:17
09:36:21,5.01,0.0,313,156813,卖盘,002004,2025-10-17 22:52:17
09:36:24,5.01,0.0,223,111723,卖盘,002004,2025-10-17 22:52:17
09:36:27,5.01,0.0,220,110220,卖盘,002004,2025-10-17 22:52:17
09:36:30,5.01,0.0,3361,1683861,卖盘,002004,2025-10-17 22:52:17
09:36:33,5.01,0.0,39,19539,卖盘,002004,2025-10-17 22:52:17
09:36:36,5.01,0.0,112,56112,卖盘,002004,2025-10-17 22:52:17
09:36:39,5.01,0.0,110,55110,卖盘,002004,2025-10-17 22:52:17
09:36:42,5.01,0.0,214,107214,卖盘,002004,2025-10-17 22:52:17
09:36:45,5.01,0.0,203,101703,卖盘,002004,2025-10-17 22:52:17
09:36:48,5.01,0.0,376,188376,卖盘,002004,2025-10-17 22:52:17
09:36:51,5.01,0.0,200,100200,卖盘,002004,2025-10-17 22:52:17
09:36:54,5.01,0.0,322,161322,卖盘,002004,2025-10-17 22:52:17
09:36:57,5.01,0.0,66,33066,卖盘,002004,2025-10-17 22:52:17
09:37:00,5.01,0.0,101,50601,卖盘,002004,2025-10-17 22:52:17
09:37:03,5.01,0.0,326,163326,卖盘,002004,2025-10-17 22:52:17
09:37:06,5.01,0.0,210,105210,卖盘,002004,2025-10-17 22:52:17
09:37:09,5.01,0.0,210,105210,卖盘,002004,2025-10-17 22:52:17
09:37:12,5.01,0.0,178,89178,卖盘,002004,2025-10-17 22:52:17
09:37:15,5.01,0.0,110,55110,卖盘,002004,2025-10-17 22:52:17
09:37:18,5.01,0.0,271,135771,卖盘,002004,2025-10-17 22:52:17
09:37:21,5.01,0.0,45,22545,卖盘,002004,2025-10-17 22:52:17
09:37:24,5.01,0.0,22,11022,卖盘,002004,2025-10-17 22:52:17
09:37:27,5.01,0.0,545,273045,卖盘,002004,2025-10-17 22:52:17
09:37:30,5.01,0.0,236,118236,卖盘,002004,2025-10-17 22:52:17
09:37:33,5.01,0.0,239,119739,卖盘,002004,2025-10-17 22:52:17
09:37:36,5.01,0.0,184,92184,卖盘,002004,2025-10-17 22:52:17
09:37:39,5.01,0.0,309,154809,卖盘,002004,2025-10-17 22:52:17
09:37:42,5.01,0.0,166,83166,卖盘,002004,2025-10-17 22:52:17
09:37:45,5.01,0.0,73,36573,卖盘,002004,2025-10-17 22:52:17
09:37:48,5.01,0.0,34,17034,卖盘,002004,2025-10-17 22:52:17
09:37:51,5.01,0.0,24,12024,卖盘,002004,2025-10-17 22:52:17
09:37:54,5.01,0.0,82,41082,卖盘,002004,2025-10-17 22:52:17
09:37:57,5.01,0.0,50,25050,卖盘,002004,2025-10-17 22:52:17
09:38:00,5.01,0.0,65,32565,卖盘,002004,2025-10-17 22:52:17
09:38:03,5.01,0.0,170,85170,卖盘,002004,2025-10-17 22:52:17
09:38:06,5.01,0.0,35,17535,卖盘,002004,2025-10-17 22:52:17
09:38:09,5.01,0.0,74,37074,卖盘,002004,2025-10-17 22:52:17
09:38:12,5.01,0.0,423,211923,卖盘,002004,2025-10-17 22:52:17
09:38:15,5.01,0.0,90,45090,卖盘,002004,2025-10-17 22:52:17
09:38:18,5.01,0.0,78,39078,卖盘,002004,2025-10-17 22:52:17
09:38:24,5.01,0.0,225,112725,卖盘,002004,2025-10-17 22:52:17
09:38:27,5.01,0.0,601,301101,卖盘,002004,2025-10-17 22:52:17
09:38:30,5.01,0.0,248,124248,卖盘,002004,2025-10-17 22:52:17
09:38:33,5.01,0.0,97,48597,卖盘,002004,2025-10-17 22:52:17
09:38:36,5.01,0.0,65,32565,卖盘,002004,2025-10-17 22:52:17
09:38:39,5.01,0.0,13,6513,卖盘,002004,2025-10-17 22:52:17
09:38:42,5.01,0.0,1153,577653,卖盘,002004,2025-10-17 22:52:17
09:38:45,5.01,0.0,313,156813,卖盘,002004,2025-10-17 22:52:17
09:38:48,5.01,0.0,51,25551,卖盘,002004,2025-10-17 22:52:17
09:38:51,5.01,0.0,120,60120,卖盘,002004,2025-10-17 22:52:17
09:38:54,5.01,0.0,535,267815,卖盘,002004,2025-10-17 22:52:17
09:38:57,5.01,0.0,567,284067,卖盘,002004,2025-10-17 22:52:17
09:39:00,5.01,0.0,60,30060,卖盘,002004,2025-10-17 22:52:17
09:39:03,5.01,0.0,185,92685,卖盘,002004,2025-10-17 22:52:17
09:39:06,5.01,0.0,22,11022,卖盘,002004,2025-10-17 22:52:17
09:39:09,5.01,0.0,13,6513,卖盘,002004,2025-10-17 22:52:17
09:39:12,5.01,0.0,612,306612,卖盘,002004,2025-10-17 22:52:17
09:39:15,5.01,0.0,56,28056,卖盘,002004,2025-10-17 22:52:17
09:39:18,5.01,0.0,52,26052,卖盘,002004,2025-10-17 22:52:17
09:39:21,5.01,0.0,12,6012,卖盘,002004,2025-10-17 22:52:17
09:39:24,5.01,0.0,13,6513,卖盘,002004,2025-10-17 22:52:17
09:39:27,5.01,0.0,388,194388,卖盘,002004,2025-10-17 22:52:17
09:39:30,5.01,0.0,52,26052,卖盘,002004,2025-10-17 22:52:17
09:39:33,5.01,0.0,6,3006,卖盘,002004,2025-10-17 22:52:17
09:39:36,5.01,0.0,42,21042,卖盘,002004,2025-10-17 22:52:17
09:39:39,5.01,0.0,28,14028,卖盘,002004,2025-10-17 22:52:17
09:39:42,5.01,0.0,116,58116,卖盘,002004,2025-10-17 22:52:17
09:39:45,5.01,0.0,71,35571,卖盘,002004,2025-10-17 22:52:17
09:39:48,5.01,0.0,83,41583,卖盘,002004,2025-10-17 22:52:17
09:39:51,5.01,0.0,92,46092,卖盘,002004,2025-10-17 22:52:17
09:39:54,5.01,0.0,90,45090,卖盘,002004,2025-10-17 22:52:17
09:39:57,5.01,0.0,55,27555,卖盘,002004,2025-10-17 22:52:17
09:40:00,5.01,0.0,111,55611,卖盘,002004,2025-10-17 22:52:17
09:40:03,5.01,0.0,48,24048,卖盘,002004,2025-10-17 22:52:17
09:40:06,5.01,0.0,64,32064,卖盘,002004,2025-10-17 22:52:17
09:40:09,5.01,0.0,20,10020,卖盘,002004,2025-10-17 22:52:17
09:40:12,5.01,0.0,299,149799,卖盘,002004,2025-10-17 22:52:17
09:40:15,5.01,0.0,42,21042,卖盘,002004,2025-10-17 22:52:17
09:40:18,5.01,0.0,142,71142,卖盘,002004,2025-10-17 22:52:17
09:40:21,5.01,0.0,111,55611,卖盘,002004,2025-10-17 22:52:17
09:40:24,5.01,0.0,1,501,卖盘,002004,2025-10-17 22:52:17
09:40:27,5.01,0.0,13,6513,卖盘,002004,2025-10-17 22:52:17
09:40:30,5.01,0.0,180,90180,卖盘,002004,2025-10-17 22:52:17
09:40:33,5.01,0.0,264,132264,卖盘,002004,2025-10-17 22:52:17
09:40:36,5.01,0.0,130,65130,卖盘,002004,2025-10-17 22:52:17
09:40:39,5.01,0.0,906,453906,卖盘,002004,2025-10-17 22:52:17
09:40:42,5.01,0.0,71,35571,卖盘,002004,2025-10-17 22:52:17
09:40:45,5.01,0.0,108,54108,卖盘,002004,2025-10-17 22:52:17
09:40:48,5.01,0.0,379,189879,卖盘,002004,2025-10-17 22:52:17
09:40:51,5.01,0.0,163,81663,卖盘,002004,2025-10-17 22:52:17
09:40:54,5.01,0.0,16,8016,卖盘,002004,2025-10-17 22:52:17
09:40:57,5.01,0.0,418,209418,卖盘,002004,2025-10-17 22:52:17
09:41:00,5.01,0.0,52,26052,卖盘,002004,2025-10-17 22:52:17
09:41:03,5.01,0.0,85,42585,卖盘,002004,2025-10-17 22:52:17
09:41:06,5.01,0.0,153,76653,卖盘,002004,2025-10-17 22:52:17
09:41:09,5.01,0.0,189,94689,卖盘,002004,2025-10-17 22:52:17
09:41:12,5.01,0.0,203,101703,卖盘,002004,2025-10-17 22:52:17
09:41:15,5.01,0.0,112,56112,卖盘,002004,2025-10-17 22:52:17
09:41:18,5.01,0.0,5,2505,卖盘,002004,2025-10-17 22:52:17
09:41:21,5.01,0.0,2,1002,卖盘,002004,2025-10-17 22:52:17
09:41:27,5.01,0.0,91,45591,卖盘,002004,2025-10-17 22:52:17
09:41:30,5.01,0.0,94,47094,卖盘,002004,2025-10-17 22:52:17
09:41:33,5.01,0.0,58,29058,卖盘,002004,2025-10-17 22:52:17
09:41:36,5.01,0.0,20,10020,卖盘,002004,2025-10-17 22:52:17
09:41:39,5.01,0.0,121,60621,卖盘,002004,2025-10-17 22:52:17
09:41:42,5.01,0.0,31,15531,卖盘,002004,2025-10-17 22:52:17
09:41:45,5.01,0.0,135,67635,卖盘,002004,2025-10-17 22:52:17
09:41:48,5.01,0.0,50,25050,卖盘,002004,2025-10-17 22:52:17
09:41:51,5.01,0.0,30,15030,卖盘,002004,2025-10-17 22:52:17
09:41:54,5.01,0.0,359,179859,卖盘,002004,2025-10-17 22:52:17
09:41:57,5.01,0.0,129,64629,卖盘,002004,2025-10-17 22:52:17
09:42:00,5.01,0.0,372,186372,卖盘,002004,2025-10-17 22:52:17
09:42:03,5.01,0.0,32,16032,卖盘,002004,2025-10-17 22:52:17
09:42:06,5.01,0.0,70,35070,卖盘,002004,2025-10-17 22:52:17
09:42:09,5.01,0.0,20,10020,卖盘,002004,2025-10-17 22:52:17
09:42:12,5.01,0.0,20,10020,卖盘,002004,2025-10-17 22:52:17
09:42:15,5.01,0.0,6,3006,卖盘,002004,2025-10-17 22:52:17
09:42:18,5.01,0.0,301,150801,卖盘,002004,2025-10-17 22:52:17
09:42:21,5.01,0.0,8,4008,卖盘,002004,2025-10-17 22:52:17
09:42:24,5.01,0.0,143,71643,卖盘,002004,2025-10-17 22:52:17
09:42:27,5.01,0.0,175,87675,卖盘,002004,2025-10-17 22:52:17
09:42:30,5.01,0.0,9,4509,卖盘,002004,2025-10-17 22:52:17
09:42:33,5.01,0.0,37,18537,卖盘,002004,2025-10-17 22:52:17
09:42:36,5.01,0.0,169,84669,卖盘,002004,2025-10-17 22:52:17
09:42:39,5.01,0.0,61,30561,卖盘,002004,2025-10-17 22:52:17
09:42:42,5.01,0.0,134,67134,卖盘,002004,2025-10-17 22:52:17
09:42:45,5.01,0.0,40,20040,卖盘,002004,2025-10-17 22:52:17
09:42:48,5.01,0.0,1,501,卖盘,002004,2025-10-17 22:52:17
09:42:51,5.01,0.0,20,10020,卖盘,002004,2025-10-17 22:52:17
09:42:57,5.01,0.0,52,26052,卖盘,002004,2025-10-17 22:52:17
09:43:00,5.01,0.0,8,4008,卖盘,002004,2025-10-17 22:52:17
09:43:03,5.01,0.0,175,87675,卖盘,002004,2025-10-17 22:52:17
09:43:06,5.01,0.0,141,70641,卖盘,002004,2025-10-17 22:52:17
09:43:09,5.01,0.0,144,72144,卖盘,002004,2025-10-17 22:52:17
09:43:12,5.01,0.0,280,140280,卖盘,002004,2025-10-17 22:52:17
09:43:15,5.01,0.0,11,5511,卖盘,002004,2025-10-17 22:52:17
09:43:18,5.01,0.0,253,126753,卖盘,002004,2025-10-17 22:52:17
09:43:21,5.01,0.0,10,5010,卖盘,002004,2025-10-17 22:52:17
09:43:24,5.01,0.0,159,79659,卖盘,002004,2025-10-17 22:52:17
09:43:27,5.01,0.0,50,25050,卖盘,002004,2025-10-17 22:52:17
09:43:30,5.01,0.0,215,107715,卖盘,002004,2025-10-17 22:52:17
09:43:33,5.01,0.0,152,76152,卖盘,002004,2025-10-17 22:52:17
09:43:36,5.01,0.0,100,50100,卖盘,002004,2025-10-17 22:52:17
09:43:39,5.01,0.0,100,50100,卖盘,002004,2025-10-17 22:52:17
09:43:42,5.01,0.0,264,132264,卖盘,002004,2025-10-17 22:52:17
09:43:45,5.01,0.0,115,57615,卖盘,002004,2025-10-17 22:52:17
09:43:48,5.01,0.0,188,94188,卖盘,002004,2025-10-17 22:52:17
09:43:51,5.01,0.0,360,180360,卖盘,002004,2025-10-17 22:52:17
09:43:54,5.01,0.0,35,17535,卖盘,002004,2025-10-17 22:52:17
09:43:57,5.01,0.0,289,144789,卖盘,002004,2025-10-17 22:52:17
09:44:00,5.01,0.0,35,17535,卖盘,002004,2025-10-17 22:52:17
09:44:03,5.01,0.0,30,15030,卖盘,002004,2025-10-17 22:52:17
09:44:06,5.01,0.0,133,66633,卖盘,002004,2025-10-17 22:52:17
09:44:09,5.01,0.0,105,52605,卖盘,002004,2025-10-17 22:52:17
09:44:12,5.01,0.0,213,106713,卖盘,002004,2025-10-17 22:52:17
09:44:15,5.01,0.0,124,62124,卖盘,002004,2025-10-17 22:52:17
09:44:21,5.01,0.0,58,29058,卖盘,002004,2025-10-17 22:52:17
09:44:24,5.01,0.0,30,15030,卖盘,002004,2025-10-17 22:52:17
09:44:27,5.01,0.0,49,24549,卖盘,002004,2025-10-17 22:52:17
09:44:30,5.01,0.0,21,10521,卖盘,002004,2025-10-17 22:52:17
09:44:33,5.01,0.0,64,32064,卖盘,002004,2025-10-17 22:52:17
09:44:36,5.01,0.0,5,2505,卖盘,002004,2025-10-17 22:52:17
09:44:39,5.01,0.0,77,38577,卖盘,002004,2025-10-17 22:52:17
09:44:42,5.01,0.0,211,105711,卖盘,002004,2025-10-17 22:52:17
09:44:45,5.01,0.0,119,59619,卖盘,002004,2025-10-17 22:52:17
09:44:48,5.01,0.0,10,5010,卖盘,002004,2025-10-17 22:52:17
09:44:51,5.01,0.0,52,26052,卖盘,002004,2025-10-17 22:52:17
09:44:54,5.01,0.0,7,3507,卖盘,002004,2025-10-17 22:52:17
09:44:57,5.01,0.0,105,52605,卖盘,002004,2025-10-17 22:52:17
09:45:00,5.01,0.0,20,10020,卖盘,002004,2025-10-17 22:52:17
09:45:03,5.01,0.0,73,36573,卖盘,002004,2025-10-17 22:52:17
09:45:06,5.01,0.0,333,166833,卖盘,002004,2025-10-17 22:52:17
09:45:09,5.01,0.0,175,87675,卖盘,002004,2025-10-17 22:52:17
09:45:12,5.01,0.0,126,63126,卖盘,002004,2025-10-17 22:52:17
09:45:15,5.01,0.0,20,10020,卖盘,002004,2025-10-17 22:52:17
09:45:18,5.01,0.0,30,15030,卖盘,002004,2025-10-17 22:52:17
09:45:21,5.01,0.0,111,55611,卖盘,002004,2025-10-17 22:52:17
09:45:24,5.01,0.0,210,105210,卖盘,002004,2025-10-17 22:52:17
09:45:27,5.01,0.0,6,3006,卖盘,002004,2025-10-17 22:52:17
09:45:30,5.01,0.0,50,25050,卖盘,002004,2025-10-17 22:52:17
09:45:36,5.01,0.0,431,215931,卖盘,002004,2025-10-17 22:52:17
09:45:39,5.01,0.0,149,74649,卖盘,002004,2025-10-17 22:52:17
09:45:42,5.01,0.0,93,46593,卖盘,002004,2025-10-17 22:52:17
09:45:45,5.01,0.0,5,2505,卖盘,002004,2025-10-17 22:52:17
09:45:48,5.01,0.0,226,113226,卖盘,002004,2025-10-17 22:52:17
09:45:51,5.01,0.0,2,1002,卖盘,002004,2025-10-17 22:52:17
09:45:54,5.01,0.0,123,61623,卖盘,002004,2025-10-17 22:52:17
09:45:57,5.01,0.0,5,2505,卖盘,002004,2025-10-17 22:52:17
09:46:00,5.01,0.0,70,35070,卖盘,002004,2025-10-17 22:52:17
09:46:03,5.01,0.0,610,305610,卖盘,002004,2025-10-17 22:52:17
09:46:06,5.01,0.0,11,5511,卖盘,002004,2025-10-17 22:52:17
09:46:09,5.01,0.0,22,11022,卖盘,002004,2025-10-17 22:52:17
09:46:12,5.01,0.0,110,55110,卖盘,002004,2025-10-17 22:52:17
09:46:21,5.01,0.0,84,42084,卖盘,002004,2025-10-17 22:52:17
09:46:24,5.01,0.0,20,10020,卖盘,002004,2025-10-17 22:52:17
09:46:27,5.01,0.0,363,181863,卖盘,002004,2025-10-17 22:52:17
09:46:30,5.01,0.0,46,23046,卖盘,002004,2025-10-17 22:52:17
09:46:33,5.01,0.0,155,77655,卖盘,002004,2025-10-17 22:52:17
09:46:36,5.01,0.0,316,158316,卖盘,002004,2025-10-17 22:52:17
09:46:39,5.01,0.0,14,7014,卖盘,002004,2025-10-17 22:52:17
09:46:42,5.01,0.0,181,90681,卖盘,002004,2025-10-17 22:52:17
09:46:45,5.01,0.0,30,15030,卖盘,002004,2025-10-17 22:52:17
09:46:48,5.01,0.0,35,17535,卖盘,002004,2025-10-17 22:52:17
09:46:51,5.01,0.0,60,30060,卖盘,002004,2025-10-17 22:52:17
09:46:54,5.01,0.0,46,23046,卖盘,002004,2025-10-17 22:52:17
09:47:00,5.01,0.0,10,5010,卖盘,002004,2025-10-17 22:52:17
09:47:03,5.01,0.0,30,15030,卖盘,002004,2025-10-17 22:52:17
09:47:06,5.01,0.0,1034,518034,卖盘,002004,2025-10-17 22:52:17
09:47:09,5.01,0.0,47,23547,卖盘,002004,2025-10-17 22:52:17
09:47:12,5.01,0.0,98,49098,卖盘,002004,2025-10-17 22:52:17
09:47:15,5.01,0.0,36,18036,卖盘,002004,2025-10-17 22:52:17
09:47:18,5.01,0.0,244,122244,卖盘,002004,2025-10-17 22:52:17
09:47:21,5.01,0.0,63,31563,卖盘,002004,2025-10-17 22:52:17
09:47:24,5.01,0.0,354,177354,卖盘,002004,2025-10-17 22:52:17
09:47:27,5.01,0.0,11,5511,卖盘,002004,2025-10-17 22:52:17
09:47:33,5.01,0.0,10,5010,卖盘,002004,2025-10-17 22:52:17
09:47:36,5.01,0.0,90,45090,卖盘,002004,2025-10-17 22:52:17
09:47:42,5.01,0.0,80,40080,卖盘,002004,2025-10-17 22:52:17
09:47:45,5.01,0.0,6,3006,卖盘,002004,2025-10-17 22:52:17
09:47:48,5.01,0.0,130,65130,卖盘,002004,2025-10-17 22:52:17
09:47:51,5.01,0.0,21,10521,卖盘,002004,2025-10-17 22:52:17
09:47:57,5.01,0.0,93,46593,卖盘,002004,2025-10-17 22:52:17
09:48:03,5.01,0.0,30,15030,卖盘,002004,2025-10-17 22:52:17
09:48:06,5.01,0.0,58,29058,卖盘,002004,2025-10-17 22:52:17
09:48:09,5.01,0.0,48,24048,卖盘,002004,2025-10-17 22:52:17
09:48:12,5.01,0.0,200,100200,卖盘,002004,2025-10-17 22:52:17
09:48:15,5.01,0.0,1,501,卖盘,002004,2025-10-17 22:52:17
09:48:18,5.01,0.0,3,1503,卖盘,002004,2025-10-17 22:52:17
09:48:21,5.01,0.0,6,3006,卖盘,002004,2025-10-17 22:52:17
09:48:27,5.01,0.0,66,33066,卖盘,002004,2025-10-17 22:52:17
09:48:30,5.01,0.0,134,67134,卖盘,002004,2025-10-17 22:52:17
09:48:33,5.01,0.0,1,501,卖盘,002004,2025-10-17 22:52:17
09:48:39,5.01,0.0,2,1002,卖盘,002004,2025-10-17 22:52:17
09:48:42,5.01,0.0,5,2505,卖盘,002004,2025-10-17 22:52:17
09:48:48,5.01,0.0,153,76653,卖盘,002004,2025-10-17 22:52:17
09:48:51,5.01,0.0,98,49098,卖盘,002004,2025-10-17 22:52:17
09:48:57,5.01,0.0,19,9519,卖盘,002004,2025-10-17 22:52:17
09:49:00,5.01,0.0,43,21543,卖盘,002004,2025-10-17 22:52:17
09:49:03,5.01,0.0,21,10521,卖盘,002004,2025-10-17 22:52:17
09:49:06,5.01,0.0,45,22545,卖盘,002004,2025-10-17 22:52:17
09:49:09,5.01,0.0,183,91683,卖盘,002004,2025-10-17 22:52:17
09:49:12,5.01,0.0,46,23046,卖盘,002004,2025-10-17 22:52:17
09:49:15,5.01,0.0,9,4509,卖盘,002004,2025-10-17 22:52:17
09:49:18,5.01,0.0,15,7515,卖盘,002004,2025-10-17 22:52:17
09:49:21,5.01,0.0,12,6012,卖盘,002004,2025-10-17 22:52:17
09:49:24,5.01,0.0,41,20541,卖盘,002004,2025-10-17 22:52:17
09:49:27,5.01,0.0,120,60120,卖盘,002004,2025-10-17 22:52:17
09:49:30,5.01,0.0,74,37074,卖盘,002004,2025-10-17 22:52:17
09:49:33,5.01,0.0,115,57615,卖盘,002004,2025-10-17 22:52:17
09:49:36,5.01,0.0,146,73146,卖盘,002004,2025-10-17 22:52:17
09:49:39,5.01,0.0,30,15030,卖盘,002004,2025-10-17 22:52:17
09:49:42,5.01,0.0,41,20541,卖盘,002004,2025-10-17 22:52:17
09:49:45,5.01,0.0,15,7515,卖盘,002004,2025-10-17 22:52:17
09:49:48,5.01,0.0,23,11523,卖盘,002004,2025-10-17 22:52:17
09:49:51,5.01,0.0,29,14529,卖盘,002004,2025-10-17 22:52:17
09:49:54,5.01,0.0,40,20040,卖盘,002004,2025-10-17 22:52:17
09:49:57,5.01,0.0,58,29058,卖盘,002004,2025-10-17 22:52:17
09:50:00,5.01,0.0,1,501,卖盘,002004,2025-10-17 22:52:17
09:50:03,5.01,0.0,3,1503,卖盘,002004,2025-10-17 22:52:17
09:50:06,5.01,0.0,100,50100,卖盘,002004,2025-10-17 22:52:17
09:50:09,5.01,0.0,23,11523,卖盘,002004,2025-10-17 22:52:17
09:50:12,5.01,0.0,69,34569,卖盘,002004,2025-10-17 22:52:17
09:50:15,5.01,0.0,1047,524547,卖盘,002004,2025-10-17 22:52:17
09:50:18,5.01,0.0,202,101202,卖盘,002004,2025-10-17 22:52:17
09:50:21,5.01,0.0,11,5511,卖盘,002004,2025-10-17 22:52:17
09:50:24,5.01,0.0,24,12024,卖盘,002004,2025-10-17 22:52:17
09:50:27,5.01,0.0,120,60120,卖盘,002004,2025-10-17 22:52:17
09:50:30,5.01,0.0,77,38577,卖盘,002004,2025-10-17 22:52:17
09:50:33,5.01,0.0,15,7515,卖盘,002004,2025-10-17 22:52:17
09:50:36,5.01,0.0,414,207414,卖盘,002004,2025-10-17 22:52:17
09:50:39,5.01,0.0,53,26553,卖盘,002004,2025-10-17 22:52:17
09:50:42,5.01,0.0,23,11523,卖盘,002004,2025-10-17 22:52:17
09:50:48,5.01,0.0,55,27555,卖盘,002004,2025-10-17 22:52:17
09:50:51,5.01,0.0,90,45090,卖盘,002004,2025-10-17 22:52:17
09:50:54,5.01,0.0,9,4509,卖盘,002004,2025-10-17 22:52:17
09:50:57,5.01,0.0,203,101703,卖盘,002004,2025-10-17 22:52:17
09:51:00,5.01,0.0,313,156813,卖盘,002004,2025-10-17 22:52:17
09:51:03,5.01,0.0,8,4008,卖盘,002004,2025-10-17 22:52:17
09:51:06,5.01,0.0,6,3006,卖盘,002004,2025-10-17 22:52:17
09:51:09,5.01,0.0,247,123747,卖盘,002004,2025-10-17 22:52:17
09:51:12,5.01,0.0,65,32565,卖盘,002004,2025-10-17 22:52:17
09:51:15,5.01,0.0,1,501,卖盘,002004,2025-10-17 22:52:17
09:51:18,5.01,0.0,151,75651,卖盘,002004,2025-10-17 22:52:17
09:51:21,5.01,0.0,60,30060,卖盘,002004,2025-10-17 22:52:17
09:51:24,5.01,0.0,110,55110,卖盘,002004,2025-10-17 22:52:17
09:51:27,5.01,0.0,1503,753003,卖盘,002004,2025-10-17 22:52:17
09:51:30,5.01,0.0,152,76152,卖盘,002004,2025-10-17 22:52:17
09:51:33,5.01,0.0,597,299097,卖盘,002004,2025-10-17 22:52:17
09:51:36,5.01,0.0,83,41583,卖盘,002004,2025-10-17 22:52:17
09:51:39,5.01,0.0,174,87174,卖盘,002004,2025-10-17 22:52:17
09:51:42,5.01,0.0,1125,563625,卖盘,002004,2025-10-17 22:52:17
09:51:45,5.01,0.0,16,8016,卖盘,002004,2025-10-17 22:52:17
09:51:48,5.01,0.0,1,501,卖盘,002004,2025-10-17 22:52:17
09:51:51,5.01,0.0,85,42585,卖盘,002004,2025-10-17 22:52:17
09:51:54,5.01,0.0,194,97194,卖盘,002004,2025-10-17 22:52:17
09:51:57,5.01,0.0,26,13026,卖盘,002004,2025-10-17 22:52:17
09:52:00,5.01,0.0,10,5010,卖盘,002004,2025-10-17 22:52:17
09:52:03,5.01,0.0,50,25050,卖盘,002004,2025-10-17 22:52:17
09:52:06,5.01,0.0,120,60120,卖盘,002004,2025-10-17 22:52:17
09:52:09,5.01,0.0,64,32064,卖盘,002004,2025-10-17 22:52:17
09:52:12,5.01,0.0,248,124248,卖盘,002004,2025-10-17 22:52:17
09:52:15,5.01,0.0,333,166833,卖盘,002004,2025-10-17 22:52:17
09:52:18,5.01,0.0,317,158817,卖盘,002004,2025-10-17 22:52:17
09:52:21,5.01,0.0,541,271041,卖盘,002004,2025-10-17 22:52:17
09:52:24,5.01,0.0,21,10521,卖盘,002004,2025-10-17 22:52:17
09:52:27,5.01,0.0,81,40581,卖盘,002004,2025-10-17 22:52:17
09:52:30,5.01,0.0,727,364227,卖盘,002004,2025-10-17 22:52:17
09:52:33,5.01,0.0,339,169839,卖盘,002004,2025-10-17 22:52:17
09:52:36,5.01,0.0,52,26052,卖盘,002004,2025-10-17 22:52:17
09:52:39,5.01,0.0,127,63627,卖盘,002004,2025-10-17 22:52:17
09:52:42,5.01,0.0,41,20541,卖盘,002004,2025-10-17 22:52:17
09:52:45,5.01,0.0,101,50601,卖盘,002004,2025-10-17 22:52:17
09:52:48,5.01,0.0,61,30561,卖盘,002004,2025-10-17 22:52:17
09:52:51,5.01,0.0,106,53106,卖盘,002004,2025-10-17 22:52:17
09:52:57,5.01,0.0,69,34569,卖盘,002004,2025-10-17 22:52:17
09:53:00,5.01,0.0,207,103707,卖盘,002004,2025-10-17 22:52:17
09:53:03,5.01,0.0,103,51603,卖盘,002004,2025-10-17 22:52:17
09:53:06,5.01,0.0,106,53106,卖盘,002004,2025-10-17 22:52:17
09:53:09,5.01,0.0,164,82164,卖盘,002004,2025-10-17 22:52:17
09:53:12,5.01,0.0,33,16533,卖盘,002004,2025-10-17 22:52:17
09:53:15,5.01,0.0,26,13026,卖盘,002004,2025-10-17 22:52:17
09:53:18,5.01,0.0,718,359718,卖盘,002004,2025-10-17 22:52:17
09:53:21,5.01,0.0,84,42084,卖盘,002004,2025-10-17 22:52:17
09:53:24,5.01,0.0,21,10521,卖盘,002004,2025-10-17 22:52:17
09:53:27,5.01,0.0,167,83667,卖盘,002004,2025-10-17 22:52:17
09:53:30,5.01,0.0,939,470439,卖盘,002004,2025-10-17 22:52:17
09:53:33,5.01,0.0,1105,553605,卖盘,002004,2025-10-17 22:52:17
09:53:36,5.01,0.0,1580,791580,卖盘,002004,2025-10-17 22:52:17
09:53:39,5.01,0.0,398,199148,卖盘,002004,2025-10-17 22:52:17
09:53:42,5.01,0.0,1822,912822,卖盘,002004,2025-10-17 22:52:17
09:53:45,5.01,0.0,433,216933,卖盘,002004,2025-10-17 22:52:17
09:53:48,5.01,0.0,2124,1064124,卖盘,002004,2025-10-17 22:52:17
09:53:51,5.01,0.0,191,95691,卖盘,002004,2025-10-17 22:52:17
09:53:54,5.01,0.0,330,165330,卖盘,002004,2025-10-17 22:52:17
09:53:57,5.01,0.0,22,11022,卖盘,002004,2025-10-17 22:52:17
09:54:00,5.01,0.0,182,91182,卖盘,002004,2025-10-17 22:52:17
09:54:03,5.01,0.0,343,171843,卖盘,002004,2025-10-17 22:52:17
09:54:06,5.01,0.0,525,263025,卖盘,002004,2025-10-17 22:52:17
09:54:09,5.01,0.0,262,131262,卖盘,002004,2025-10-17 22:52:17
09:54:12,5.01,0.0,72,36072,卖盘,002004,2025-10-17 22:52:17
09:54:15,5.01,0.0,7,3507,卖盘,002004,2025-10-17 22:52:17
09:54:18,5.01,0.0,103,51603,卖盘,002004,2025-10-17 22:52:17
09:54:21,5.01,0.0,72,36072,卖盘,002004,2025-10-17 22:52:17
09:54:24,5.01,0.0,113,56613,卖盘,002004,2025-10-17 22:52:17
09:54:27,5.01,0.0,64,32064,卖盘,002004,2025-10-17 22:52:17
09:54:30,5.01,0.0,140,70140,卖盘,002004,2025-10-17 22:52:17
09:54:33,5.01,0.0,87,43587,卖盘,002004,2025-10-17 22:52:17
09:54:36,5.01,0.0,311,155811,卖盘,002004,2025-10-17 22:52:17
09:54:39,5.01,0.0,307,153807,卖盘,002004,2025-10-17 22:52:17
09:54:42,5.01,0.0,521,261021,卖盘,002004,2025-10-17 22:52:17
09:54:45,5.01,0.0,31,15531,卖盘,002004,2025-10-17 22:52:17
09:54:48,5.01,0.0,88,44088,卖盘,002004,2025-10-17 22:52:17
09:54:54,5.01,0.0,310,155310,卖盘,002004,2025-10-17 22:52:17
09:54:57,5.01,0.0,126,63126,卖盘,002004,2025-10-17 22:52:17
09:55:00,5.01,0.0,106,53106,卖盘,002004,2025-10-17 22:52:17
09:55:03,5.01,0.0,68,34068,卖盘,002004,2025-10-17 22:52:17
09:55:06,5.01,0.0,123,61623,卖盘,002004,2025-10-17 22:52:17
09:55:09,5.01,0.0,26,13026,卖盘,002004,2025-10-17 22:52:17
09:55:12,5.01,0.0,62,31062,卖盘,002004,2025-10-17 22:52:17
09:55:15,5.01,0.0,166,83166,卖盘,002004,2025-10-17 22:52:17
09:55:18,5.01,0.0,96,48096,卖盘,002004,2025-10-17 22:52:17
09:55:21,5.01,0.0,101,50601,卖盘,002004,2025-10-17 22:52:17
09:55:27,5.01,0.0,2513,1259013,卖盘,002004,2025-10-17 22:52:17
09:55:30,5.01,0.0,104,52104,卖盘,002004,2025-10-17 22:52:17
09:55:33,5.01,0.0,42,21042,卖盘,002004,2025-10-17 22:52:17
09:55:36,5.01,0.0,42,21042,卖盘,002004,2025-10-17 22:52:17
09:55:39,5.01,0.0,92,46092,卖盘,002004,2025-10-17 22:52:17
09:55:42,5.01,0.0,58,29058,卖盘,002004,2025-10-17 22:52:17
09:55:45,5.01,0.0,41,20541,卖盘,002004,2025-10-17 22:52:17
09:55:48,5.01,0.0,20,10020,卖盘,002004,2025-10-17 22:52:17
09:55:51,5.01,0.0,12,6012,卖盘,002004,2025-10-17 22:52:17
09:55:54,5.01,0.0,12,6012,卖盘,002004,2025-10-17 22:52:17
09:55:57,5.01,0.0,10,5010,卖盘,002004,2025-10-17 22:52:17
09:56:00,5.01,0.0,20,10020,卖盘,002004,2025-10-17 22:52:17
09:56:03,5.01,0.0,40,20040,卖盘,002004,2025-10-17 22:52:17
09:56:06,5.01,0.0,301,150801,卖盘,002004,2025-10-17 22:52:17
09:56:09,5.01,0.0,61,30561,卖盘,002004,2025-10-17 22:52:17
09:56:12,5.01,0.0,7,3507,卖盘,002004,2025-10-17 22:52:17
09:56:15,5.01,0.0,204,102204,卖盘,002004,2025-10-17 22:52:17
09:56:18,5.01,0.0,2,1002,卖盘,002004,2025-10-17 22:52:17
09:56:21,5.01,0.0,142,71142,卖盘,002004,2025-10-17 22:52:17
09:56:24,5.01,0.0,3,1503,卖盘,002004,2025-10-17 22:52:17
09:56:27,5.01,0.0,69,34569,卖盘,002004,2025-10-17 22:52:17
09:56:30,5.01,0.0,421,210921,卖盘,002004,2025-10-17 22:52:17
09:56:33,5.01,0.0,211,105711,卖盘,002004,2025-10-17 22:52:17
09:56:36,5.01,0.0,440,220440,卖盘,002004,2025-10-17 22:52:17
09:56:39,5.01,0.0,65,32565,卖盘,002004,2025-10-17 22:52:17
09:56:42,5.01,0.0,204,102204,卖盘,002004,2025-10-17 22:52:17
09:56:45,5.01,0.0,341,170841,卖盘,002004,2025-10-17 22:52:17
09:56:48,5.01,0.0,62,31062,卖盘,002004,2025-10-17 22:52:17
09:56:51,5.01,0.0,67,33567,卖盘,002004,2025-10-17 22:52:17
09:56:54,5.01,0.0,26,13026,卖盘,002004,2025-10-17 22:52:17
09:56:57,5.01,0.0,19,9519,卖盘,002004,2025-10-17 22:52:17
09:57:00,5.01,0.0,28,14028,卖盘,002004,2025-10-17 22:52:17
09:57:03,5.01,0.0,20,10020,卖盘,002004,2025-10-17 22:52:17
09:57:06,5.01,0.0,50,25050,卖盘,002004,2025-10-17 22:52:17
09:57:12,5.01,0.0,500,250500,卖盘,002004,2025-10-17 22:52:17
09:57:15,5.01,0.0,138,69138,卖盘,002004,2025-10-17 22:52:17
09:57:18,5.01,0.0,201,100701,卖盘,002004,2025-10-17 22:52:17
09:57:21,5.01,0.0,1,501,卖盘,002004,2025-10-17 22:52:17
09:57:24,5.01,0.0,810,405810,卖盘,002004,2025-10-17 22:52:17
09:57:27,5.01,0.0,38,19038,卖盘,002004,2025-10-17 22:52:17
09:57:33,5.01,0.0,20,10020,卖盘,002004,2025-10-17 22:52:17
09:57:39,5.01,0.0,231,115731,卖盘,002004,2025-10-17 22:52:17
09:57:42,5.01,0.0,23,11523,卖盘,002004,2025-10-17 22:52:17
09:57:48,5.01,0.0,5,2505,卖盘,002004,2025-10-17 22:52:17
09:57:51,5.01,0.0,101,50601,卖盘,002004,2025-10-17 22:52:17
09:57:54,5.01,0.0,55,27555,卖盘,002004,2025-10-17 22:52:17
09:57:57,5.01,0.0,6,3006,卖盘,002004,2025-10-17 22:52:17
09:58:00,5.01,0.0,31,15531,卖盘,002004,2025-10-17 22:52:17
09:58:03,5.01,0.0,61,30561,卖盘,002004,2025-10-17 22:52:17
09:58:06,5.01,0.0,8,4008,卖盘,002004,2025-10-17 22:52:17
09:58:09,5.01,0.0,20,10020,卖盘,002004,2025-10-17 22:52:17
09:58:12,5.01,0.0,24,12024,卖盘,002004,2025-10-17 22:52:17
09:58:15,5.01,0.0,11,5511,卖盘,002004,2025-10-17 22:52:17
09:58:18,5.01,0.0,60,30060,卖盘,002004,2025-10-17 22:52:17
09:58:21,5.01,0.0,13,6513,卖盘,002004,2025-10-17 22:52:17
09:58:24,5.01,0.0,57,28557,卖盘,002004,2025-10-17 22:52:17
09:58:27,5.01,0.0,3,1503,卖盘,002004,2025-10-17 22:52:17
09:58:30,5.01,0.0,237,118737,卖盘,002004,2025-10-17 22:52:17
09:58:33,5.01,0.0,182,91182,卖盘,002004,2025-10-17 22:52:17
09:58:36,5.01,0.0,1138,570138,卖盘,002004,2025-10-17 22:52:17
09:58:39,5.01,0.0,178,89178,卖盘,002004,2025-10-17 22:52:17
09:58:42,5.01,0.0,356,178356,卖盘,002004,2025-10-17 22:52:17
09:58:45,5.01,0.0,40,20040,卖盘,002004,2025-10-17 22:52:17
09:58:48,5.01,0.0,161,80411,卖盘,002004,2025-10-17 22:52:17
09:58:51,5.01,0.0,5,2505,卖盘,002004,2025-10-17 22:52:17
09:58:54,5.01,0.0,56,28056,卖盘,002004,2025-10-17 22:52:17
09:58:57,5.01,0.0,1226,614226,卖盘,002004,2025-10-17 22:52:17
09:59:00,5.01,0.0,28,14028,卖盘,002004,2025-10-17 22:52:17
09:59:03,5.01,0.0,61,30561,卖盘,002004,2025-10-17 22:52:17
09:59:06,5.01,0.0,7,3507,卖盘,002004,2025-10-17 22:52:17
09:59:12,5.01,0.0,250,125250,卖盘,002004,2025-10-17 22:52:17
09:59:15,5.01,0.0,503,252003,卖盘,002004,2025-10-17 22:52:17
09:59:18,5.01,0.0,26,13026,卖盘,002004,2025-10-17 22:52:17
09:59:24,5.01,0.0,87,43587,卖盘,002004,2025-10-17 22:52:17
09:59:27,5.01,0.0,27,13527,卖盘,002004,2025-10-17 22:52:17
09:59:30,5.01,0.0,168,84168,卖盘,002004,2025-10-17 22:52:17
09:59:33,5.01,0.0,207,103707,卖盘,002004,2025-10-17 22:52:17
09:59:36,5.01,0.0,16,8016,卖盘,002004,2025-10-17 22:52:17
09:59:39,5.01,0.0,12,6012,卖盘,002004,2025-10-17 22:52:17
09:59:42,5.01,0.0,677,339177,卖盘,002004,2025-10-17 22:52:17
09:59:45,5.01,0.0,553,277053,卖盘,002004,2025-10-17 22:52:17
09:59:48,5.01,0.0,58,29058,卖盘,002004,2025-10-17 22:52:17
09:59:54,5.01,0.0,40,20040,卖盘,002004,2025-10-17 22:52:17
09:59:57,5.01,0.0,10,5010,卖盘,002004,2025-10-17 22:52:17
10:00:03,5.01,0.0,5,2505,卖盘,002004,2025-10-17 22:52:17
10:00:06,5.01,0.0,20,10020,卖盘,002004,2025-10-17 22:52:17
10:00:09,5.01,0.0,21,10521,卖盘,002004,2025-10-17 22:52:17
10:00:12,5.01,0.0,32,16032,卖盘,002004,2025-10-17 22:52:17
10:00:15,5.01,0.0,127,63627,卖盘,002004,2025-10-17 22:52:17
10:00:18,5.01,0.0,4,2004,卖盘,002004,2025-10-17 22:52:17
10:00:21,5.01,0.0,23,11523,卖盘,002004,2025-10-17 22:52:17
10:00:24,5.01,0.0,571,286071,卖盘,002004,2025-10-17 22:52:17
10:00:27,5.01,0.0,43,21543,卖盘,002004,2025-10-17 22:52:17
10:00:30,5.01,0.0,123,61623,卖盘,002004,2025-10-17 22:52:17
10:00:33,5.01,0.0,66,33066,卖盘,002004,2025-10-17 22:52:17
10:00:36,5.01,0.0,10,5010,卖盘,002004,2025-10-17 22:52:17
10:00:39,5.01,0.0,254,127254,卖盘,002004,2025-10-17 22:52:17
10:00:42,5.01,0.0,24,12024,卖盘,002004,2025-10-17 22:52:17
10:00:45,5.01,0.0,10,5010,卖盘,002004,2025-10-17 22:52:17
10:00:48,5.01,0.0,241,120741,卖盘,002004,2025-10-17 22:52:17
10:00:51,5.01,0.0,23,11523,卖盘,002004,2025-10-17 22:52:17
10:00:54,5.01,0.0,10,5010,卖盘,002004,2025-10-17 22:52:17
10:01:00,5.01,0.0,278,139278,卖盘,002004,2025-10-17 22:52:17
10:01:03,5.01,0.0,18,9018,卖盘,002004,2025-10-17 22:52:17
10:01:09,5.01,0.0,9,4509,卖盘,002004,2025-10-17 22:52:17
10:01:12,5.01,0.0,26,13026,卖盘,002004,2025-10-17 22:52:17
10:01:15,5.01,0.0,10,5010,卖盘,002004,2025-10-17 22:52:17
10:01:18,5.01,0.0,12,6012,卖盘,002004,2025-10-17 22:52:17
10:01:21,5.01,0.0,15,7515,卖盘,002004,2025-10-17 22:52:17
10:01:24,5.01,0.0,230,115230,卖盘,002004,2025-10-17 22:52:17
10:01:27,5.01,0.0,1,501,卖盘,002004,2025-10-17 22:52:17
10:01:30,5.01,0.0,16,8016,卖盘,002004,2025-10-17 22:52:17
10:01:33,5.01,0.0,60,30060,卖盘,002004,2025-10-17 22:52:17
10:01:36,5.01,0.0,138,69138,卖盘,002004,2025-10-17 22:52:17
10:01:42,5.01,0.0,81,40581,卖盘,002004,2025-10-17 22:52:17
10:01:45,5.01,0.0,186,93186,卖盘,002004,2025-10-17 22:52:17
10:01:48,5.01,0.0,1,501,卖盘,002004,2025-10-17 22:52:17
10:01:51,5.01,0.0,100,50100,卖盘,002004,2025-10-17 22:52:17
10:01:54,5.01,0.0,105,52605,卖盘,002004,2025-10-17 22:52:17
10:01:57,5.01,0.0,32,16032,卖盘,002004,2025-10-17 22:52:17
10:02:00,5.01,0.0,100,50100,卖盘,002004,2025-10-17 22:52:17
10:02:03,5.01,0.0,437,218937,卖盘,002004,2025-10-17 22:52:17
10:02:06,5.01,0.0,41,20541,卖盘,002004,2025-10-17 22:52:17
10:02:09,5.01,0.0,2,1002,卖盘,002004,2025-10-17 22:52:17
10:02:12,5.01,0.0,14,7014,卖盘,002004,2025-10-17 22:52:17
10:02:15,5.01,0.0,11,5511,卖盘,002004,2025-10-17 22:52:17
10:02:18,5.01,0.0,100,50100,卖盘,002004,2025-10-17 22:52:17
10:02:24,5.01,0.0,38,19038,卖盘,002004,2025-10-17 22:52:17
10:02:27,5.01,0.0,80,40080,卖盘,002004,2025-10-17 22:52:17
10:02:30,5.01,0.0,7,3507,卖盘,002004,2025-10-17 22:52:17
10:02:33,5.01,0.0,115,57615,卖盘,002004,2025-10-17 22:52:17
10:02:36,5.01,0.0,142,71142,卖盘,002004,2025-10-17 22:52:17
10:02:42,5.01,0.0,1,501,卖盘,002004,2025-10-17 22:52:17
10:02:45,5.01,0.0,2,1002,卖盘,002004,2025-10-17 22:52:17
10:02:48,5.01,0.0,92,46092,卖盘,002004,2025-10-17 22:52:17
10:02:57,5.01,0.0,20,10020,卖盘,002004,2025-10-17 22:52:17
10:03:03,5.01,0.0,400,200400,卖盘,002004,2025-10-17 22:52:17
10:03:06,5.01,0.0,96,48096,卖盘,002004,2025-10-17 22:52:17
10:03:09,5.01,0.0,10,5010,卖盘,002004,2025-10-17 22:52:17
10:03:12,5.01,0.0,24,12024,卖盘,002004,2025-10-17 22:52:17
10:03:15,5.01,0.0,16,8016,卖盘,002004,2025-10-17 22:52:17
10:03:18,5.01,0.0,111,55611,卖盘,002004,2025-10-17 22:52:17
10:03:21,5.01,0.0,11,5511,卖盘,002004,2025-10-17 22:52:17
10:03:24,5.01,0.0,50,25050,卖盘,002004,2025-10-17 22:52:17
10:03:27,5.01,0.0,1,501,卖盘,002004,2025-10-17 22:52:17
10:03:33,5.01,0.0,70,35070,卖盘,002004,2025-10-17 22:52:17
10:03:39,5.01,0.0,117,58617,卖盘,002004,2025-10-17 22:52:17
10:03:42,5.01,0.0,8,4008,卖盘,002004,2025-10-17 22:52:17
10:03:54,5.01,0.0,20,10020,卖盘,002004,2025-10-17 22:52:17
10:03:57,5.01,0.0,3,1503,卖盘,002004,2025-10-17 22:52:17
10:04:00,5.01,0.0,174,87174,卖盘,002004,2025-10-17 22:52:17
10:04:06,5.01,0.0,22,11022,卖盘,002004,2025-10-17 22:52:17
10:04:09,5.01,0.0,20,10020,卖盘,002004,2025-10-17 22:52:17
10:04:12,5.01,0.0,15,7515,卖盘,002004,2025-10-17 22:52:17
10:04:15,5.01,0.0,35,17535,卖盘,002004,2025-10-17 22:52:17
10:04:24,5.01,0.0,59,29559,卖盘,002004,2025-10-17 22:52:17
10:04:33,5.01,0.0,705,353205,卖盘,002004,2025-10-17 22:52:17
10:04:36,5.01,0.0,219,109719,卖盘,002004,2025-10-17 22:52:17
10:04:39,5.01,0.0,1,501,卖盘,002004,2025-10-17 22:52:17
10:04:42,5.01,0.0,84,42084,卖盘,002004,2025-10-17 22:52:17
10:04:45,5.01,0.0,66,33066,卖盘,002004,2025-10-17 22:52:17
10:04:48,5.01,0.0,44,22044,卖盘,002004,2025-10-17 22:52:17
10:04:51,5.01,0.0,10,5010,卖盘,002004,2025-10-17 22:52:17
10:04:54,5.01,0.0,5,2505,卖盘,002004,2025-10-17 22:52:17
10:05:03,5.01,0.0,10,5010,卖盘,002004,2025-10-17 22:52:17
10:05:06,5.01,0.0,20,10020,卖盘,002004,2025-10-17 22:52:17
10:05:12,5.01,0.0,26,13026,卖盘,002004,2025-10-17 22:52:17
10:05:18,5.01,0.0,322,161322,卖盘,002004,2025-10-17 22:52:17
10:05:21,5.01,0.0,124,62124,卖盘,002004,2025-10-17 22:52:17
10:05:24,5.01,0.0,165,82665,卖盘,002004,2025-10-17 22:52:17
10:05:27,5.01,0.0,207,103707,卖盘,002004,2025-10-17 22:52:17
10:05:30,5.01,0.0,36,18036,卖盘,002004,2025-10-17 22:52:17
10:05:33,5.01,0.0,90,45090,卖盘,002004,2025-10-17 22:52:17
10:05:42,5.01,0.0,5,2505,卖盘,002004,2025-10-17 22:52:17
10:05:48,5.01,0.0,184,92184,卖盘,002004,2025-10-17 22:52:17
10:05:51,5.01,0.0,1,501,卖盘,002004,2025-10-17 22:52:17
10:05:54,5.01,0.0,100,50100,卖盘,002004,2025-10-17 22:52:17
10:05:57,5.01,0.0,5,2505,卖盘,002004,2025-10-17 22:52:17
10:06:00,5.01,0.0,22,11022,卖盘,002004,2025-10-17 22:52:17
10:06:03,5.01,0.0,1,501,卖盘,002004,2025-10-17 22:52:17
10:06:06,5.01,0.0,20,10020,卖盘,002004,2025-10-17 22:52:17
10:06:09,5.01,0.0,11,5511,卖盘,002004,2025-10-17 22:52:17
10:06:12,5.01,0.0,35,17535,卖盘,002004,2025-10-17 22:52:17
10:06:18,5.01,0.0,426,213426,卖盘,002004,2025-10-17 22:52:17
10:06:21,5.01,0.0,21,10521,卖盘,002004,2025-10-17 22:52:17
10:06:27,5.01,0.0,107,53607,卖盘,002004,2025-10-17 22:52:17
10:06:30,5.01,0.0,6,3006,卖盘,002004,2025-10-17 22:52:17
10:06:39,5.01,0.0,12,6012,卖盘,002004,2025-10-17 22:52:17
10:06:45,5.01,0.0,28,14028,卖盘,002004,2025-10-17 22:52:17
10:06:51,5.01,0.0,16,8016,卖盘,002004,2025-10-17 22:52:17
10:06:54,5.01,0.0,9,4509,卖盘,002004,2025-10-17 22:52:17
10:07:09,5.01,0.0,6,3006,卖盘,002004,2025-10-17 22:52:17
10:07:15,5.01,0.0,3,1503,卖盘,002004,2025-10-17 22:52:17
10:07:18,5.01,0.0,40,20040,卖盘,002004,2025-10-17 22:52:17
10:07:21,5.01,0.0,25,12525,卖盘,002004,2025-10-17 22:52:17
10:07:24,5.01,0.0,4,2004,卖盘,002004,2025-10-17 22:52:17
10:07:27,5.01,0.0,6,3006,卖盘,002004,2025-10-17 22:52:17
10:07:33,5.01,0.0,38,19038,卖盘,002004,2025-10-17 22:52:17
10:07:36,5.01,0.0,62,31062,卖盘,002004,2025-10-17 22:52:17
10:07:39,5.01,0.0,200,100200,卖盘,002004,2025-10-17 22:52:17
10:07:42,5.01,0.0,232,116232,卖盘,002004,2025-10-17 22:52:17
10:07:48,5.01,0.0,1,501,卖盘,002004,2025-10-17 22:52:17
10:07:54,5.01,0.0,44,22044,卖盘,002004,2025-10-17 22:52:17
10:07:57,5.01,0.0,100,50100,卖盘,002004,2025-10-17 22:52:17
10:08:00,5.01,0.0,10,4760,卖盘,002004,2025-10-17 22:52:17
10:08:03,5.01,0.0,24,12024,卖盘,002004,2025-10-17 22:52:17
10:08:06,5.01,0.0,40,20040,卖盘,002004,2025-10-17 22:52:17
10:08:09,5.01,0.0,110,55110,卖盘,002004,2025-10-17 22:52:17
10:08:12,5.01,0.0,15,7515,卖盘,002004,2025-10-17 22:52:17
10:08:24,5.01,0.0,10,5010,卖盘,002004,2025-10-17 22:52:17
10:08:27,5.01,0.0,34,17034,卖盘,002004,2025-10-17 22:52:17
10:08:30,5.01,0.0,128,64128,卖盘,002004,2025-10-17 22:52:17
10:08:33,5.01,0.0,1,501,卖盘,002004,2025-10-17 22:52:17
10:08:36,5.01,0.0,16,8016,卖盘,002004,2025-10-17 22:52:17
10:08:42,5.01,0.0,7,3507,卖盘,002004,2025-10-17 22:52:17
10:08:45,5.01,0.0,54,27054,卖盘,002004,2025-10-17 22:52:17
10:08:48,5.01,0.0,3,1503,卖盘,002004,2025-10-17 22:52:17
10:09:00,5.01,0.0,55,27555,卖盘,002004,2025-10-17 22:52:17
10:09:03,5.01,0.0,2,1002,卖盘,002004,2025-10-17 22:52:17
10:09:09,5.01,0.0,10,5010,卖盘,002004,2025-10-17 22:52:17
10:09:12,5.01,0.0,62,31062,卖盘,002004,2025-10-17 22:52:17
10:09:15,5.01,0.0,56,28056,卖盘,002004,2025-10-17 22:52:17
10:09:18,5.01,0.0,10,5010,卖盘,002004,2025-10-17 22:52:17
10:09:33,5.01,0.0,6,3006,卖盘,002004,2025-10-17 22:52:17
10:09:36,5.01,0.0,5,2505,卖盘,002004,2025-10-17 22:52:17
10:09:39,5.01,0.0,6,3006,卖盘,002004,2025-10-17 22:52:17
10:09:42,5.01,0.0,27,13527,卖盘,002004,2025-10-17 22:52:17
10:09:48,5.01,0.0,15,7515,卖盘,002004,2025-10-17 22:52:17
10:09:51,5.01,0.0,508,254508,卖盘,002004,2025-10-17 22:52:17
10:09:54,5.01,0.0,35,17535,卖盘,002004,2025-10-17 22:52:17
10:09:57,5.01,0.0,2,1002,卖盘,002004,2025-10-17 22:52:17
10:10:00,5.01,0.0,16,8016,卖盘,002004,2025-10-17 22:52:17
10:10:03,5.01,0.0,5,2505,卖盘,002004,2025-10-17 22:52:17
10:10:06,5.01,0.0,40,20040,卖盘,002004,2025-10-17 22:52:17
10:10:12,5.01,0.0,13,6513,卖盘,002004,2025-10-17 22:52:17
10:10:15,5.01,0.0,10,5010,卖盘,002004,2025-10-17 22:52:17
10:10:18,5.01,0.0,19,9519,卖盘,002004,2025-10-17 22:52:17
10:10:21,5.01,0.0,77,38577,卖盘,002004,2025-10-17 22:52:17
10:10:39,5.01,0.0,10,5010,卖盘,002004,2025-10-17 22:52:17
10:10:42,5.01,0.0,232,116232,卖盘,002004,2025-10-17 22:52:17
10:10:45,5.01,0.0,2,1002,卖盘,002004,2025-10-17 22:52:17
10:10:48,5.01,0.0,41,20541,卖盘,002004,2025-10-17 22:52:17
10:10:57,5.01,0.0,34,17034,卖盘,002004,2025-10-17 22:52:17
10:11:00,5.01,0.0,23,11523,卖盘,002004,2025-10-17 22:52:17
10:11:03,5.01,0.0,44,22044,卖盘,002004,2025-10-17 22:52:17
10:11:06,5.01,0.0,11,5511,卖盘,002004,2025-10-17 22:52:17
10:11:12,5.01,0.0,500,250500,卖盘,002004,2025-10-17 22:52:17
10:11:15,5.01,0.0,124,62124,卖盘,002004,2025-10-17 22:52:17
10:11:18,5.01,0.0,67,33567,卖盘,002004,2025-10-17 22:52:17
10:11:36,5.01,0.0,2,1002,卖盘,002004,2025-10-17 22:52:17
10:11:39,5.01,0.0,30,15030,卖盘,002004,2025-10-17 22:52:17
10:11:42,5.01,0.0,1,501,卖盘,002004,2025-10-17 22:52:17
10:11:45,5.01,0.0,166,83166,卖盘,002004,2025-10-17 22:52:17
10:11:48,5.01,0.0,1,501,卖盘,002004,2025-10-17 22:52:17
10:11:54,5.01,0.0,7,3507,卖盘,002004,2025-10-17 22:52:17
10:12:00,5.01,0.0,95,47595,卖盘,002004,2025-10-17 22:52:17
10:12:09,5.01,0.0,2,1002,卖盘,002004,2025-10-17 22:52:17
10:12:12,5.01,0.0,7,3507,卖盘,002004,2025-10-17 22:52:17
10:12:18,5.01,0.0,1,501,卖盘,002004,2025-10-17 22:52:17
10:12:21,5.01,0.0,11,5511,卖盘,002004,2025-10-17 22:52:17
10:12:24,5.01,0.0,102,51102,卖盘,002004,2025-10-17 22:52:17
10:12:27,5.01,0.0,2,1002,卖盘,002004,2025-10-17 22:52:17
10:12:39,5.01,0.0,3,1503,卖盘,002004,2025-10-17 22:52:17
10:12:42,5.01,0.0,20,10020,卖盘,002004,2025-10-17 22:52:17
10:12:48,5.01,0.0,33,16533,卖盘,002004,2025-10-17 22:52:17
10:12:51,5.01,0.0,76,38076,卖盘,002004,2025-10-17 22:52:17
10:12:54,5.01,0.0,34,17034,卖盘,002004,2025-10-17 22:52:17
10:13:00,5.01,0.0,11,5511,卖盘,002004,2025-10-17 22:52:17
10:13:03,5.01,0.0,459,229959,卖盘,002004,2025-10-17 22:52:17
10:13:06,5.01,0.0,13,6513,卖盘,002004,2025-10-17 22:52:17
10:13:09,5.01,0.0,241,120741,卖盘,002004,2025-10-17 22:52:17
10:13:12,5.01,0.0,4,2004,卖盘,002004,2025-10-17 22:52:17
10:13:15,5.01,0.0,1512,757512,卖盘,002004,2025-10-17 22:52:17
10:13:18,5.01,0.0,31,15531,卖盘,002004,2025-10-17 22:52:17
10:13:21,5.01,0.0,211,105711,卖盘,002004,2025-10-17 22:52:17
10:13:24,5.01,0.0,37,18537,卖盘,002004,2025-10-17 22:52:17
10:13:30,5.01,0.0,40,20040,卖盘,002004,2025-10-17 22:52:17
10:13:36,5.01,0.0,1,501,卖盘,002004,2025-10-17 22:52:17
10:13:39,5.01,0.0,4,2004,卖盘,002004,2025-10-17 22:52:17
10:13:42,5.01,0.0,115,57615,卖盘,002004,2025-10-17 22:52:17
10:13:45,5.01,0.0,16,8016,卖盘,002004,2025-10-17 22:52:17
10:13:48,5.01,0.0,50,25050,卖盘,002004,2025-10-17 22:52:17
10:13:51,5.01,0.0,10,5010,卖盘,002004,2025-10-17 22:52:17
10:13:54,5.01,0.0,3,1503,卖盘,002004,2025-10-17 22:52:17
10:13:57,5.01,0.0,22,11022,卖盘,002004,2025-10-17 22:52:17
10:14:00,5.01,0.0,3,1503,卖盘,002004,2025-10-17 22:52:17
10:14:03,5.01,0.0,228,114228,卖盘,002004,2025-10-17 22:52:17
10:14:06,5.01,0.0,6,3006,卖盘,002004,2025-10-17 22:52:17
10:14:09,5.01,0.0,50,25050,卖盘,002004,2025-10-17 22:52:17
10:14:12,5.01,0.0,40,20040,卖盘,002004,2025-10-17 22:52:17
10:14:15,5.01,0.0,1,501,卖盘,002004,2025-10-17 22:52:17
10:14:21,5.01,0.0,827,414327,卖盘,002004,2025-10-17 22:52:17
10:14:24,5.01,0.0,26,13026,卖盘,002004,2025-10-17 22:52:17
10:14:27,5.01,0.0,40,20040,卖盘,002004,2025-10-17 22:52:17
10:14:39,5.01,0.0,99,49599,卖盘,002004,2025-10-17 22:52:17
10:14:42,5.01,0.0,64,32064,卖盘,002004,2025-10-17 22:52:17
10:14:48,5.01,0.0,51,25551,卖盘,002004,2025-10-17 22:52:17
10:15:00,5.01,0.0,20,10020,卖盘,002004,2025-10-17 22:52:17
10:15:06,5.01,0.0,105,52605,卖盘,002004,2025-10-17 22:52:17
10:15:09,5.01,0.0,201,100701,卖盘,002004,2025-10-17 22:52:17
10:15:12,5.01,0.0,1,501,卖盘,002004,2025-10-17 22:52:17
10:15:18,5.01,0.0,5,2505,卖盘,002004,2025-10-17 22:52:17
10:15:21,5.01,0.0,3,1503,卖盘,002004,2025-10-17 22:52:17
10:15:24,5.01,0.0,10,5010,卖盘,002004,2025-10-17 22:52:17
10:15:27,5.01,0.0,5,2505,卖盘,002004,2025-10-17 22:52:17
10:15:30,5.01,0.0,12,6012,卖盘,002004,2025-10-17 22:52:17
10:15:39,5.01,0.0,46,23046,卖盘,002004,2025-10-17 22:52:17
10:15:42,5.01,0.0,7,3507,卖盘,002004,2025-10-17 22:52:17
10:15:45,5.01,0.0,8,4008,卖盘,002004,2025-10-17 22:52:17
10:15:48,5.01,0.0,110,55110,卖盘,002004,2025-10-17 22:52:17
10:15:51,5.01,0.0,25,12525,卖盘,002004,2025-10-17 22:52:17
10:16:00,5.01,0.0,106,53106,卖盘,002004,2025-10-17 22:52:17
10:16:06,5.01,0.0,6,3006,卖盘,002004,2025-10-17 22:52:17
10:16:09,5.01,0.0,310,155310,卖盘,002004,2025-10-17 22:52:17
10:16:12,5.01,0.0,36,18036,卖盘,002004,2025-10-17 22:52:17
10:16:18,5.01,0.0,20,10020,卖盘,002004,2025-10-17 22:52:17
10:16:21,5.01,0.0,10,5010,卖盘,002004,2025-10-17 22:52:17
10:16:24,5.01,0.0,1,501,卖盘,002004,2025-10-17 22:52:17
10:16:30,5.01,0.0,20,10020,卖盘,002004,2025-10-17 22:52:17
10:16:33,5.01,0.0,20,10020,卖盘,002004,2025-10-17 22:52:17
10:16:36,5.01,0.0,41,20541,卖盘,002004,2025-10-17 22:52:17
10:16:39,5.01,0.0,9,4509,卖盘,002004,2025-10-17 22:52:17
10:16:42,5.01,0.0,7,3507,卖盘,002004,2025-10-17 22:52:17
10:16:45,5.01,0.0,22,11022,卖盘,002004,2025-10-17 22:52:17
10:16:48,5.01,0.0,25,12525,卖盘,002004,2025-10-17 22:52:17
10:16:51,5.01,0.0,26,13026,卖盘,002004,2025-10-17 22:52:17
10:16:54,5.01,0.0,500,250500,卖盘,002004,2025-10-17 22:52:17
10:16:57,5.01,0.0,102,51102,卖盘,002004,2025-10-17 22:52:17
10:17:00,5.01,0.0,100,50100,卖盘,002004,2025-10-17 22:52:17
10:17:03,5.01,0.0,1,501,卖盘,002004,2025-10-17 22:52:17
10:17:06,5.01,0.0,10,5010,卖盘,002004,2025-10-17 22:52:17
10:17:12,5.01,0.0,53,26553,卖盘,002004,2025-10-17 22:52:17
10:17:27,5.01,0.0,35,17535,卖盘,002004,2025-10-17 22:52:17
10:17:30,5.01,0.0,25,12525,卖盘,002004,2025-10-17 22:52:17
10:17:33,5.01,0.0,32,16032,卖盘,002004,2025-10-17 22:52:17
10:17:36,5.01,0.0,10,5010,卖盘,002004,2025-10-17 22:52:17
10:17:39,5.01,0.0,43,21543,卖盘,002004,2025-10-17 22:52:17
10:17:42,5.01,0.0,37,18537,卖盘,002004,2025-10-17 22:52:17
10:17:48,5.01,0.0,10,5010,卖盘,002004,2025-10-17 22:52:17
10:17:51,5.01,0.0,19,9519,卖盘,002004,2025-10-17 22:52:17
10:17:54,5.01,0.0,73,36573,卖盘,002004,2025-10-17 22:52:17
10:17:57,5.01,0.0,132,66132,卖盘,002004,2025-10-17 22:52:17
10:18:00,5.01,0.0,20,10020,卖盘,002004,2025-10-17 22:52:17
10:18:03,5.01,0.0,37,18537,卖盘,002004,2025-10-17 22:52:17
10:18:06,5.01,0.0,10,5010,卖盘,002004,2025-10-17 22:52:17
10:18:12,5.01,0.0,754,377754,卖盘,002004,2025-10-17 22:52:17
10:18:15,5.01,0.0,37,18537,卖盘,002004,2025-10-17 22:52:17
10:18:18,5.01,0.0,10,5010,卖盘,002004,2025-10-17 22:52:17
10:18:21,5.01,0.0,21,10521,卖盘,002004,2025-10-17 22:52:17
10:18:24,5.01,0.0,20,10020,卖盘,002004,2025-10-17 22:52:17
10:18:30,5.01,0.0,104,52104,卖盘,002004,2025-10-17 22:52:17
10:18:33,5.01,0.0,122,61122,卖盘,002004,2025-10-17 22:52:17
10:18:45,5.01,0.0,370,185370,卖盘,002004,2025-10-17 22:52:17
10:18:48,5.01,0.0,15,7515,卖盘,002004,2025-10-17 22:52:17
10:19:06,5.01,0.0,54,27054,卖盘,002004,2025-10-17 22:52:17
10:19:12,5.01,0.0,4,2004,卖盘,002004,2025-10-17 22:52:17
10:19:18,5.01,0.0,112,56112,卖盘,002004,2025-10-17 22:52:17
10:19:21,5.01,0.0,129,64629,卖盘,002004,2025-10-17 22:52:17
10:19:24,5.01,0.0,150,75150,卖盘,002004,2025-10-17 22:52:17
10:19:27,5.01,0.0,11,5511,卖盘,002004,2025-10-17 22:52:17
10:19:33,5.01,0.0,45,22545,卖盘,002004,2025-10-17 22:52:17
10:19:45,5.01,0.0,1033,517533,卖盘,002004,2025-10-17 22:52:17
10:19:48,5.01,0.0,212,106212,卖盘,002004,2025-10-17 22:52:17
10:19:54,5.01,0.0,59,29559,卖盘,002004,2025-10-17 22:52:17
10:19:57,5.01,0.0,80,40080,卖盘,002004,2025-10-17 22:52:17
10:20:00,5.01,0.0,8,4008,卖盘,002004,2025-10-17 22:52:17
10:20:03,5.01,0.0,250,125250,卖盘,002004,2025-10-17 22:52:17
10:20:06,5.01,0.0,50,25050,卖盘,002004,2025-10-17 22:52:17
10:20:12,5.01,0.0,2,1002,卖盘,002004,2025-10-17 22:52:17
10:20:21,5.01,0.0,112,56112,卖盘,002004,2025-10-17 22:52:17
10:20:24,5.01,0.0,1,501,卖盘,002004,2025-10-17 22:52:17
10:20:27,5.01,0.0,20,10020,卖盘,002004,2025-10-17 22:52:17
10:20:33,5.01,0.0,70,35070,卖盘,002004,2025-10-17 22:52:17
10:20:36,5.01,0.0,20,10020,卖盘,002004,2025-10-17 22:52:17
10:20:39,5.01,0.0,7,3507,卖盘,002004,2025-10-17 22:52:17
10:20:42,5.01,0.0,11,5511,卖盘,002004,2025-10-17 22:52:17
10:20:48,5.01,0.0,6,3006,卖盘,002004,2025-10-17 22:52:17
10:20:51,5.01,0.0,22,11022,卖盘,002004,2025-10-17 22:52:17
10:20:54,5.01,0.0,9,4509,卖盘,002004,2025-10-17 22:52:17
10:20:57,5.01,0.0,10,5010,卖盘,002004,2025-10-17 22:52:17
10:21:06,5.01,0.0,107,53607,卖盘,002004,2025-10-17 22:52:17
10:21:09,5.01,0.0,11,5511,卖盘,002004,2025-10-17 22:52:17
10:21:12,5.01,0.0,20,10020,卖盘,002004,2025-10-17 22:52:17
10:21:15,5.01,0.0,6,3006,卖盘,002004,2025-10-17 22:52:17
10:21:18,5.01,0.0,20,10020,卖盘,002004,2025-10-17 22:52:17
10:21:21,5.01,0.0,101,50601,卖盘,002004,2025-10-17 22:52:17
10:21:24,5.01,0.0,32,16032,卖盘,002004,2025-10-17 22:52:17
10:21:30,5.01,0.0,10,5010,卖盘,002004,2025-10-17 22:52:17
10:21:33,5.01,0.0,100,50100,卖盘,002004,2025-10-17 22:52:17
10:21:36,5.01,0.0,50,25050,卖盘,002004,2025-10-17 22:52:17
10:21:39,5.01,0.0,185,92685,卖盘,002004,2025-10-17 22:52:17
10:21:42,5.01,0.0,9,4509,卖盘,002004,2025-10-17 22:52:17
10:21:45,5.01,0.0,20,10020,卖盘,002004,2025-10-17 22:52:17
10:21:48,5.01,0.0,100,50100,卖盘,002004,2025-10-17 22:52:17
10:21:51,5.01,0.0,5,2505,卖盘,002004,2025-10-17 22:52:17
10:21:54,5.01,0.0,95,47595,卖盘,002004,2025-10-17 22:52:17
10:21:57,5.01,0.0,101,50601,卖盘,002004,2025-10-17 22:52:17
10:22:00,5.01,0.0,100,50100,卖盘,002004,2025-10-17 22:52:17
10:22:03,5.01,0.0,573,287073,卖盘,002004,2025-10-17 22:52:17
10:22:06,5.01,0.0,101,50601,卖盘,002004,2025-10-17 22:52:17
10:22:09,5.01,0.0,22,11022,卖盘,002004,2025-10-17 22:52:17
10:22:18,5.01,0.0,30,15030,卖盘,002004,2025-10-17 22:52:17
10:22:21,5.01,0.0,71,35571,卖盘,002004,2025-10-17 22:52:17
10:22:24,5.01,0.0,2,1002,卖盘,002004,2025-10-17 22:52:17
10:22:27,5.01,0.0,50,25050,卖盘,002004,2025-10-17 22:52:17
10:22:39,5.01,0.0,28,14028,卖盘,002004,2025-10-17 22:52:17
10:22:42,5.01,0.0,1,501,卖盘,002004,2025-10-17 22:52:17
10:22:48,5.01,0.0,137,68637,卖盘,002004,2025-10-17 22:52:17
10:22:51,5.01,0.0,20,10020,卖盘,002004,2025-10-17 22:52:17
10:22:54,5.01,0.0,13,6513,卖盘,002004,2025-10-17 22:52:17
10:22:57,5.01,0.0,8,4008,卖盘,002004,2025-10-17 22:52:17
10:23:00,5.01,0.0,18,9018,卖盘,002004,2025-10-17 22:52:17
10:23:06,5.01,0.0,45,22545,卖盘,002004,2025-10-17 22:52:17
10:23:27,5.01,0.0,5,2505,卖盘,002004,2025-10-17 22:52:17
10:23:30,5.01,0.0,57,28557,卖盘,002004,2025-10-17 22:52:17
10:23:33,5.01,0.0,130,65130,卖盘,002004,2025-10-17 22:52:17
10:23:36,5.01,0.0,1,501,卖盘,002004,2025-10-17 22:52:17
10:23:39,5.01,0.0,76,38076,卖盘,002004,2025-10-17 22:52:17
10:23:42,5.01,0.0,20,10020,卖盘,002004,2025-10-17 22:52:17
10:23:45,5.01,0.0,5,2505,卖盘,002004,2025-10-17 22:52:17
10:23:48,5.01,0.0,111,55611,卖盘,002004,2025-10-17 22:52:17
10:23:54,5.01,0.0,33,16533,卖盘,002004,2025-10-17 22:52:17
10:24:00,5.01,0.0,2,1002,卖盘,002004,2025-10-17 22:52:17
10:24:06,5.01,0.0,52,26052,卖盘,002004,2025-10-17 22:52:17
10:24:09,5.01,0.0,71,35571,卖盘,002004,2025-10-17 22:52:17
10:24:21,5.01,0.0,110,55110,卖盘,002004,2025-10-17 22:52:17
10:24:24,5.01,0.0,53,26553,卖盘,002004,2025-10-17 22:52:17
10:24:30,5.01,0.0,43,21543,卖盘,002004,2025-10-17 22:52:17
10:24:36,5.01,0.0,124,62124,卖盘,002004,2025-10-17 22:52:17
10:24:39,5.01,0.0,20,10020,卖盘,002004,2025-10-17 22:52:17
10:24:42,5.01,0.0,200,100200,卖盘,002004,2025-10-17 22:52:17
10:24:45,5.01,0.0,52,26052,卖盘,002004,2025-10-17 22:52:17
10:24:48,5.01,0.0,60,30060,卖盘,002004,2025-10-17 22:52:17
10:24:51,5.01,0.0,70,35070,卖盘,002004,2025-10-17 22:52:17
10:24:54,5.01,0.0,3,1503,卖盘,002004,2025-10-17 22:52:17
10:25:00,5.01,0.0,1,501,卖盘,002004,2025-10-17 22:52:17
10:25:06,5.01,0.0,80,40080,卖盘,002004,2025-10-17 22:52:17
10:25:09,5.01,0.0,1,501,卖盘,002004,2025-10-17 22:52:17
10:25:12,5.01,0.0,20,10020,卖盘,002004,2025-10-17 22:52:17
10:25:18,5.01,0.0,10,5010,卖盘,002004,2025-10-17 22:52:17
10:25:24,5.01,0.0,5,2505,卖盘,002004,2025-10-17 22:52:17
10:25:27,5.01,0.0,46,23046,卖盘,002004,2025-10-17 22:52:17
10:25:30,5.01,0.0,12,6012,卖盘,002004,2025-10-17 22:52:17
10:25:36,5.01,0.0,13,6513,卖盘,002004,2025-10-17 22:52:17
10:25:42,5.01,0.0,50,25050,卖盘,002004,2025-10-17 22:52:17
10:25:45,5.01,0.0,21,10521,卖盘,002004,2025-10-17 22:52:17
10:25:48,5.01,0.0,100,50100,卖盘,002004,2025-10-17 22:52:17
10:25:54,5.01,0.0,20,10020,卖盘,002004,2025-10-17 22:52:17
10:25:57,5.01,0.0,12,6012,卖盘,002004,2025-10-17 22:52:17
10:26:00,5.01,0.0,142,71142,卖盘,002004,2025-10-17 22:52:17
10:26:03,5.01,0.0,1,501,卖盘,002004,2025-10-17 22:52:17
10:26:09,5.01,0.0,100,50100,卖盘,002004,2025-10-17 22:52:17
10:26:12,5.01,0.0,1,501,卖盘,002004,2025-10-17 22:52:17
10:26:21,5.01,0.0,10,5010,卖盘,002004,2025-10-17 22:52:17
10:26:24,5.01,0.0,15,7515,卖盘,002004,2025-10-17 22:52:17
10:26:39,5.01,0.0,1,501,卖盘,002004,2025-10-17 22:52:17
10:26:42,5.01,0.0,8,4008,卖盘,002004,2025-10-17 22:52:17
10:27:03,5.01,0.0,3,1503,卖盘,002004,2025-10-17 22:52:17
10:27:06,5.01,0.0,4,2004,卖盘,002004,2025-10-17 22:52:17
10:27:09,5.01,0.0,3,1503,卖盘,002004,2025-10-17 22:52:17
10:27:12,5.01,0.0,3,1503,卖盘,002004,2025-10-17 22:52:17
10:27:21,5.01,0.0,2,1002,卖盘,002004,2025-10-17 22:52:17
10:27:30,5.01,0.0,20,10020,卖盘,002004,2025-10-17 22:52:17
10:27:39,5.01,0.0,63,31563,卖盘,002004,2025-10-17 22:52:17
10:27:51,5.01,0.0,100,50100,卖盘,002004,2025-10-17 22:52:17
10:27:54,5.01,0.0,52,26052,卖盘,002004,2025-10-17 22:52:17
10:27:57,5.01,0.0,5,2505,卖盘,002004,2025-10-17 22:52:17
10:28:03,5.01,0.0,100,50100,卖盘,002004,2025-10-17 22:52:17
10:28:06,5.01,0.0,81,40581,卖盘,002004,2025-10-17 22:52:17
10:28:09,5.01,0.0,31,15531,卖盘,002004,2025-10-17 22:52:17
10:28:12,5.01,0.0,52,26052,卖盘,002004,2025-10-17 22:52:17
10:28:18,5.01,0.0,125,62625,卖盘,002004,2025-10-17 22:52:17
10:28:21,5.01,0.0,20,10020,卖盘,002004,2025-10-17 22:52:17
10:28:27,5.01,0.0,17,8517,卖盘,002004,2025-10-17 22:52:17
10:28:30,5.01,0.0,5,2505,卖盘,002004,2025-10-17 22:52:17
10:28:33,5.01,0.0,17,8517,卖盘,002004,2025-10-17 22:52:17
10:28:36,5.01,0.0,12,6012,卖盘,002004,2025-10-17 22:52:17
10:28:39,5.01,0.0,100,50100,卖盘,002004,2025-10-17 22:52:17
10:28:42,5.01,0.0,104,52104,卖盘,002004,2025-10-17 22:52:17
10:28:45,5.01,0.0,11,5511,卖盘,002004,2025-10-17 22:52:17
10:28:48,5.01,0.0,205,102705,卖盘,002004,2025-10-17 22:52:17
10:28:54,5.01,0.0,15,7515,卖盘,002004,2025-10-17 22:52:17
10:29:00,5.01,0.0,187,93687,卖盘,002004,2025-10-17 22:52:17
10:29:03,5.01,0.0,14,7014,卖盘,002004,2025-10-17 22:52:17
10:29:06,5.01,0.0,10,5010,卖盘,002004,2025-10-17 22:52:17
10:29:09,5.01,0.0,48,24048,卖盘,002004,2025-10-17 22:52:17
10:29:12,5.01,0.0,35,17535,卖盘,002004,2025-10-17 22:52:17
10:29:15,5.01,0.0,20,10020,卖盘,002004,2025-10-17 22:52:17
10:29:18,5.01,0.0,211,105711,卖盘,002004,2025-10-17 22:52:17
10:29:21,5.01,0.0,17,8517,卖盘,002004,2025-10-17 22:52:17
10:29:24,5.01,0.0,100,50100,卖盘,002004,2025-10-17 22:52:17
10:29:27,5.01,0.0,1,501,卖盘,002004,2025-10-17 22:52:17
10:29:39,5.01,0.0,12,6012,卖盘,002004,2025-10-17 22:52:17
10:29:51,5.01,0.0,10,5010,卖盘,002004,2025-10-17 22:52:17
10:29:54,5.01,0.0,30,15030,卖盘,002004,2025-10-17 22:52:17
10:29:57,5.01,0.0,40,20040,卖盘,002004,2025-10-17 22:52:17
10:30:15,5.01,0.0,20,10020,卖盘,002004,2025-10-17 22:52:17
10:30:18,5.01,0.0,200,100200,卖盘,002004,2025-10-17 22:52:17
10:30:21,5.01,0.0,11,5511,卖盘,002004,2025-10-17 22:52:17
10:30:24,5.01,0.0,50,25050,卖盘,002004,2025-10-17 22:52:17
10:30:27,5.01,0.0,1,501,卖盘,002004,2025-10-17 22:52:17
10:30:36,5.01,0.0,20,10020,卖盘,002004,2025-10-17 22:52:17
10:30:48,5.01,0.0,70,35070,卖盘,002004,2025-10-17 22:52:17
10:30:57,5.01,0.0,17,8517,卖盘,002004,2025-10-17 22:52:17
10:31:00,5.01,0.0,50,25050,卖盘,002004,2025-10-17 22:52:17
10:31:06,5.01,0.0,323,161823,卖盘,002004,2025-10-17 22:52:17
10:31:09,5.01,0.0,32,16032,卖盘,002004,2025-10-17 22:52:17
10:31:12,5.01,0.0,52,26052,卖盘,002004,2025-10-17 22:52:17
10:31:21,5.01,0.0,87,43587,卖盘,002004,2025-10-17 22:52:17
10:31:24,5.01,0.0,20,10020,卖盘,002004,2025-10-17 22:52:17
10:31:27,5.01,0.0,10,5010,卖盘,002004,2025-10-17 22:52:17
10:31:30,5.01,0.0,300,150300,卖盘,002004,2025-10-17 22:52:17
10:31:33,5.01,0.0,1,501,卖盘,002004,2025-10-17 22:52:17
10:31:39,5.01,0.0,10,5010,卖盘,002004,2025-10-17 22:52:17
10:31:42,5.01,0.0,6,3006,卖盘,002004,2025-10-17 22:52:17
10:31:45,5.01,0.0,10,5010,卖盘,002004,2025-10-17 22:52:17
10:31:54,5.01,0.0,9,4509,卖盘,002004,2025-10-17 22:52:17
10:32:00,5.01,0.0,26,13026,卖盘,002004,2025-10-17 22:52:17
10:32:06,5.01,0.0,5,2505,卖盘,002004,2025-10-17 22:52:17
10:32:09,5.01,0.0,3,1503,卖盘,002004,2025-10-17 22:52:17
10:32:12,5.01,0.0,1,501,卖盘,002004,2025-10-17 22:52:17
10:32:15,5.01,0.0,44,22044,卖盘,002004,2025-10-17 22:52:17
10:32:21,5.01,0.0,30,15030,卖盘,002004,2025-10-17 22:52:17
10:32:27,5.01,0.0,3,1503,卖盘,002004,2025-10-17 22:52:17
10:32:30,5.01,0.0,114,57114,卖盘,002004,2025-10-17 22:52:17
10:32:33,5.01,0.0,8,4008,卖盘,002004,2025-10-17 22:52:17
10:32:42,5.01,0.0,22,11022,卖盘,002004,2025-10-17 22:52:17
10:32:51,5.01,0.0,50,25050,卖盘,002004,2025-10-17 22:52:17
10:32:57,5.01,0.0,310,155310,卖盘,002004,2025-10-17 22:52:17
10:33:00,5.01,0.0,30,15030,卖盘,002004,2025-10-17 22:52:17
10:33:03,5.01,0.0,63,31563,卖盘,002004,2025-10-17 22:52:17
10:33:09,5.01,0.0,200,100200,卖盘,002004,2025-10-17 22:52:17
10:33:12,5.01,0.0,1,501,卖盘,002004,2025-10-17 22:52:17
10:33:15,5.01,0.0,32,16032,卖盘,002004,2025-10-17 22:52:17
10:33:24,5.01,0.0,3,1503,卖盘,002004,2025-10-17 22:52:17
10:33:33,5.01,0.0,5,2505,卖盘,002004,2025-10-17 22:52:17
10:33:36,5.01,0.0,3,1503,卖盘,002004,2025-10-17 22:52:17
10:33:39,5.01,0.0,32,16032,卖盘,002004,2025-10-17 22:52:17
10:34:09,5.01,0.0,52,26052,卖盘,002004,2025-10-17 22:52:17
10:34:12,5.01,0.0,104,52104,卖盘,002004,2025-10-17 22:52:17
10:34:15,5.01,0.0,114,57114,卖盘,002004,2025-10-17 22:52:17
10:34:18,5.01,0.0,40,20040,卖盘,002004,2025-10-17 22:52:17
10:34:24,5.01,0.0,68,34068,卖盘,002004,2025-10-17 22:52:17
10:34:30,5.01,0.0,1,501,卖盘,002004,2025-10-17 22:52:17
10:34:33,5.01,0.0,26,13026,卖盘,002004,2025-10-17 22:52:17
10:34:39,5.01,0.0,11,5511,卖盘,002004,2025-10-17 22:52:17
10:34:42,5.01,0.0,1,501,卖盘,002004,2025-10-17 22:52:17
10:34:45,5.01,0.0,382,191382,卖盘,002004,2025-10-17 22:52:17
10:34:48,5.01,0.0,51,25551,卖盘,002004,2025-10-17 22:52:17
10:34:51,5.01,0.0,5,2505,卖盘,002004,2025-10-17 22:52:17
10:34:54,5.01,0.0,1,501,卖盘,002004,2025-10-17 22:52:17
10:35:03,5.01,0.0,3,1503,卖盘,002004,2025-10-17 22:52:17
10:35:09,5.01,0.0,1,501,卖盘,002004,2025-10-17 22:52:17
10:35:15,5.01,0.0,500,250500,卖盘,002004,2025-10-17 22:52:17
10:35:21,5.01,0.0,2,1002,卖盘,002004,2025-10-17 22:52:17
10:35:24,5.01,0.0,5,2505,卖盘,002004,2025-10-17 22:52:17
10:35:27,5.01,0.0,3,1503,卖盘,002004,2025-10-17 22:52:17
10:35:30,5.01,0.0,12,6012,卖盘,002004,2025-10-17 22:52:17
10:35:36,5.01,0.0,20,10020,卖盘,002004,2025-10-17 22:52:17
10:35:39,5.01,0.0,4,2004,卖盘,002004,2025-10-17 22:52:17
10:35:54,5.01,0.0,7,3507,卖盘,002004,2025-10-17 22:52:17
10:35:57,5.01,0.0,10,5010,卖盘,002004,2025-10-17 22:52:17
10:36:00,5.01,0.0,2,1002,卖盘,002004,2025-10-17 22:52:17
10:36:06,5.01,0.0,29,14529,卖盘,002004,2025-10-17 22:52:17
10:36:09,5.01,0.0,3,1503,卖盘,002004,2025-10-17 22:52:17
10:36:21,5.01,0.0,9,4509,卖盘,002004,2025-10-17 22:52:17
10:36:27,5.01,0.0,12,6012,卖盘,002004,2025-10-17 22:52:17
10:36:33,5.01,0.0,110,55110,卖盘,002004,2025-10-17 22:52:17
10:36:36,5.01,0.0,1,501,卖盘,002004,2025-10-17 22:52:17
10:36:42,5.01,0.0,12,6012,卖盘,002004,2025-10-17 22:52:17
10:36:48,5.01,0.0,23,11523,卖盘,002004,2025-10-17 22:52:17
10:36:51,5.01,0.0,24,12024,卖盘,002004,2025-10-17 22:52:17
10:37:09,5.01,0.0,87,43587,卖盘,002004,2025-10-17 22:52:17
10:37:12,5.01,0.0,123,61623,卖盘,002004,2025-10-17 22:52:17
10:37:15,5.01,0.0,33,16533,卖盘,002004,2025-10-17 22:52:17
10:37:18,5.01,0.0,297,148797,卖盘,002004,2025-10-17 22:52:17
10:37:24,5.01,0.0,10,5010,卖盘,002004,2025-10-17 22:52:17
10:37:27,5.01,0.0,10,5010,卖盘,002004,2025-10-17 22:52:17
10:37:30,5.01,0.0,50,25050,卖盘,002004,2025-10-17 22:52:17
10:37:36,5.01,0.0,60,30060,卖盘,002004,2025-10-17 22:52:17
10:37:57,5.01,0.0,24,12024,卖盘,002004,2025-10-17 22:52:17
10:38:00,5.01,0.0,1,501,卖盘,002004,2025-10-17 22:52:17
10:38:03,5.01,0.0,10,5010,卖盘,002004,2025-10-17 22:52:17
10:38:06,5.01,0.0,30,15030,卖盘,002004,2025-10-17 22:52:17
10:38:09,5.01,0.0,224,112224,卖盘,002004,2025-10-17 22:52:17
10:38:12,5.01,0.0,3,1503,卖盘,002004,2025-10-17 22:52:17
10:38:15,5.01,0.0,11,5511,卖盘,002004,2025-10-17 22:52:17
10:38:21,5.01,0.0,302,151302,卖盘,002004,2025-10-17 22:52:17
10:38:30,5.01,0.0,7,3507,卖盘,002004,2025-10-17 22:52:17
10:38:33,5.01,0.0,6,3006,卖盘,002004,2025-10-17 22:52:17
10:38:42,5.01,0.0,17,8517,卖盘,002004,2025-10-17 22:52:17
10:38:45,5.01,0.0,5,2505,卖盘,002004,2025-10-17 22:52:17
10:38:48,5.01,0.0,23,11523,卖盘,002004,2025-10-17 22:52:17
10:38:54,5.01,0.0,290,145290,卖盘,002004,2025-10-17 22:52:17
10:39:03,5.01,0.0,30,15030,卖盘,002004,2025-10-17 22:52:17
10:39:12,5.01,0.0,45,22545,卖盘,002004,2025-10-17 22:52:17
10:39:15,5.01,0.0,40,20040,卖盘,002004,2025-10-17 22:52:17
10:39:18,5.01,0.0,12,6012,卖盘,002004,2025-10-17 22:52:17
10:39:21,5.01,0.0,8,4008,卖盘,002004,2025-10-17 22:52:17
10:39:24,5.01,0.0,275,137775,卖盘,002004,2025-10-17 22:52:17
10:39:27,5.01,0.0,50,25050,卖盘,002004,2025-10-17 22:52:17
10:39:30,5.01,0.0,20,10020,卖盘,002004,2025-10-17 22:52:17
10:39:33,5.01,0.0,7,3507,卖盘,002004,2025-10-17 22:52:17
10:39:42,5.01,0.0,138,69138,卖盘,002004,2025-10-17 22:52:17
10:39:45,5.01,0.0,1,501,卖盘,002004,2025-10-17 22:52:17
10:39:48,5.01,0.0,37,18537,卖盘,002004,2025-10-17 22:52:17
10:39:57,5.01,0.0,720,360720,卖盘,002004,2025-10-17 22:52:17
10:40:00,5.01,0.0,2,1002,卖盘,002004,2025-10-17 22:52:17
10:40:09,5.01,0.0,201,100701,卖盘,002004,2025-10-17 22:52:17
10:40:12,5.01,0.0,24,12024,卖盘,002004,2025-10-17 22:52:17
10:40:21,5.01,0.0,36,18036,卖盘,002004,2025-10-17 22:52:17
10:40:33,5.01,0.0,10,5010,卖盘,002004,2025-10-17 22:52:17
10:40:39,5.01,0.0,101,50601,卖盘,002004,2025-10-17 22:52:17
10:40:42,5.01,0.0,20,10020,卖盘,002004,2025-10-17 22:52:17
10:40:45,5.01,0.0,4,2004,卖盘,002004,2025-10-17 22:52:17
10:40:48,5.01,0.0,44,22044,卖盘,002004,2025-10-17 22:52:17
10:40:54,5.01,0.0,10,5010,卖盘,002004,2025-10-17 22:52:17
10:41:06,5.01,0.0,29,14529,卖盘,002004,2025-10-17 22:52:17
10:41:24,5.01,0.0,10,5010,卖盘,002004,2025-10-17 22:52:17
10:41:27,5.01,0.0,10,5010,卖盘,002004,2025-10-17 22:52:17
10:41:30,5.01,0.0,9,4509,卖盘,002004,2025-10-17 22:52:17
10:41:33,5.01,0.0,25,12525,卖盘,002004,2025-10-17 22:52:17
10:41:36,5.01,0.0,12,6012,卖盘,002004,2025-10-17 22:52:17
10:41:39,5.01,0.0,11,5511,卖盘,002004,2025-10-17 22:52:17
10:41:42,5.01,0.0,18,9018,卖盘,002004,2025-10-17 22:52:17
10:41:45,5.01,0.0,1,501,卖盘,002004,2025-10-17 22:52:17
10:41:54,5.01,0.0,12,6012,卖盘,002004,2025-10-17 22:52:17
10:42:00,5.01,0.0,24,12024,卖盘,002004,2025-10-17 22:52:17
10:42:12,5.01,0.0,25,12525,卖盘,002004,2025-10-17 22:52:17
10:42:15,5.01,0.0,25,12525,卖盘,002004,2025-10-17 22:52:17
10:42:21,5.01,0.0,5,2505,卖盘,002004,2025-10-17 22:52:17
10:42:24,5.01,0.0,10,5010,卖盘,002004,2025-10-17 22:52:17
10:42:36,5.01,0.0,16,8016,卖盘,002004,2025-10-17 22:52:17
10:42:39,5.01,0.0,12,6012,卖盘,002004,2025-10-17 22:52:17
10:42:48,5.01,0.0,20,10020,卖盘,002004,2025-10-17 22:52:17
10:42:54,5.01,0.0,28,14028,卖盘,002004,2025-10-17 22:52:17
10:43:03,5.01,0.0,13,6513,卖盘,002004,2025-10-17 22:52:17
10:43:09,5.01,0.0,5,2505,卖盘,002004,2025-10-17 22:52:17
10:43:18,5.01,0.0,27,13527,卖盘,002004,2025-10-17 22:52:17
10:43:21,5.01,0.0,2,1002,卖盘,002004,2025-10-17 22:52:17
10:43:27,5.01,0.0,12,6012,卖盘,002004,2025-10-17 22:52:17
10:43:30,5.01,0.0,82,41082,卖盘,002004,2025-10-17 22:52:17
10:43:36,5.01,0.0,3,1503,卖盘,002004,2025-10-17 22:52:17
10:43:48,5.01,0.0,527,264027,卖盘,002004,2025-10-17 22:52:17
10:44:00,5.01,0.0,2,1002,卖盘,002004,2025-10-17 22:52:17
10:44:03,5.01,0.0,2,1002,卖盘,002004,2025-10-17 22:52:17
10:44:09,5.01,0.0,5,2505,卖盘,002004,2025-10-17 22:52:17
10:44:15,5.01,0.0,13,6513,卖盘,002004,2025-10-17 22:52:17
10:44:27,5.01,0.0,5,2505,卖盘,002004,2025-10-17 22:52:17
10:44:33,5.01,0.0,3,1503,卖盘,002004,2025-10-17 22:52:17
10:44:36,5.01,0.0,1,501,卖盘,002004,2025-10-17 22:52:17
10:44:51,5.01,0.0,32,16032,卖盘,002004,2025-10-17 22:52:17
10:44:57,5.01,0.0,94,47094,卖盘,002004,2025-10-17 22:52:17
10:45:00,5.01,0.0,1,501,卖盘,002004,2025-10-17 22:52:17
10:45:09,5.01,0.0,12,6012,卖盘,002004,2025-10-17 22:52:17
10:45:18,5.01,0.0,34,17034,卖盘,002004,2025-10-17 22:52:17
10:45:30,5.01,0.0,1,501,卖盘,002004,2025-10-17 22:52:17
10:45:45,5.01,0.0,100,50100,卖盘,002004,2025-10-17 22:52:17
10:45:48,5.01,0.0,47,23547,卖盘,002004,2025-10-17 22:52:17
10:45:51,5.01,0.0,4,2004,卖盘,002004,2025-10-17 22:52:17
10:46:06,5.01,0.0,12,6012,卖盘,002004,2025-10-17 22:52:17
10:46:09,5.01,0.0,5,2505,卖盘,002004,2025-10-17 22:52:17
10:46:15,5.01,0.0,80,40080,卖盘,002004,2025-10-17 22:52:17
10:46:18,5.01,0.0,4,2004,卖盘,002004,2025-10-17 22:52:17
10:46:21,5.01,0.0,50,25050,卖盘,002004,2025-10-17 22:52:17
10:46:36,5.01,0.0,3,1503,卖盘,002004,2025-10-17 22:52:17
10:46:39,5.01,0.0,1,501,卖盘,002004,2025-10-17 22:52:17
10:46:45,5.01,0.0,16,8016,卖盘,002004,2025-10-17 22:52:17
10:47:12,5.01,0.0,11,5511,卖盘,002004,2025-10-17 22:52:17
10:47:21,5.01,0.0,50,25050,卖盘,002004,2025-10-17 22:52:17
10:47:27,5.01,0.0,45,22545,卖盘,002004,2025-10-17 22:52:17
10:47:48,5.01,0.0,1315,658815,卖盘,002004,2025-10-17 22:52:17
10:47:51,5.01,0.0,9,4509,卖盘,002004,2025-10-17 22:52:17
10:48:00,5.01,0.0,12,6012,卖盘,002004,2025-10-17 22:52:17
10:48:15,5.01,0.0,3,1503,卖盘,002004,2025-10-17 22:52:17
10:48:18,5.01,0.0,79,39579,卖盘,002004,2025-10-17 22:52:17
10:48:21,5.01,0.0,2,1002,卖盘,002004,2025-10-17 22:52:17
10:48:27,5.01,0.0,47,23547,卖盘,002004,2025-10-17 22:52:17
10:48:30,5.01,0.0,5,2505,卖盘,002004,2025-10-17 22:52:17
10:48:33,5.01,0.0,15,7515,卖盘,002004,2025-10-17 22:52:17
10:48:36,5.01,0.0,10,5010,卖盘,002004,2025-10-17 22:52:17
10:48:54,5.01,0.0,5,2505,卖盘,002004,2025-10-17 22:52:17
10:48:57,5.01,0.0,7,3507,卖盘,002004,2025-10-17 22:52:17
10:49:03,5.01,0.0,11,5511,卖盘,002004,2025-10-17 22:52:17
10:49:12,5.01,0.0,14,7014,卖盘,002004,2025-10-17 22:52:17
10:49:21,5.01,0.0,2,1002,卖盘,002004,2025-10-17 22:52:17
10:49:27,5.01,0.0,45,22545,卖盘,002004,2025-10-17 22:52:17
10:49:39,5.01,0.0,1,501,卖盘,002004,2025-10-17 22:52:17
10:49:45,5.01,0.0,10,5010,卖盘,002004,2025-10-17 22:52:17
10:49:48,5.01,0.0,20,10020,卖盘,002004,2025-10-17 22:52:17
10:49:51,5.01,0.0,20,10020,卖盘,002004,2025-10-17 22:52:17
10:49:54,5.01,0.0,14,7014,卖盘,002004,2025-10-17 22:52:17
10:49:57,5.01,0.0,6,3006,卖盘,002004,2025-10-17 22:52:17
10:50:06,5.01,0.0,20,10020,卖盘,002004,2025-10-17 22:52:17
10:50:12,5.01,0.0,106,53106,卖盘,002004,2025-10-17 22:52:17
10:50:15,5.01,0.0,20,10020,卖盘,002004,2025-10-17 22:52:17
10:50:18,5.01,0.0,41,20541,卖盘,002004,2025-10-17 22:52:17
10:50:21,5.01,0.0,9,4509,卖盘,002004,2025-10-17 22:52:17
10:50:30,5.01,0.0,20,10020,卖盘,002004,2025-10-17 22:52:17
10:50:33,5.01,0.0,5,2505,卖盘,002004,2025-10-17 22:52:17
10:50:36,5.01,0.0,6,3006,卖盘,002004,2025-10-17 22:52:17
10:51:00,5.01,0.0,21,10521,卖盘,002004,2025-10-17 22:52:17
10:51:03,5.01,0.0,59,29559,卖盘,002004,2025-10-17 22:52:17
10:51:06,5.01,0.0,11,5511,卖盘,002004,2025-10-17 22:52:17
10:51:12,5.01,0.0,32,16032,卖盘,002004,2025-10-17 22:52:17
10:51:15,5.01,0.0,2,1002,卖盘,002004,2025-10-17 22:52:17
10:51:18,5.01,0.0,9,4509,卖盘,002004,2025-10-17 22:52:17
10:51:30,5.01,0.0,70,35070,卖盘,002004,2025-10-17 22:52:17
10:51:33,5.01,0.0,2,1002,卖盘,002004,2025-10-17 22:52:17
10:51:39,5.01,0.0,27,13527,卖盘,002004,2025-10-17 22:52:17
10:52:12,5.01,0.0,43,21543,卖盘,002004,2025-10-17 22:52:17
10:52:24,5.01,0.0,23,11523,卖盘,002004,2025-10-17 22:52:17
10:52:33,5.01,0.0,61,30561,卖盘,002004,2025-10-17 22:52:17
10:52:36,5.01,0.0,2,1002,卖盘,002004,2025-10-17 22:52:17
10:52:42,5.01,0.0,25,12525,卖盘,002004,2025-10-17 22:52:17
10:52:45,5.01,0.0,34,17034,卖盘,002004,2025-10-17 22:52:17
10:52:51,5.01,0.0,10,5010,卖盘,002004,2025-10-17 22:52:17
10:52:57,5.01,0.0,2,1002,卖盘,002004,2025-10-17 22:52:17
10:53:03,5.01,0.0,10,5010,卖盘,002004,2025-10-17 22:52:17
10:53:42,5.01,0.0,15,7515,卖盘,002004,2025-10-17 22:52:17
10:53:51,5.01,0.0,1,501,卖盘,002004,2025-10-17 22:52:17
10:54:24,5.01,0.0,107,53607,卖盘,002004,2025-10-17 22:52:17
10:54:39,5.01,0.0,15,7515,卖盘,002004,2025-10-17 22:52:17
10:54:42,5.01,0.0,140,70140,卖盘,002004,2025-10-17 22:52:17
10:54:45,5.01,0.0,64,32064,卖盘,002004,2025-10-17 22:52:17
10:54:48,5.01,0.0,10,5010,卖盘,002004,2025-10-17 22:52:17
10:54:51,5.01,0.0,10,5010,卖盘,002004,2025-10-17 22:52:17
10:54:54,5.01,0.0,3191,1598691,卖盘,002004,2025-10-17 22:52:17
10:54:57,5.01,0.0,9,4509,卖盘,002004,2025-10-17 22:52:17
10:55:00,5.01,0.0,100,50100,卖盘,002004,2025-10-17 22:52:17
10:55:03,5.01,0.0,24,12024,卖盘,002004,2025-10-17 22:52:17
10:55:09,5.01,0.0,2,1002,卖盘,002004,2025-10-17 22:52:17
10:55:15,5.01,0.0,1,501,卖盘,002004,2025-10-17 22:52:17
10:55:18,5.01,0.0,10,5010,卖盘,002004,2025-10-17 22:52:17
10:55:21,5.01,0.0,65,32565,卖盘,002004,2025-10-17 22:52:17
10:55:27,5.01,0.0,10,5010,卖盘,002004,2025-10-17 22:52:17
10:55:36,5.01,0.0,200,100200,卖盘,002004,2025-10-17 22:52:17
10:55:42,5.01,0.0,6,3006,卖盘,002004,2025-10-17 22:52:17
10:55:54,5.01,0.0,1,501,卖盘,002004,2025-10-17 22:52:17
10:55:57,5.01,0.0,49,24549,卖盘,002004,2025-10-17 22:52:17
10:56:03,5.01,0.0,294,147294,卖盘,002004,2025-10-17 22:52:17
10:56:09,5.01,0.0,100,50100,卖盘,002004,2025-10-17 22:52:17
10:56:21,5.01,0.0,11,5511,卖盘,002004,2025-10-17 22:52:17
10:56:24,5.01,0.0,10,5010,卖盘,002004,2025-10-17 22:52:17
10:56:27,5.01,0.0,5,2505,卖盘,002004,2025-10-17 22:52:17
10:56:30,5.01,0.0,15,7515,卖盘,002004,2025-10-17 22:52:17
10:56:36,5.01,0.0,1,501,卖盘,002004,2025-10-17 22:52:17
10:56:39,5.01,0.0,106,53106,卖盘,002004,2025-10-17 22:52:17
10:56:42,5.01,0.0,30,15030,卖盘,002004,2025-10-17 22:52:17
10:56:45,5.01,0.0,3,1503,卖盘,002004,2025-10-17 22:52:17
10:56:51,5.01,0.0,7,3507,卖盘,002004,2025-10-17 22:52:17
10:56:57,5.01,0.0,110,55110,卖盘,002004,2025-10-17 22:52:17
10:57:00,5.01,0.0,72,36072,卖盘,002004,2025-10-17 22:52:17
10:57:03,5.01,0.0,10,5010,卖盘,002004,2025-10-17 22:52:17
10:57:12,5.01,0.0,20,10020,卖盘,002004,2025-10-17 22:52:17
10:57:15,5.01,0.0,6,3006,卖盘,002004,2025-10-17 22:52:17
10:57:21,5.01,0.0,6,3006,卖盘,002004,2025-10-17 22:52:17
10:57:24,5.01,0.0,30,15030,卖盘,002004,2025-10-17 22:52:17
10:57:45,5.01,0.0,83,41583,卖盘,002004,2025-10-17 22:52:17
10:57:48,5.01,0.0,1,501,卖盘,002004,2025-10-17 22:52:17
10:58:00,5.01,0.0,30,15030,卖盘,002004,2025-10-17 22:52:17
10:58:27,5.01,0.0,12,6012,卖盘,002004,2025-10-17 22:52:17
10:58:33,5.01,0.0,2,1002,卖盘,002004,2025-10-17 22:52:17
10:58:39,5.01,0.0,109,54609,卖盘,002004,2025-10-17 22:52:17
10:58:45,5.01,0.0,245,122745,卖盘,002004,2025-10-17 22:52:17
10:58:48,5.01,0.0,5,2505,卖盘,002004,2025-10-17 22:52:17
10:58:54,5.01,0.0,3,1503,卖盘,002004,2025-10-17 22:52:17
10:58:57,5.01,0.0,23,11523,卖盘,002004,2025-10-17 22:52:17
10:59:00,5.01,0.0,1,501,卖盘,002004,2025-10-17 22:52:17
10:59:18,5.01,0.0,25,12525,卖盘,002004,2025-10-17 22:52:17
10:59:21,5.01,0.0,10,5010,卖盘,002004,2025-10-17 22:52:17
10:59:24,5.01,0.0,6,3006,卖盘,002004,2025-10-17 22:52:17
10:59:33,5.01,0.0,30,15030,卖盘,002004,2025-10-17 22:52:17
10:59:36,5.01,0.0,6,3006,卖盘,002004,2025-10-17 22:52:17
10:59:42,5.01,0.0,2,1002,卖盘,002004,2025-10-17 22:52:17
10:59:45,5.01,0.0,350,175350,卖盘,002004,2025-10-17 22:52:17
10:59:51,5.01,0.0,11,5511,卖盘,002004,2025-10-17 22:52:17
10:59:54,5.01,0.0,3,1503,卖盘,002004,2025-10-17 22:52:17
10:59:57,5.01,0.0,1,501,卖盘,002004,2025-10-17 22:52:17
11:00:12,5.01,0.0,23,11523,卖盘,002004,2025-10-17 22:52:17
11:00:15,5.01,0.0,12,6012,卖盘,002004,2025-10-17 22:52:17
11:00:18,5.01,0.0,50,25050,卖盘,002004,2025-10-17 22:52:17
11:00:42,5.01,0.0,12,6012,卖盘,002004,2025-10-17 22:52:17
11:00:54,5.01,0.0,10,5010,卖盘,002004,2025-10-17 22:52:17
11:00:57,5.01,0.0,309,154809,卖盘,002004,2025-10-17 22:52:17
11:01:09,5.01,0.0,162,81162,卖盘,002004,2025-10-17 22:52:17
11:01:12,5.01,0.0,17,8517,卖盘,002004,2025-10-17 22:52:17
11:01:15,5.01,0.0,100,50100,卖盘,002004,2025-10-17 22:52:17
11:01:33,5.01,0.0,23,11523,卖盘,002004,2025-10-17 22:52:17
11:01:36,5.01,0.0,20,10020,卖盘,002004,2025-10-17 22:52:17
11:01:42,5.01,0.0,32,16032,卖盘,002004,2025-10-17 22:52:17
11:02:06,5.01,0.0,200,100200,卖盘,002004,2025-10-17 22:52:17
11:02:21,5.01,0.0,1,501,卖盘,002004,2025-10-17 22:52:17
11:02:24,5.01,0.0,20,10020,卖盘,002004,2025-10-17 22:52:17
11:02:27,5.01,0.0,59,29559,卖盘,002004,2025-10-17 22:52:17
11:02:42,5.01,0.0,29,14529,卖盘,002004,2025-10-17 22:52:17
11:02:45,5.01,0.0,50,25050,卖盘,002004,2025-10-17 22:52:17
11:02:48,5.01,0.0,131,65631,卖盘,002004,2025-10-17 22:52:17
11:02:51,5.01,0.0,1,501,卖盘,002004,2025-10-17 22:52:17
11:02:54,5.01,0.0,11,5511,卖盘,002004,2025-10-17 22:52:17
11:03:09,5.01,0.0,3,1503,卖盘,002004,2025-10-17 22:52:17
11:03:12,5.01,0.0,77,38577,卖盘,002004,2025-10-17 22:52:17
11:03:18,5.01,0.0,1,501,卖盘,002004,2025-10-17 22:52:17
11:03:21,5.01,0.0,4,2004,卖盘,002004,2025-10-17 22:52:17
11:03:27,5.01,0.0,16,8016,卖盘,002004,2025-10-17 22:52:17
11:03:36,5.01,0.0,39,19539,卖盘,002004,2025-10-17 22:52:17
11:04:00,5.01,0.0,1,501,卖盘,002004,2025-10-17 22:52:17
11:04:12,5.01,0.0,56,28056,卖盘,002004,2025-10-17 22:52:17
11:04:30,5.01,0.0,50,25050,卖盘,002004,2025-10-17 22:52:17
11:04:42,5.01,0.0,42,21042,卖盘,002004,2025-10-17 22:52:17
11:04:45,5.01,0.0,3,1503,卖盘,002004,2025-10-17 22:52:17
11:05:00,5.01,0.0,20,10020,卖盘,002004,2025-10-17 22:52:17
11:05:03,5.01,0.0,12,6012,卖盘,002004,2025-10-17 22:52:17
11:05:15,5.01,0.0,12,6012,卖盘,002004,2025-10-17 22:52:17
11:05:21,5.01,0.0,7,3507,卖盘,002004,2025-10-17 22:52:17
11:05:33,5.01,0.0,50,25050,卖盘,002004,2025-10-17 22:52:17
11:05:39,5.01,0.0,1,501,卖盘,002004,2025-10-17 22:52:17
11:05:42,5.01,0.0,1,501,卖盘,002004,2025-10-17 22:52:17
11:05:54,5.01,0.0,5,2505,卖盘,002004,2025-10-17 22:52:17
11:05:57,5.01,0.0,105,52605,卖盘,002004,2025-10-17 22:52:17
11:06:00,5.01,0.0,24,12024,卖盘,002004,2025-10-17 22:52:17
11:06:03,5.01,0.0,12,6012,卖盘,002004,2025-10-17 22:52:17
11:06:12,5.01,0.0,10,5010,卖盘,002004,2025-10-17 22:52:17
11:06:21,5.01,0.0,31,15531,卖盘,002004,2025-10-17 22:52:17
11:06:27,5.01,0.0,10,5010,卖盘,002004,2025-10-17 22:52:17
11:06:33,5.01,0.0,10,5010,卖盘,002004,2025-10-17 22:52:17
11:06:39,5.01,0.0,20,10020,卖盘,002004,2025-10-17 22:52:17
11:06:45,5.01,0.0,101,50601,卖盘,002004,2025-10-17 22:52:17
11:06:48,5.01,0.0,5,2505,卖盘,002004,2025-10-17 22:52:17
11:07:18,5.01,0.0,6,3006,卖盘,002004,2025-10-17 22:52:17
11:07:27,5.01,0.0,12,6012,卖盘,002004,2025-10-17 22:52:17
11:07:30,5.01,0.0,12,6012,卖盘,002004,2025-10-17 22:52:17
11:07:33,5.01,0.0,12,6012,卖盘,002004,2025-10-17 22:52:17
11:07:42,5.01,0.0,10,5010,卖盘,002004,2025-10-17 22:52:17
11:07:54,5.01,0.0,6,3006,卖盘,002004,2025-10-17 22:52:17
11:08:00,5.01,0.0,162,81162,卖盘,002004,2025-10-17 22:52:17
11:08:03,5.01,0.0,1,501,卖盘,002004,2025-10-17 22:52:17
11:08:06,5.01,0.0,6,3006,卖盘,002004,2025-10-17 22:52:17
11:08:24,5.01,0.0,8,4008,卖盘,002004,2025-10-17 22:52:17
11:08:33,5.01,0.0,162,81162,卖盘,002004,2025-10-17 22:52:17
11:08:45,5.01,0.0,43,21543,卖盘,002004,2025-10-17 22:52:17
11:09:00,5.01,0.0,37,18537,卖盘,002004,2025-10-17 22:52:17
11:09:24,5.01,0.0,123,61623,卖盘,002004,2025-10-17 22:52:17
11:09:27,5.01,0.0,28,14028,卖盘,002004,2025-10-17 22:52:17
11:09:30,5.01,0.0,25,12525,卖盘,002004,2025-10-17 22:52:17
11:09:33,5.01,0.0,100,50100,卖盘,002004,2025-10-17 22:52:17
11:09:42,5.01,0.0,35,17535,卖盘,002004,2025-10-17 22:52:17
11:09:51,5.01,0.0,32,16032,卖盘,002004,2025-10-17 22:52:17
11:09:54,5.01,0.0,25,12525,卖盘,002004,2025-10-17 22:52:17
11:09:57,5.01,0.0,2,1002,卖盘,002004,2025-10-17 22:52:17
11:10:00,5.01,0.0,1000,501000,卖盘,002004,2025-10-17 22:52:17
11:10:03,5.01,0.0,7,3507,卖盘,002004,2025-10-17 22:52:17
11:10:09,5.01,0.0,62,31062,卖盘,002004,2025-10-17 22:52:17
11:10:12,5.01,0.0,12,6012,卖盘,002004,2025-10-17 22:52:17
11:10:15,5.01,0.0,2976,1490991,卖盘,002004,2025-10-17 22:52:17
11:10:18,5.01,0.0,3,1503,卖盘,002004,2025-10-17 22:52:17
11:10:21,5.01,0.0,6,3006,卖盘,002004,2025-10-17 22:52:17
11:10:24,5.01,0.0,784,392784,卖盘,002004,2025-10-17 22:52:17
11:10:27,5.01,0.0,2,1002,卖盘,002004,2025-10-17 22:52:17
11:10:30,5.01,0.0,69,34569,卖盘,002004,2025-10-17 22:52:17
11:10:33,5.01,0.0,64,32064,卖盘,002004,2025-10-17 22:52:17
11:10:36,5.01,0.0,6,3006,卖盘,002004,2025-10-17 22:52:17
11:10:42,5.01,0.0,62,31062,卖盘,002004,2025-10-17 22:52:17
11:10:45,5.01,0.0,3,1503,卖盘,002004,2025-10-17 22:52:17
11:10:48,5.01,0.0,8,4008,卖盘,002004,2025-10-17 22:52:17
11:10:51,5.01,0.0,100,50100,卖盘,002004,2025-10-17 22:52:17
11:10:57,5.01,0.0,12,6012,卖盘,002004,2025-10-17 22:52:17
11:11:03,5.01,0.0,5,2505,卖盘,002004,2025-10-17 22:52:17
11:11:09,5.01,0.0,100,50100,卖盘,002004,2025-10-17 22:52:17
11:11:15,5.01,0.0,100,50100,卖盘,002004,2025-10-17 22:52:17
11:11:24,5.01,0.0,12,6012,卖盘,002004,2025-10-17 22:52:17
11:11:27,5.01,0.0,5,2505,卖盘,002004,2025-10-17 22:52:17
11:11:30,5.01,0.0,325,162825,卖盘,002004,2025-10-17 22:52:17
11:11:42,5.01,0.0,2,1002,卖盘,002004,2025-10-17 22:52:17
11:11:45,5.01,0.0,88,44088,卖盘,002004,2025-10-17 22:52:17
11:11:48,5.01,0.0,50,25050,卖盘,002004,2025-10-17 22:52:17
11:11:51,5.01,0.0,10,5010,卖盘,002004,2025-10-17 22:52:17
11:11:54,5.01,0.0,1,501,卖盘,002004,2025-10-17 22:52:17
11:12:03,5.01,0.0,7,3507,卖盘,002004,2025-10-17 22:52:17
11:12:06,5.01,0.0,45,22545,卖盘,002004,2025-10-17 22:52:17
11:12:09,5.01,0.0,1,501,卖盘,002004,2025-10-17 22:52:17
11:12:24,5.01,0.0,4,2004,卖盘,002004,2025-10-17 22:52:17
11:12:27,5.01,0.0,200,100200,卖盘,002004,2025-10-17 22:52:17
11:12:30,5.01,0.0,5,2505,卖盘,002004,2025-10-17 22:52:17
11:12:57,5.01,0.0,40,20040,卖盘,002004,2025-10-17 22:52:17
11:13:00,5.01,0.0,38,19038,卖盘,002004,2025-10-17 22:52:17
11:13:06,5.01,0.0,5,2505,卖盘,002004,2025-10-17 22:52:17
11:13:09,5.01,0.0,113,56613,卖盘,002004,2025-10-17 22:52:17
11:13:30,5.01,0.0,1,501,卖盘,002004,2025-10-17 22:52:17
11:13:33,5.01,0.0,91,45591,卖盘,002004,2025-10-17 22:52:17
11:14:06,5.01,0.0,49,24549,卖盘,002004,2025-10-17 22:52:17
11:14:09,5.01,0.0,150,75150,卖盘,002004,2025-10-17 22:52:17
11:14:12,5.01,0.0,10,5010,卖盘,002004,2025-10-17 22:52:17
11:14:15,5.01,0.0,475,237975,卖盘,002004,2025-10-17 22:52:17
11:14:18,5.01,0.0,1,501,卖盘,002004,2025-10-17 22:52:17
11:14:33,5.01,0.0,10,5010,卖盘,002004,2025-10-17 22:52:17
11:14:36,5.01,0.0,50,25050,卖盘,002004,2025-10-17 22:52:17
11:14:39,5.01,0.0,1,501,卖盘,002004,2025-10-17 22:52:17
11:14:48,5.01,0.0,126,63126,卖盘,002004,2025-10-17 22:52:17
11:14:51,5.01,0.0,9,4509,卖盘,002004,2025-10-17 22:52:17
11:14:57,5.01,0.0,135,67635,卖盘,002004,2025-10-17 22:52:17
11:15:03,5.01,0.0,104,52104,卖盘,002004,2025-10-17 22:52:17
11:15:15,5.01,0.0,5,2505,卖盘,002004,2025-10-17 22:52:17
11:15:21,5.01,0.0,2,1002,卖盘,002004,2025-10-17 22:52:17
11:15:33,5.01,0.0,7,3507,卖盘,002004,2025-10-17 22:52:17
11:15:36,5.01,0.0,27,13527,卖盘,002004,2025-10-17 22:52:17
11:15:42,5.01,0.0,20,10020,卖盘,002004,2025-10-17 22:52:17
11:15:54,5.01,0.0,8,4008,卖盘,002004,2025-10-17 22:52:17
11:15:57,5.01,0.0,20,10020,卖盘,002004,2025-10-17 22:52:17
11:16:00,5.01,0.0,1,501,卖盘,002004,2025-10-17 22:52:17
11:16:06,5.01,0.0,1,501,卖盘,002004,2025-10-17 22:52:17
11:16:30,5.01,0.0,5,2505,卖盘,002004,2025-10-17 22:52:17
11:16:33,5.01,0.0,65,32565,卖盘,002004,2025-10-17 22:52:17
11:16:42,5.01,0.0,10,5010,卖盘,002004,2025-10-17 22:52:17
11:16:45,5.01,0.0,6,3006,卖盘,002004,2025-10-17 22:52:17
11:16:48,5.01,0.0,113,56613,卖盘,002004,2025-10-17 22:52:17
11:16:54,5.01,0.0,20,10020,卖盘,002004,2025-10-17 22:52:17
11:17:03,5.01,0.0,1,501,卖盘,002004,2025-10-17 22:52:17
11:17:12,5.01,0.0,10,5010,卖盘,002004,2025-10-17 22:52:17
11:17:27,5.01,0.0,37,18537,卖盘,002004,2025-10-17 22:52:17
11:18:00,5.01,0.0,10,5010,卖盘,002004,2025-10-17 22:52:17
11:18:03,5.01,0.0,73,36573,卖盘,002004,2025-10-17 22:52:17
11:18:06,5.01,0.0,80,40080,卖盘,002004,2025-10-17 22:52:17
11:18:21,5.01,0.0,10,5010,卖盘,002004,2025-10-17 22:52:17
11:18:42,5.01,0.0,152,76152,卖盘,002004,2025-10-17 22:52:17
11:18:57,5.01,0.0,12,6012,卖盘,002004,2025-10-17 22:52:17
11:19:00,5.01,0.0,1006,504006,卖盘,002004,2025-10-17 22:52:17
11:19:03,5.01,0.0,22,11022,卖盘,002004,2025-10-17 22:52:17
11:19:24,5.01,0.0,50,25050,卖盘,002004,2025-10-17 22:52:17
11:19:30,5.01,0.0,7,3507,卖盘,002004,2025-10-17 22:52:17
11:19:33,5.01,0.0,452,226452,卖盘,002004,2025-10-17 22:52:17
11:19:36,5.01,0.0,50,25050,卖盘,002004,2025-10-17 22:52:17
11:19:45,5.01,0.0,407,203907,卖盘,002004,2025-10-17 22:52:17
11:19:48,5.01,0.0,201,100701,卖盘,002004,2025-10-17 22:52:17
11:19:51,5.01,0.0,62,31062,卖盘,002004,2025-10-17 22:52:17
11:19:57,5.01,0.0,30,15030,卖盘,002004,2025-10-17 22:52:17
11:20:03,5.01,0.0,51,25551,卖盘,002004,2025-10-17 22:52:17
11:20:06,5.01,0.0,75,37575,卖盘,002004,2025-10-17 22:52:17
11:20:12,5.01,0.0,40,20040,卖盘,002004,2025-10-17 22:52:17
11:20:24,5.01,0.0,10,5010,卖盘,002004,2025-10-17 22:52:17
11:20:27,5.01,0.0,3,1503,卖盘,002004,2025-10-17 22:52:17
11:20:33,5.01,0.0,5,2505,卖盘,002004,2025-10-17 22:52:17
11:20:36,5.01,0.0,30,15030,卖盘,002004,2025-10-17 22:52:17
11:20:39,5.01,0.0,54,27054,卖盘,002004,2025-10-17 22:52:17
11:20:42,5.01,0.0,10,5010,卖盘,002004,2025-10-17 22:52:17
11:20:45,5.01,0.0,48,24048,卖盘,002004,2025-10-17 22:52:17
11:20:51,5.01,0.0,222,111222,卖盘,002004,2025-10-17 22:52:17
11:20:54,5.01,0.0,6,3006,卖盘,002004,2025-10-17 22:52:17
11:20:57,5.01,0.0,10,5010,卖盘,002004,2025-10-17 22:52:17
11:21:00,5.01,0.0,40,20040,卖盘,002004,2025-10-17 22:52:17
11:21:09,5.01,0.0,25,12525,卖盘,002004,2025-10-17 22:52:17
11:21:12,5.01,0.0,10,5010,卖盘,002004,2025-10-17 22:52:17
11:21:18,5.01,0.0,62,31062,卖盘,002004,2025-10-17 22:52:17
11:21:27,5.01,0.0,46,23046,卖盘,002004,2025-10-17 22:52:17
11:21:33,5.01,0.0,35,17535,卖盘,002004,2025-10-17 22:52:17
11:21:39,5.01,0.0,5,2505,卖盘,002004,2025-10-17 22:52:17
11:21:42,5.01,0.0,10,5010,卖盘,002004,2025-10-17 22:52:17
11:21:45,5.01,0.0,30,15030,卖盘,002004,2025-10-17 22:52:17
11:21:48,5.01,0.0,89,44589,卖盘,002004,2025-10-17 22:52:17
11:21:51,5.01,0.0,1,501,卖盘,002004,2025-10-17 22:52:17
11:21:54,5.01,0.0,1010,506010,卖盘,002004,2025-10-17 22:52:17
11:21:57,5.01,0.0,300,150300,卖盘,002004,2025-10-17 22:52:17
11:22:03,5.01,0.0,90,45090,卖盘,002004,2025-10-17 22:52:17
11:22:06,5.01,0.0,5,2505,卖盘,002004,2025-10-17 22:52:17
11:22:09,5.01,0.0,506,253506,卖盘,002004,2025-10-17 22:52:17
11:22:12,5.01,0.0,1,501,卖盘,002004,2025-10-17 22:52:17
11:22:15,5.01,0.0,5,2505,卖盘,002004,2025-10-17 22:52:17
11:22:18,5.01,0.0,50,25050,卖盘,002004,2025-10-17 22:52:17
11:22:21,5.01,0.0,243,121743,卖盘,002004,2025-10-17 22:52:17
11:22:36,5.01,0.0,1,501,卖盘,002004,2025-10-17 22:52:17
11:22:39,5.01,0.0,65,32565,卖盘,002004,2025-10-17 22:52:17
11:22:42,5.01,0.0,21,10521,卖盘,002004,2025-10-17 22:52:17
11:22:45,5.01,0.0,11,5511,卖盘,002004,2025-10-17 22:52:17
11:22:48,5.01,0.0,90,45090,卖盘,002004,2025-10-17 22:52:17
11:22:51,5.01,0.0,20,10020,卖盘,002004,2025-10-17 22:52:17
11:23:06,5.01,0.0,70,35070,卖盘,002004,2025-10-17 22:52:17
11:23:15,5.01,0.0,30,15030,卖盘,002004,2025-10-17 22:52:17
11:23:21,5.01,0.0,612,306612,卖盘,002004,2025-10-17 22:52:17
11:23:24,5.01,0.0,1,501,卖盘,002004,2025-10-17 22:52:17
11:23:27,5.01,0.0,1,501,卖盘,002004,2025-10-17 22:52:17
11:23:39,5.01,0.0,90,45090,卖盘,002004,2025-10-17 22:52:17
11:23:42,5.01,0.0,45,22545,卖盘,002004,2025-10-17 22:52:17
11:23:45,5.01,0.0,949,475449,卖盘,002004,2025-10-17 22:52:17
11:23:48,5.01,0.0,10,5010,卖盘,002004,2025-10-17 22:52:17
11:23:51,5.01,0.0,1,501,卖盘,002004,2025-10-17 22:52:17
11:23:54,5.01,0.0,53,26553,卖盘,002004,2025-10-17 22:52:17
11:23:57,5.01,0.0,194,97194,卖盘,002004,2025-10-17 22:52:17
11:24:00,5.01,0.0,92,46092,卖盘,002004,2025-10-17 22:52:17
11:24:12,5.01,0.0,10,5010,卖盘,002004,2025-10-17 22:52:17
11:24:15,5.01,0.0,3,1503,卖盘,002004,2025-10-17 22:52:17
11:24:21,5.01,0.0,8,4008,卖盘,002004,2025-10-17 22:52:17
11:24:24,5.01,0.0,155,77655,卖盘,002004,2025-10-17 22:52:17
11:24:27,5.01,0.0,10,5010,卖盘,002004,2025-10-17 22:52:17
11:24:30,5.01,0.0,46,23046,卖盘,002004,2025-10-17 22:52:17
11:24:33,5.01,0.0,237,118737,卖盘,002004,2025-10-17 22:52:17
11:24:36,5.01,0.0,13,6513,卖盘,002004,2025-10-17 22:52:17
11:24:39,5.01,0.0,1025,513525,卖盘,002004,2025-10-17 22:52:17
11:24:42,5.01,0.0,32,16032,卖盘,002004,2025-10-17 22:52:17
11:24:45,5.01,0.0,20,10020,卖盘,002004,2025-10-17 22:52:17
11:24:54,5.01,0.0,13,6513,卖盘,002004,2025-10-17 22:52:17
11:24:57,5.01,0.0,3,1503,卖盘,002004,2025-10-17 22:52:17
11:25:03,5.01,0.0,32,16032,卖盘,002004,2025-10-17 22:52:17
11:25:06,5.01,0.0,1028,515028,卖盘,002004,2025-10-17 22:52:17
11:25:09,5.01,0.0,23,11523,卖盘,002004,2025-10-17 22:52:17
11:25:12,5.01,0.0,19,9519,卖盘,002004,2025-10-17 22:52:17
11:25:15,5.01,0.0,20,10020,卖盘,002004,2025-10-17 22:52:17
11:25:27,5.01,0.0,1000,501000,卖盘,002004,2025-10-17 22:52:17
11:25:30,5.01,0.0,24,12024,卖盘,002004,2025-10-17 22:52:17
11:25:33,5.01,0.0,10,5010,卖盘,002004,2025-10-17 22:52:17
11:25:36,5.01,0.0,502,251502,卖盘,002004,2025-10-17 22:52:17
11:25:39,5.01,0.0,501,251001,卖盘,002004,2025-10-17 22:52:17
11:25:45,5.01,0.0,46,23046,卖盘,002004,2025-10-17 22:52:17
11:25:48,5.01,0.0,1042,522042,卖盘,002004,2025-10-17 22:52:17
11:25:51,5.01,0.0,2,1002,卖盘,002004,2025-10-17 22:52:17
11:25:54,5.01,0.0,40,20040,卖盘,002004,2025-10-17 22:52:17
11:25:57,5.01,0.0,2000,1002000,卖盘,002004,2025-10-17 22:52:17
11:26:00,5.01,0.0,222,111222,卖盘,002004,2025-10-17 22:52:17
11:26:03,5.01,0.0,41,20541,卖盘,002004,2025-10-17 22:52:17
11:26:06,5.01,0.0,2000,1002000,卖盘,002004,2025-10-17 22:52:17
11:26:09,5.01,0.0,3062,1534062,卖盘,002004,2025-10-17 22:52:17
11:26:12,5.01,0.0,89,44589,卖盘,002004,2025-10-17 22:52:17
11:26:15,5.01,0.0,981,491481,卖盘,002004,2025-10-17 22:52:17
11:26:18,5.01,0.0,292,146292,卖盘,002004,2025-10-17 22:52:17
11:26:21,5.01,0.0,1660,831660,卖盘,002004,2025-10-17 22:52:17
11:26:24,5.01,0.0,124,62124,卖盘,002004,2025-10-17 22:52:17
11:26:27,5.01,0.0,86,43086,卖盘,002004,2025-10-17 22:52:17
11:26:30,5.01,0.0,241,120741,卖盘,002004,2025-10-17 22:52:17
11:26:33,5.01,0.0,391,195891,卖盘,002004,2025-10-17 22:52:17
11:26:36,5.01,0.0,2,1002,卖盘,002004,2025-10-17 22:52:17
11:26:39,5.01,0.0,518,259518,卖盘,002004,2025-10-17 22:52:17
11:26:42,5.01,0.0,12,6012,卖盘,002004,2025-10-17 22:52:17
11:26:45,5.01,0.0,89,44589,卖盘,002004,2025-10-17 22:52:17
11:26:51,5.01,0.0,510,255510,卖盘,002004,2025-10-17 22:52:17
11:26:54,5.01,0.0,20,10020,卖盘,002004,2025-10-17 22:52:17
11:26:57,5.01,0.0,229,114729,卖盘,002004,2025-10-17 22:52:17
11:27:00,5.01,0.0,11,5511,卖盘,002004,2025-10-17 22:52:17
11:27:03,5.01,0.0,3,1503,卖盘,002004,2025-10-17 22:52:17
11:27:15,5.01,0.0,734,367734,卖盘,002004,2025-10-17 22:52:17
11:27:18,5.01,0.0,1,501,卖盘,002004,2025-10-17 22:52:17
11:27:21,5.01,0.0,4,2004,卖盘,002004,2025-10-17 22:52:17
11:27:24,5.01,0.0,10,5010,卖盘,002004,2025-10-17 22:52:17
11:27:27,5.01,0.0,575,288075,卖盘,002004,2025-10-17 22:52:17
11:27:30,5.01,0.0,1,501,卖盘,002004,2025-10-17 22:52:17
11:27:36,5.01,0.0,57,28557,卖盘,002004,2025-10-17 22:52:17
11:27:45,5.01,0.0,3,1503,卖盘,002004,2025-10-17 22:52:17
11:27:48,5.01,0.0,132,66132,卖盘,002004,2025-10-17 22:52:17
11:27:51,5.01,0.0,100,50100,卖盘,002004,2025-10-17 22:52:17
11:27:54,5.01,0.0,50,25050,卖盘,002004,2025-10-17 22:52:17
11:27:57,5.01,0.0,24,12024,卖盘,002004,2025-10-17 22:52:17
11:28:00,5.01,0.0,10,5010,卖盘,002004,2025-10-17 22:52:17
11:28:06,5.01,0.0,120,60120,卖盘,002004,2025-10-17 22:52:17
11:28:09,5.01,0.0,510,255510,卖盘,002004,2025-10-17 22:52:17
11:28:15,5.01,0.0,21,10521,卖盘,002004,2025-10-17 22:52:17
11:28:18,5.01,0.0,1,501,卖盘,002004,2025-10-17 22:52:17
11:28:21,5.01,0.0,10,5010,卖盘,002004,2025-10-17 22:52:17
11:28:24,5.01,0.0,3739,1873239,卖盘,002004,2025-10-17 22:52:17
11:28:27,5.01,0.0,41,20541,卖盘,002004,2025-10-17 22:52:17
11:28:30,5.01,0.0,127,63627,卖盘,002004,2025-10-17 22:52:17
11:28:33,5.01,0.0,67,33567,卖盘,002004,2025-10-17 22:52:17
11:28:36,5.01,0.0,12,6012,卖盘,002004,2025-10-17 22:52:17
11:28:39,5.01,0.0,1,501,卖盘,002004,2025-10-17 22:52:17
11:28:42,5.01,0.0,3,1503,卖盘,002004,2025-10-17 22:52:17
11:28:48,5.01,0.0,12,6012,卖盘,002004,2025-10-17 22:52:17
11:28:51,5.01,0.0,66,33066,卖盘,002004,2025-10-17 22:52:17
11:28:57,5.01,0.0,41,20541,卖盘,002004,2025-10-17 22:52:17
11:29:00,5.01,0.0,21,10521,卖盘,002004,2025-10-17 22:52:17
11:29:03,5.01,0.0,50,25050,卖盘,002004,2025-10-17 22:52:17
11:29:09,5.01,0.0,200,100200,卖盘,002004,2025-10-17 22:52:17
11:29:15,5.01,0.0,1,501,卖盘,002004,2025-10-17 22:52:17
11:29:18,5.01,0.0,24,12024,卖盘,002004,2025-10-17 22:52:17
11:29:21,5.01,0.0,30,15030,卖盘,002004,2025-10-17 22:52:17
11:29:24,5.01,0.0,109,54609,卖盘,002004,2025-10-17 22:52:17
11:29:27,5.01,0.0,1,501,卖盘,002004,2025-10-17 22:52:17
11:29:30,5.01,0.0,30,15030,卖盘,002004,2025-10-17 22:52:17
11:29:36,5.01,0.0,21,10521,卖盘,002004,2025-10-17 22:52:17
11:29:42,5.01,0.0,12,6012,卖盘,002004,2025-10-17 22:52:17
11:29:45,5.01,0.0,1011,506511,卖盘,002004,2025-10-17 22:52:17
11:29:48,5.01,0.0,11,5511,卖盘,002004,2025-10-17 22:52:17
11:29:51,5.01,0.0,50,25050,卖盘,002004,2025-10-17 22:52:17
13:00:00,5.01,0.0,3633,1820133,卖盘,002004,2025-10-17 22:52:17
13:00:03,5.01,0.0,3902,1954902,卖盘,002004,2025-10-17 22:52:17
13:00:06,5.01,0.0,724,362724,卖盘,002004,2025-10-17 22:52:17
13:00:09,5.01,0.0,60,30060,卖盘,002004,2025-10-17 22:52:17
13:00:12,5.01,0.0,1,501,卖盘,002004,2025-10-17 22:52:17
13:00:15,5.01,0.0,197,98697,卖盘,002004,2025-10-17 22:52:17
13:00:18,5.01,0.0,55,27555,卖盘,002004,2025-10-17 22:52:17
13:00:21,5.01,0.0,271,135771,卖盘,002004,2025-10-17 22:52:17
13:00:24,5.01,0.0,128,64128,卖盘,002004,2025-10-17 22:52:17
13:00:30,5.01,0.0,100,50100,卖盘,002004,2025-10-17 22:52:17
13:00:33,5.01,0.0,110,55110,卖盘,002004,2025-10-17 22:52:17
13:00:36,5.01,0.0,8,4008,卖盘,002004,2025-10-17 22:52:17
13:00:39,5.01,0.0,88,44088,卖盘,002004,2025-10-17 22:52:17
13:00:48,5.01,0.0,3,1503,卖盘,002004,2025-10-17 22:52:17
13:00:51,5.01,0.0,1,501,卖盘,002004,2025-10-17 22:52:17
13:00:54,5.01,0.0,18,9018,卖盘,002004,2025-10-17 22:52:17
13:00:57,5.01,0.0,74,37074,卖盘,002004,2025-10-17 22:52:17
13:01:00,5.01,0.0,5,2505,卖盘,002004,2025-10-17 22:52:17
13:01:06,5.01,0.0,38,19038,卖盘,002004,2025-10-17 22:52:17
13:01:09,5.01,0.0,50,25050,卖盘,002004,2025-10-17 22:52:17
13:01:15,5.01,0.0,15,7515,卖盘,002004,2025-10-17 22:52:17
13:01:18,5.01,0.0,1,501,卖盘,002004,2025-10-17 22:52:17
13:01:24,5.01,0.0,51,25551,卖盘,002004,2025-10-17 22:52:17
13:01:27,5.01,0.0,433,216933,卖盘,002004,2025-10-17 22:52:17
13:01:30,5.01,0.0,4,2004,卖盘,002004,2025-10-17 22:52:17
13:01:42,5.01,0.0,6,3006,卖盘,002004,2025-10-17 22:52:17
13:01:45,5.01,0.0,48,24048,卖盘,002004,2025-10-17 22:52:17
13:01:48,5.01,0.0,21,10521,卖盘,002004,2025-10-17 22:52:17
13:01:51,5.01,0.0,10,5010,卖盘,002004,2025-10-17 22:52:17
13:01:54,5.01,0.0,40,20040,卖盘,002004,2025-10-17 22:52:17
13:01:57,5.01,0.0,13,6513,卖盘,002004,2025-10-17 22:52:17
13:02:00,5.01,0.0,10,5010,卖盘,002004,2025-10-17 22:52:17
13:02:06,5.01,0.0,20,10020,卖盘,002004,2025-10-17 22:52:17
13:02:21,5.01,0.0,30,15030,卖盘,002004,2025-10-17 22:52:17
13:02:24,5.01,0.0,1,501,卖盘,002004,2025-10-17 22:52:17
13:02:27,5.01,0.0,1,501,卖盘,002004,2025-10-17 22:52:17
13:02:39,5.01,0.0,25,12525,卖盘,002004,2025-10-17 22:52:17
13:02:42,5.01,0.0,9,4509,卖盘,002004,2025-10-17 22:52:17
13:02:45,5.01,0.0,31,15531,卖盘,002004,2025-10-17 22:52:17
13:02:48,5.01,0.0,52,26052,卖盘,002004,2025-10-17 22:52:17
13:02:51,5.01,0.0,67,33567,卖盘,002004,2025-10-17 22:52:17
13:02:54,5.01,0.0,105,52605,卖盘,002004,2025-10-17 22:52:17
13:03:00,5.01,0.0,515,258015,卖盘,002004,2025-10-17 22:52:17
13:03:03,5.01,0.0,110,55110,卖盘,002004,2025-10-17 22:52:17
13:03:06,5.01,0.0,218,109218,卖盘,002004,2025-10-17 22:52:17
13:03:18,5.01,0.0,20,10020,卖盘,002004,2025-10-17 22:52:17
13:03:21,5.01,0.0,12,6012,卖盘,002004,2025-10-17 22:52:17
13:03:24,5.01,0.0,12,6012,卖盘,002004,2025-10-17 22:52:17
13:03:27,5.01,0.0,25,12525,卖盘,002004,2025-10-17 22:52:17
13:03:33,5.01,0.0,20,10020,卖盘,002004,2025-10-17 22:52:17
13:03:36,5.01,0.0,1,501,卖盘,002004,2025-10-17 22:52:17
13:03:39,5.01,0.0,170,85170,卖盘,002004,2025-10-17 22:52:17
13:03:42,5.01,0.0,6,3006,卖盘,002004,2025-10-17 22:52:17
13:03:51,5.01,0.0,10,5010,卖盘,002004,2025-10-17 22:52:17
13:03:54,5.01,0.0,11,5511,卖盘,002004,2025-10-17 22:52:17
13:03:57,5.01,0.0,18,9018,卖盘,002004,2025-10-17 22:52:17
13:04:00,5.01,0.0,1,501,卖盘,002004,2025-10-17 22:52:17
13:04:03,5.01,0.0,100,50100,卖盘,002004,2025-10-17 22:52:17
13:04:06,5.01,0.0,106,53106,卖盘,002004,2025-10-17 22:52:17
13:04:09,5.01,0.0,155,77655,卖盘,002004,2025-10-17 22:52:17
13:04:12,5.01,0.0,6,3006,卖盘,002004,2025-10-17 22:52:17
13:04:15,5.01,0.0,103,51603,卖盘,002004,2025-10-17 22:52:17
13:04:18,5.01,0.0,84,42084,卖盘,002004,2025-10-17 22:52:17
13:04:21,5.01,0.0,34,17034,卖盘,002004,2025-10-17 22:52:17
13:04:24,5.01,0.0,331,165831,卖盘,002004,2025-10-17 22:52:17
13:04:27,5.01,0.0,111,55611,卖盘,002004,2025-10-17 22:52:17
13:04:30,5.01,0.0,140,70140,卖盘,002004,2025-10-17 22:52:17
13:04:33,5.01,0.0,144,72144,卖盘,002004,2025-10-17 22:52:17
13:04:36,5.01,0.0,52,26052,卖盘,002004,2025-10-17 22:52:17
13:04:39,5.01,0.0,107,53607,卖盘,002004,2025-10-17 22:52:17
13:04:42,5.01,0.0,49,24549,卖盘,002004,2025-10-17 22:52:17
13:04:45,5.01,0.0,10,5010,卖盘,002004,2025-10-17 22:52:17
13:04:48,5.01,0.0,72,36072,卖盘,002004,2025-10-17 22:52:17
13:04:51,5.01,0.0,25,12525,卖盘,002004,2025-10-17 22:52:17
13:04:57,5.01,0.0,60,30060,卖盘,002004,2025-10-17 22:52:17
13:05:00,5.01,0.0,70,35070,卖盘,002004,2025-10-17 22:52:17
13:05:03,5.01,0.0,24,12024,卖盘,002004,2025-10-17 22:52:17
13:05:06,5.01,0.0,29,14529,卖盘,002004,2025-10-17 22:52:17
13:05:09,5.01,0.0,110,55110,卖盘,002004,2025-10-17 22:52:17
13:05:12,5.01,0.0,14,7014,卖盘,002004,2025-10-17 22:52:17
13:05:15,5.01,0.0,37,18537,卖盘,002004,2025-10-17 22:52:17
13:05:18,5.01,0.0,53,26553,卖盘,002004,2025-10-17 22:52:17
13:05:21,5.01,0.0,100,50100,卖盘,002004,2025-10-17 22:52:17
13:05:24,5.01,0.0,124,62124,卖盘,002004,2025-10-17 22:52:17
13:05:27,5.01,0.0,67,33567,卖盘,002004,2025-10-17 22:52:17
13:05:30,5.01,0.0,22,11022,卖盘,002004,2025-10-17 22:52:17
13:05:33,5.01,0.0,7,3507,卖盘,002004,2025-10-17 22:52:17
13:05:39,5.01,0.0,3,1503,卖盘,002004,2025-10-17 22:52:17
13:05:42,5.01,0.0,30,15030,卖盘,002004,2025-10-17 22:52:17
13:05:45,5.01,0.0,26,13026,卖盘,002004,2025-10-17 22:52:17
13:05:48,5.01,0.0,8,4008,卖盘,002004,2025-10-17 22:52:17
13:05:54,5.01,0.0,23,11523,卖盘,002004,2025-10-17 22:52:17
13:05:57,5.01,0.0,7,3507,卖盘,002004,2025-10-17 22:52:17
13:06:00,5.01,0.0,24,12024,卖盘,002004,2025-10-17 22:52:17
13:06:03,5.01,0.0,14,7014,卖盘,002004,2025-10-17 22:52:17
13:06:06,5.01,0.0,43,21543,卖盘,002004,2025-10-17 22:52:17
13:06:09,5.01,0.0,6,3006,卖盘,002004,2025-10-17 22:52:17
13:06:12,5.01,0.0,37,18537,卖盘,002004,2025-10-17 22:52:17
13:06:15,5.01,0.0,26,13026,卖盘,002004,2025-10-17 22:52:17
13:06:18,5.01,0.0,1,501,卖盘,002004,2025-10-17 22:52:17
13:06:21,5.01,0.0,10,5010,卖盘,002004,2025-10-17 22:52:17
13:06:24,5.01,0.0,7,3507,卖盘,002004,2025-10-17 22:52:17
13:06:27,5.01,0.0,34,17034,卖盘,002004,2025-10-17 22:52:17
13:06:30,5.01,0.0,14,7014,卖盘,002004,2025-10-17 22:52:17
13:06:33,5.01,0.0,4,2004,卖盘,002004,2025-10-17 22:52:17
13:06:36,5.01,0.0,2,1002,卖盘,002004,2025-10-17 22:52:17
13:06:39,5.01,0.0,20,10020,卖盘,002004,2025-10-17 22:52:17
13:06:42,5.01,0.0,7,3507,卖盘,002004,2025-10-17 22:52:17
13:06:45,5.01,0.0,10,5010,卖盘,002004,2025-10-17 22:52:17
13:06:48,5.01,0.0,6,3006,卖盘,002004,2025-10-17 22:52:17
13:06:54,5.01,0.0,2,1002,卖盘,002004,2025-10-17 22:52:17
13:07:03,5.01,0.0,2,1002,卖盘,002004,2025-10-17 22:52:17
13:07:06,5.01,0.0,2,1002,卖盘,002004,2025-10-17 22:52:17
13:07:09,5.01,0.0,51,25551,卖盘,002004,2025-10-17 22:52:17
13:07:12,5.01,0.0,25,12525,卖盘,002004,2025-10-17 22:52:17
13:07:15,5.01,0.0,74,37074,卖盘,002004,2025-10-17 22:52:17
13:07:18,5.01,0.0,21,10521,卖盘,002004,2025-10-17 22:52:17
13:07:21,5.01,0.0,38,19038,卖盘,002004,2025-10-17 22:52:17
13:07:24,5.01,0.0,13,6513,卖盘,002004,2025-10-17 22:52:17
13:07:27,5.01,0.0,16,8016,卖盘,002004,2025-10-17 22:52:17
13:07:33,5.01,0.0,5,2505,卖盘,002004,2025-10-17 22:52:17
13:07:39,5.01,0.0,1,501,卖盘,002004,2025-10-17 22:52:17
13:07:42,5.01,0.0,57,28557,卖盘,002004,2025-10-17 22:52:17
13:07:45,5.01,0.0,2,1002,卖盘,002004,2025-10-17 22:52:17
13:07:48,5.01,0.0,650,325650,卖盘,002004,2025-10-17 22:52:17
13:07:51,5.01,0.0,216,108216,卖盘,002004,2025-10-17 22:52:17
13:07:54,5.01,0.0,118,59118,卖盘,002004,2025-10-17 22:52:17
13:07:57,5.01,0.0,124,62124,卖盘,002004,2025-10-17 22:52:17
13:08:00,5.01,0.0,53,26553,卖盘,002004,2025-10-17 22:52:17
13:08:06,5.01,0.0,325,162825,卖盘,002004,2025-10-17 22:52:17
13:08:09,5.01,0.0,98,49098,卖盘,002004,2025-10-17 22:52:17
13:08:12,5.01,0.0,130,65130,卖盘,002004,2025-10-17 22:52:17
13:08:15,5.01,0.0,79,39579,卖盘,002004,2025-10-17 22:52:17
13:08:21,5.01,0.0,37,18537,卖盘,002004,2025-10-17 22:52:17
13:08:24,5.01,0.0,4,2004,卖盘,002004,2025-10-17 22:52:17
13:08:27,5.01,0.0,81,40581,卖盘,002004,2025-10-17 22:52:17
13:08:30,5.01,0.0,98,49098,卖盘,002004,2025-10-17 22:52:17
13:08:33,5.01,0.0,3,1503,卖盘,002004,2025-10-17 22:52:17
13:08:36,5.01,0.0,903,452403,卖盘,002004,2025-10-17 22:52:17
13:08:39,5.01,0.0,278,139278,卖盘,002004,2025-10-17 22:52:17
13:08:42,5.01,0.0,399,199899,卖盘,002004,2025-10-17 22:52:17
13:08:45,5.01,0.0,87,43587,卖盘,002004,2025-10-17 22:52:17
13:08:48,5.01,0.0,344,172344,卖盘,002004,2025-10-17 22:52:17
13:08:51,5.01,0.0,129,64629,卖盘,002004,2025-10-17 22:52:17
13:08:54,5.01,0.0,30,15030,卖盘,002004,2025-10-17 22:52:17
13:08:57,5.01,0.0,70,35070,卖盘,002004,2025-10-17 22:52:17
13:09:00,5.01,0.0,69,34569,卖盘,002004,2025-10-17 22:52:17
13:09:03,5.01,0.0,816,408816,卖盘,002004,2025-10-17 22:52:17
13:09:06,5.01,0.0,32,16032,卖盘,002004,2025-10-17 22:52:17
13:09:09,5.01,0.0,187,93687,卖盘,002004,2025-10-17 22:52:17
13:09:18,5.01,0.0,151,75651,卖盘,002004,2025-10-17 22:52:17
13:09:21,5.01,0.0,1,501,卖盘,002004,2025-10-17 22:52:17
13:09:24,5.01,0.0,10,5010,卖盘,002004,2025-10-17 22:52:17
13:09:27,5.01,0.0,121,60621,卖盘,002004,2025-10-17 22:52:17
13:09:30,5.01,0.0,126,63126,卖盘,002004,2025-10-17 22:52:17
13:09:33,5.01,0.0,31,15531,卖盘,002004,2025-10-17 22:52:17
13:09:36,5.01,0.0,169,84669,卖盘,002004,2025-10-17 22:52:17
13:09:39,5.01,0.0,58,29058,卖盘,002004,2025-10-17 22:52:17
13:09:45,5.01,0.0,50,25050,卖盘,002004,2025-10-17 22:52:17
13:09:51,5.01,0.0,20,10020,卖盘,002004,2025-10-17 22:52:17
13:09:54,5.01,0.0,26,13026,卖盘,002004,2025-10-17 22:52:17
13:09:57,5.01,0.0,11,5511,卖盘,002004,2025-10-17 22:52:17
13:10:00,5.01,0.0,13,6513,卖盘,002004,2025-10-17 22:52:17
13:10:03,5.01,0.0,11,5511,卖盘,002004,2025-10-17 22:52:17
13:10:06,5.01,0.0,5,2505,卖盘,002004,2025-10-17 22:52:17
13:10:09,5.01,0.0,41,20541,卖盘,002004,2025-10-17 22:52:17
13:10:12,5.01,0.0,13,6513,卖盘,002004,2025-10-17 22:52:17
13:10:21,5.01,0.0,3,1503,卖盘,002004,2025-10-17 22:52:17
13:10:33,5.01,0.0,22,11022,卖盘,002004,2025-10-17 22:52:17
13:10:36,5.01,0.0,1,501,卖盘,002004,2025-10-17 22:52:17
13:10:39,5.01,0.0,16,8016,卖盘,002004,2025-10-17 22:52:17
13:10:42,5.01,0.0,10,5010,卖盘,002004,2025-10-17 22:52:17
13:10:45,5.01,0.0,100,50100,卖盘,002004,2025-10-17 22:52:17
13:10:48,5.01,0.0,3,1503,卖盘,002004,2025-10-17 22:52:17
13:10:51,5.01,0.0,149,74649,卖盘,002004,2025-10-17 22:52:17
13:10:54,5.01,0.0,100,50100,卖盘,002004,2025-10-17 22:52:17
13:10:57,5.01,0.0,224,112414,卖盘,002004,2025-10-17 22:52:17
13:11:00,5.01,0.0,9,4509,卖盘,002004,2025-10-17 22:52:17
13:11:03,5.01,0.0,450,225450,卖盘,002004,2025-10-17 22:52:17
13:11:06,5.01,0.0,37,18537,卖盘,002004,2025-10-17 22:52:17
13:11:12,5.01,0.0,105,52605,卖盘,002004,2025-10-17 22:52:17
13:11:15,5.01,0.0,1,501,卖盘,002004,2025-10-17 22:52:17
13:11:21,5.01,0.0,20,10020,卖盘,002004,2025-10-17 22:52:17
13:11:24,5.01,0.0,20,10020,卖盘,002004,2025-10-17 22:52:17
