时间,成交价,价格变动,成交量,成交额,买卖盘性质,股票代码,采集时间
09:25:00,12.35,0.25,65679,81113812,买盘,002171,2025-10-17 22:51:53
09:30:00,12.32,-0.03,26608,32790041,卖盘,002171,2025-10-17 22:51:53
09:30:03,12.35,0.03,35960,44267914,买盘,002171,2025-10-17 22:51:53
09:30:06,12.28,-0.07,10710,13184197,卖盘,002171,2025-10-17 22:51:53
09:30:09,12.2,-0.08,3846,4699294,卖盘,002171,2025-10-17 22:51:53
09:30:12,12.19,-0.01,11400,13861432,卖盘,002171,2025-10-17 22:51:53
09:30:15,12.12,-0.07,2915,3538953,卖盘,002171,2025-10-17 22:51:53
09:30:18,12.12,0.0,4235,5134913,买盘,002171,2025-10-17 22:51:53
09:30:21,12.12,0.0,7841,9503823,买盘,002171,2025-10-17 22:51:53
09:30:24,12.19,0.07,4096,4974633,买盘,002171,2025-10-17 22:51:53
09:30:27,12.19,0.0,2453,2986985,买盘,002171,2025-10-17 22:51:53
09:30:30,12.18,-0.01,4666,5687822,卖盘,002171,2025-10-17 22:51:53
09:30:33,12.15,-0.03,6790,8258090,卖盘,002171,2025-10-17 22:51:53
09:30:36,12.15,0.0,8290,10050292,买盘,002171,2025-10-17 22:51:53
09:30:39,12.09,-0.06,5444,6594363,卖盘,002171,2025-10-17 22:51:53
09:30:42,12.1,0.01,3859,4669485,中性盘,002171,2025-10-17 22:51:53
09:30:45,12.1,0.0,4794,5798531,卖盘,002171,2025-10-17 22:51:53
09:30:48,12.1,0.0,5599,6775642,买盘,002171,2025-10-17 22:51:53
09:30:51,12.14,0.04,3866,4680717,买盘,002171,2025-10-17 22:51:53
09:30:54,12.1,-0.04,4778,5782666,卖盘,002171,2025-10-17 22:51:53
09:30:57,12.12,0.02,1912,2316258,买盘,002171,2025-10-17 22:51:53
09:31:00,12.13,0.01,2777,3368096,中性盘,002171,2025-10-17 22:51:53
09:31:03,12.12,-0.01,3479,4218531,卖盘,002171,2025-10-17 22:51:53
09:31:06,12.08,-0.04,13955,16891186,卖盘,002171,2025-10-17 22:51:53
09:31:09,12.08,0.0,10534,12725206,卖盘,002171,2025-10-17 22:51:53
09:31:12,12.03,-0.05,5130,6185753,卖盘,002171,2025-10-17 22:51:53
09:31:15,12.04,0.01,4213,5073025,买盘,002171,2025-10-17 22:51:53
09:31:18,12.02,-0.02,5072,6097477,卖盘,002171,2025-10-17 22:51:53
09:31:21,12.03,0.01,4219,5072862,买盘,002171,2025-10-17 22:51:53
09:31:24,12.02,-0.01,4258,5118235,卖盘,002171,2025-10-17 22:51:53
09:31:27,12.03,0.01,7282,8754393,买盘,002171,2025-10-17 22:51:53
09:31:30,12.03,0.0,9513,11447837,买盘,002171,2025-10-17 22:51:53
09:31:33,12.04,0.01,11167,13416399,卖盘,002171,2025-10-17 22:51:53
09:31:36,12.02,-0.02,15902,19103800,卖盘,002171,2025-10-17 22:51:53
09:31:39,12.0,-0.02,4402,5291035,卖盘,002171,2025-10-17 22:51:53
09:31:42,11.98,-0.02,3597,4314997,卖盘,002171,2025-10-17 22:51:53
09:31:45,11.96,-0.02,3418,4095803,卖盘,002171,2025-10-17 22:51:53
09:31:48,11.96,0.0,2634,3153022,卖盘,002171,2025-10-17 22:51:53
09:31:51,11.95,-0.01,3495,4175790,卖盘,002171,2025-10-17 22:51:53
09:31:54,11.93,-0.02,5912,7063303,卖盘,002171,2025-10-17 22:51:53
09:31:57,11.93,0.0,5901,7047638,卖盘,002171,2025-10-17 22:51:53
09:32:00,11.94,0.01,7604,9080783,中性盘,002171,2025-10-17 22:51:53
09:32:03,11.95,0.01,5637,6735851,买盘,002171,2025-10-17 22:51:53
09:32:06,11.97,0.02,2546,3047811,中性盘,002171,2025-10-17 22:51:53
09:32:09,12.0,0.03,3621,4342481,买盘,002171,2025-10-17 22:51:53
09:32:12,12.07,0.07,4471,5373849,买盘,002171,2025-10-17 22:51:53
09:32:15,12.12,0.05,1654,2001450,买盘,002171,2025-10-17 22:51:53
09:32:18,12.18,0.06,1369,1660830,买盘,002171,2025-10-17 22:51:53
09:32:21,12.25,0.07,848,1033703,买盘,002171,2025-10-17 22:51:53
09:32:24,12.19,-0.06,2975,3629421,卖盘,002171,2025-10-17 22:51:53
09:32:27,12.15,-0.04,5477,6659545,卖盘,002171,2025-10-17 22:51:53
09:32:30,12.15,0.0,5581,6788426,中性盘,002171,2025-10-17 22:51:53
09:32:33,12.17,0.02,3577,4349438,买盘,002171,2025-10-17 22:51:53
09:32:36,12.19,0.02,6362,7738926,买盘,002171,2025-10-17 22:51:53
09:32:39,12.17,-0.02,3230,3933500,卖盘,002171,2025-10-17 22:51:53
09:32:42,12.19,0.02,4707,5733062,买盘,002171,2025-10-17 22:51:53
09:32:45,12.19,0.0,2813,3426373,卖盘,002171,2025-10-17 22:51:53
09:32:48,12.19,0.0,3877,4725003,买盘,002171,2025-10-17 22:51:53
09:32:51,12.2,0.01,2041,2488800,买盘,002171,2025-10-17 22:51:53
09:32:54,12.19,-0.01,2931,3573255,卖盘,002171,2025-10-17 22:51:53
09:32:57,12.2,0.01,5185,6327392,卖盘,002171,2025-10-17 22:51:53
09:33:00,12.18,-0.02,2294,2796987,卖盘,002171,2025-10-17 22:51:53
09:33:03,12.19,0.01,3414,4159197,买盘,002171,2025-10-17 22:51:53
09:33:06,12.21,0.02,9085,11077556,买盘,002171,2025-10-17 22:51:53
09:33:09,12.21,0.0,2464,3008188,卖盘,002171,2025-10-17 22:51:53
09:33:12,12.21,0.0,1236,1509807,卖盘,002171,2025-10-17 22:51:53
09:33:15,12.21,0.0,1940,2371961,买盘,002171,2025-10-17 22:51:53
09:33:18,12.21,0.0,1809,2209307,买盘,002171,2025-10-17 22:51:53
09:33:21,12.2,-0.01,1778,2170778,卖盘,002171,2025-10-17 22:51:53
09:33:24,12.19,-0.01,2377,2898877,卖盘,002171,2025-10-17 22:51:53
09:33:27,12.17,-0.02,3180,3872678,卖盘,002171,2025-10-17 22:51:53
09:33:30,12.2,0.03,5053,6158609,买盘,002171,2025-10-17 22:51:53
09:33:33,12.22,0.02,4411,5392123,买盘,002171,2025-10-17 22:51:53
09:33:36,12.25,0.03,3508,4297581,买盘,002171,2025-10-17 22:51:53
09:33:39,12.24,-0.01,3390,4151580,卖盘,002171,2025-10-17 22:51:53
09:33:42,12.25,0.01,1550,1901422,买盘,002171,2025-10-17 22:51:53
09:33:45,12.27,0.02,4450,5456000,买盘,002171,2025-10-17 22:51:53
09:33:48,12.28,0.01,2466,3024624,买盘,002171,2025-10-17 22:51:53
09:33:51,12.24,-0.04,3701,4540261,卖盘,002171,2025-10-17 22:51:53
09:33:54,12.28,0.04,2928,3587198,买盘,002171,2025-10-17 22:51:53
09:33:57,12.23,-0.05,1279,1566333,卖盘,002171,2025-10-17 22:51:53
09:34:00,12.22,-0.01,1570,1920424,卖盘,002171,2025-10-17 22:51:53
09:34:03,12.22,0.0,2917,3568147,卖盘,002171,2025-10-17 22:51:53
09:34:06,12.2,-0.02,2502,3054064,卖盘,002171,2025-10-17 22:51:53
09:34:09,12.19,-0.01,2956,3605651,卖盘,002171,2025-10-17 22:51:53
09:34:12,12.17,-0.02,1891,2300301,卖盘,002171,2025-10-17 22:51:53
09:34:15,12.15,-0.02,3849,4687327,卖盘,002171,2025-10-17 22:51:53
09:34:18,12.15,0.0,1154,1401571,卖盘,002171,2025-10-17 22:51:53
09:34:21,12.12,-0.03,2239,2717830,卖盘,002171,2025-10-17 22:51:53
09:34:24,12.12,0.0,2224,2699379,卖盘,002171,2025-10-17 22:51:53
09:34:27,12.11,-0.01,1420,1719385,卖盘,002171,2025-10-17 22:51:53
09:34:30,12.1,-0.01,8799,10661524,卖盘,002171,2025-10-17 22:51:53
09:34:33,12.1,0.0,2672,3234075,中性盘,002171,2025-10-17 22:51:53
09:34:36,12.1,0.0,3419,4136233,卖盘,002171,2025-10-17 22:51:53
09:34:39,12.1,0.0,3137,3797014,买盘,002171,2025-10-17 22:51:53
09:34:42,12.11,0.01,2923,3536574,卖盘,002171,2025-10-17 22:51:53
09:34:45,12.15,0.04,3205,3890165,买盘,002171,2025-10-17 22:51:53
09:34:48,12.14,-0.01,944,1146503,卖盘,002171,2025-10-17 22:51:53
09:34:51,12.15,0.01,759,922200,买盘,002171,2025-10-17 22:51:53
09:34:54,12.16,0.01,634,770922,卖盘,002171,2025-10-17 22:51:53
09:34:57,12.17,0.01,1100,1338949,买盘,002171,2025-10-17 22:51:53
09:35:00,12.17,0.0,1761,2144192,卖盘,002171,2025-10-17 22:51:53
09:35:03,12.18,0.01,1798,2189027,买盘,002171,2025-10-17 22:51:53
09:35:06,12.17,-0.01,1443,1755907,卖盘,002171,2025-10-17 22:51:53
09:35:09,12.17,0.0,1236,1503400,买盘,002171,2025-10-17 22:51:53
09:35:12,12.17,0.0,1232,1499663,买盘,002171,2025-10-17 22:51:53
09:35:15,12.18,0.01,1708,2078438,买盘,002171,2025-10-17 22:51:53
09:35:18,12.18,0.0,1058,1287998,卖盘,002171,2025-10-17 22:51:53
09:35:21,12.18,0.0,1545,1880452,买盘,002171,2025-10-17 22:51:53
09:35:24,12.18,0.0,1405,1709893,买盘,002171,2025-10-17 22:51:53
09:35:27,12.19,0.01,766,933305,买盘,002171,2025-10-17 22:51:53
09:35:30,12.18,-0.01,1126,1372258,卖盘,002171,2025-10-17 22:51:53
09:35:33,12.19,0.01,685,834911,买盘,002171,2025-10-17 22:51:53
09:35:36,12.19,0.0,1398,1703615,卖盘,002171,2025-10-17 22:51:53
09:35:39,12.19,0.0,1238,1509477,卖盘,002171,2025-10-17 22:51:53
09:35:42,12.18,-0.01,1424,1736485,卖盘,002171,2025-10-17 22:51:53
09:35:45,12.19,0.01,1094,1333673,买盘,002171,2025-10-17 22:51:53
09:35:48,12.19,0.0,1623,1976511,买盘,002171,2025-10-17 22:51:53
09:35:51,12.17,-0.02,1640,1998984,卖盘,002171,2025-10-17 22:51:53
09:35:54,12.17,0.0,880,1071098,卖盘,002171,2025-10-17 22:51:53
09:35:57,12.19,0.02,1840,2240337,买盘,002171,2025-10-17 22:51:53
09:36:00,12.21,0.02,1226,1494322,买盘,002171,2025-10-17 22:51:53
09:36:03,12.27,0.06,9607,11773636,买盘,002171,2025-10-17 22:51:53
09:36:06,12.25,-0.02,1232,1508974,卖盘,002171,2025-10-17 22:51:53
09:36:09,12.25,0.0,824,1011157,买盘,002171,2025-10-17 22:51:53
09:36:12,12.23,-0.02,2331,2856337,卖盘,002171,2025-10-17 22:51:53
09:36:15,12.19,-0.04,3928,4791331,卖盘,002171,2025-10-17 22:51:53
09:36:18,12.19,0.0,2326,2833675,买盘,002171,2025-10-17 22:51:53
09:36:21,12.19,0.0,1617,1969342,买盘,002171,2025-10-17 22:51:53
09:36:24,12.16,-0.03,2407,2929587,卖盘,002171,2025-10-17 22:51:53
09:36:27,12.16,0.0,1207,1467578,买盘,002171,2025-10-17 22:51:53
09:36:30,12.16,0.0,2256,2742794,买盘,002171,2025-10-17 22:51:53
09:36:33,12.15,-0.01,1414,1718846,卖盘,002171,2025-10-17 22:51:53
09:36:36,12.15,0.0,891,1082329,买盘,002171,2025-10-17 22:51:53
09:36:39,12.15,0.0,1010,1225748,买盘,002171,2025-10-17 22:51:53
09:36:42,12.14,-0.01,652,791444,中性盘,002171,2025-10-17 22:51:53
09:36:45,12.15,0.01,1365,1656614,买盘,002171,2025-10-17 22:51:53
09:36:48,12.12,-0.03,1033,1252139,卖盘,002171,2025-10-17 22:51:53
09:36:51,12.15,0.03,1513,1835498,买盘,002171,2025-10-17 22:51:53
09:36:54,12.1,-0.05,5068,6134477,卖盘,002171,2025-10-17 22:51:53
09:36:57,12.11,0.01,1039,1257844,买盘,002171,2025-10-17 22:51:53
09:37:00,12.07,-0.04,3289,3974351,卖盘,002171,2025-10-17 22:51:53
09:37:03,12.06,-0.01,8014,9636276,卖盘,002171,2025-10-17 22:51:53
09:37:06,12.06,0.0,1200,1446762,买盘,002171,2025-10-17 22:51:53
09:37:09,12.06,0.0,1830,2203828,买盘,002171,2025-10-17 22:51:53
09:37:12,12.08,0.02,1541,1858404,买盘,002171,2025-10-17 22:51:53
09:37:15,12.09,0.01,1615,1948360,买盘,002171,2025-10-17 22:51:53
09:37:18,12.06,-0.03,1868,2254513,卖盘,002171,2025-10-17 22:51:53
09:37:21,12.09,0.03,911,1101622,卖盘,002171,2025-10-17 22:51:53
09:37:24,12.1,0.01,2310,2790984,买盘,002171,2025-10-17 22:51:53
09:37:27,12.09,-0.01,1322,1598351,卖盘,002171,2025-10-17 22:51:53
09:37:30,12.1,0.01,798,965437,买盘,002171,2025-10-17 22:51:53
09:37:33,12.09,-0.01,946,1143526,卖盘,002171,2025-10-17 22:51:53
09:37:36,12.09,0.0,1224,1480137,买盘,002171,2025-10-17 22:51:53
09:37:39,12.08,-0.01,1728,2089066,卖盘,002171,2025-10-17 22:51:53
09:37:42,12.06,-0.02,2017,2438096,卖盘,002171,2025-10-17 22:51:53
09:37:45,12.08,0.02,1129,1363837,中性盘,002171,2025-10-17 22:51:53
09:37:48,12.08,0.0,1444,1744307,买盘,002171,2025-10-17 22:51:53
09:37:51,12.08,0.0,1298,1567888,卖盘,002171,2025-10-17 22:51:53
09:37:54,12.08,0.0,1528,1845200,卖盘,002171,2025-10-17 22:51:53
09:37:57,12.08,0.0,1551,1873467,买盘,002171,2025-10-17 22:51:53
09:38:00,12.09,0.01,1357,1638392,中性盘,002171,2025-10-17 22:51:53
09:38:03,12.08,-0.01,1555,1878825,中性盘,002171,2025-10-17 22:51:53
09:38:06,12.08,0.0,809,977789,卖盘,002171,2025-10-17 22:51:53
09:38:09,12.1,0.02,1884,2276451,卖盘,002171,2025-10-17 22:51:53
09:38:12,12.12,0.02,1353,1637023,买盘,002171,2025-10-17 22:51:53
09:38:15,12.12,0.0,515,623795,卖盘,002171,2025-10-17 22:51:53
09:38:18,12.12,0.0,1292,1565443,买盘,002171,2025-10-17 22:51:53
09:38:21,12.13,0.01,1193,1445815,买盘,002171,2025-10-17 22:51:53
09:38:24,12.13,0.0,893,1082547,买盘,002171,2025-10-17 22:51:53
09:38:27,12.14,0.01,1133,1374696,买盘,002171,2025-10-17 22:51:53
09:38:30,12.14,0.0,735,892023,卖盘,002171,2025-10-17 22:51:53
09:38:33,12.14,0.0,867,1053468,卖盘,002171,2025-10-17 22:51:53
09:38:36,12.15,0.01,851,1034350,卖盘,002171,2025-10-17 22:51:53
09:38:39,12.15,0.0,518,629440,卖盘,002171,2025-10-17 22:51:53
09:38:42,12.15,0.0,1670,2027952,买盘,002171,2025-10-17 22:51:53
09:38:45,12.13,-0.02,1328,1612838,卖盘,002171,2025-10-17 22:51:53
09:38:48,12.13,0.0,947,1149190,卖盘,002171,2025-10-17 22:51:53
09:38:51,12.14,0.01,517,627064,买盘,002171,2025-10-17 22:51:53
09:38:54,12.13,-0.01,793,961726,中性盘,002171,2025-10-17 22:51:53
09:38:57,12.12,-0.01,698,846562,卖盘,002171,2025-10-17 22:51:53
09:39:00,12.12,0.0,2801,3397698,卖盘,002171,2025-10-17 22:51:53
09:39:03,12.1,-0.02,1319,1598315,卖盘,002171,2025-10-17 22:51:53
09:39:06,12.1,0.0,737,892586,卖盘,002171,2025-10-17 22:51:53
09:39:09,12.1,0.0,1251,1514656,卖盘,002171,2025-10-17 22:51:53
09:39:12,12.09,-0.01,3048,3686618,卖盘,002171,2025-10-17 22:51:53
09:39:15,12.04,-0.05,7073,8526264,卖盘,002171,2025-10-17 22:51:53
09:39:18,12.0,-0.04,6564,7880138,卖盘,002171,2025-10-17 22:51:53
09:39:21,12.0,0.0,4195,5034436,卖盘,002171,2025-10-17 22:51:53
09:39:24,12.0,0.0,2209,2650840,卖盘,002171,2025-10-17 22:51:53
09:39:27,11.99,-0.01,1588,1904478,卖盘,002171,2025-10-17 22:51:53
09:39:30,11.98,-0.01,1842,2207338,卖盘,002171,2025-10-17 22:51:53
09:39:33,11.98,0.0,3411,4087138,卖盘,002171,2025-10-17 22:51:53
09:39:36,11.98,0.0,1632,1954352,卖盘,002171,2025-10-17 22:51:53
09:39:39,11.97,-0.01,1373,1644246,卖盘,002171,2025-10-17 22:51:53
09:39:42,11.97,0.0,4607,5517080,卖盘,002171,2025-10-17 22:51:53
09:39:45,11.97,0.0,2460,2946755,卖盘,002171,2025-10-17 22:51:53
09:39:48,11.98,0.01,1915,2294087,卖盘,002171,2025-10-17 22:51:53
09:39:51,11.98,0.0,1904,2280181,买盘,002171,2025-10-17 22:51:53
09:39:54,11.99,0.01,1617,1937595,买盘,002171,2025-10-17 22:51:53
09:39:57,11.99,0.0,2417,2896310,卖盘,002171,2025-10-17 22:51:53
09:40:00,12.0,0.01,1288,1544531,买盘,002171,2025-10-17 22:51:53
09:40:03,12.0,0.0,942,1130795,卖盘,002171,2025-10-17 22:51:53
09:40:06,12.01,0.01,884,1062413,卖盘,002171,2025-10-17 22:51:53
09:40:09,12.06,0.05,521,626521,买盘,002171,2025-10-17 22:51:53
09:40:12,12.05,-0.01,1093,1316384,买盘,002171,2025-10-17 22:51:53
09:40:15,12.06,0.01,1513,1822550,中性盘,002171,2025-10-17 22:51:53
09:40:18,12.04,-0.02,885,1066226,卖盘,002171,2025-10-17 22:51:53
09:40:21,12.04,0.0,2332,2805500,买盘,002171,2025-10-17 22:51:53
09:40:24,12.04,0.0,852,1025512,买盘,002171,2025-10-17 22:51:53
09:40:27,12.04,0.0,1332,1603340,中性盘,002171,2025-10-17 22:51:53
09:40:30,12.04,0.0,1071,1288652,买盘,002171,2025-10-17 22:51:53
09:40:33,12.04,0.0,1084,1304771,卖盘,002171,2025-10-17 22:51:53
09:40:36,12.02,-0.02,1076,1294082,卖盘,002171,2025-10-17 22:51:53
09:40:39,12.02,0.0,602,723683,买盘,002171,2025-10-17 22:51:53
09:40:42,12.01,-0.01,2484,2985042,卖盘,002171,2025-10-17 22:51:53
09:40:45,12.0,-0.01,1526,1832553,卖盘,002171,2025-10-17 22:51:53
09:40:48,12.0,0.0,2844,3413915,卖盘,002171,2025-10-17 22:51:53
09:40:51,12.0,0.0,1739,2086050,卖盘,002171,2025-10-17 22:51:53
09:40:54,11.99,-0.01,834,1000653,卖盘,002171,2025-10-17 22:51:53
09:40:57,11.99,0.0,1726,2070085,卖盘,002171,2025-10-17 22:51:53
09:41:00,11.99,0.0,2706,3243001,卖盘,002171,2025-10-17 22:51:53
09:41:03,11.99,0.0,2018,2418689,买盘,002171,2025-10-17 22:51:53
09:41:06,11.98,-0.01,962,1152928,卖盘,002171,2025-10-17 22:51:53
09:41:09,11.98,0.0,1469,1760460,买盘,002171,2025-10-17 22:51:53
09:41:12,12.0,0.02,1280,1534441,买盘,002171,2025-10-17 22:51:53
09:41:15,12.0,0.0,1729,2073650,买盘,002171,2025-10-17 22:51:53
09:41:18,11.99,-0.01,1603,1921817,卖盘,002171,2025-10-17 22:51:53
09:41:21,11.99,0.0,1738,2083124,买盘,002171,2025-10-17 22:51:53
09:41:24,11.99,0.0,2289,2743159,买盘,002171,2025-10-17 22:51:53
09:41:27,11.98,-0.01,846,1013863,卖盘,002171,2025-10-17 22:51:53
09:41:30,11.99,0.01,1200,1437942,买盘,002171,2025-10-17 22:51:53
09:41:33,11.98,-0.01,2475,2963680,卖盘,002171,2025-10-17 22:51:53
09:41:36,11.99,0.01,1839,2203540,买盘,002171,2025-10-17 22:51:53
09:41:39,11.99,0.0,936,1121606,买盘,002171,2025-10-17 22:51:53
09:41:42,11.98,-0.01,1292,1548228,卖盘,002171,2025-10-17 22:51:53
09:41:45,11.99,0.01,2228,2669662,买盘,002171,2025-10-17 22:51:53
09:41:48,11.99,0.0,584,700229,卖盘,002171,2025-10-17 22:51:53
09:41:51,11.99,0.0,870,1043337,卖盘,002171,2025-10-17 22:51:53
09:41:54,12.0,0.01,1726,2070572,买盘,002171,2025-10-17 22:51:53
09:41:57,12.0,0.0,400,479873,买盘,002171,2025-10-17 22:51:53
09:42:00,12.01,0.01,863,1035954,买盘,002171,2025-10-17 22:51:53
09:42:03,12.0,-0.01,1025,1230648,卖盘,002171,2025-10-17 22:51:53
09:42:06,11.99,-0.01,5545,6652590,卖盘,002171,2025-10-17 22:51:53
09:42:09,12.0,0.01,1049,1259165,中性盘,002171,2025-10-17 22:51:53
09:42:12,12.0,0.0,697,836125,买盘,002171,2025-10-17 22:51:53
09:42:15,12.0,0.0,793,951443,买盘,002171,2025-10-17 22:51:53
09:42:18,12.0,0.0,1537,1844390,买盘,002171,2025-10-17 22:51:53
09:42:21,12.0,0.0,674,808912,卖盘,002171,2025-10-17 22:51:53
09:42:24,12.0,0.0,577,692808,卖盘,002171,2025-10-17 22:51:53
09:42:27,12.02,0.02,548,657871,买盘,002171,2025-10-17 22:51:53
09:42:30,12.01,-0.01,607,729002,中性盘,002171,2025-10-17 22:51:53
09:42:33,12.01,0.0,337,404663,卖盘,002171,2025-10-17 22:51:53
09:42:36,12.01,0.0,942,1130978,买盘,002171,2025-10-17 22:51:53
09:42:39,12.01,0.0,1124,1349403,买盘,002171,2025-10-17 22:51:53
09:42:42,12.01,0.0,1000,1200557,买盘,002171,2025-10-17 22:51:53
09:42:45,12.0,-0.01,1424,1709336,卖盘,002171,2025-10-17 22:51:53
09:42:48,12.0,0.0,735,882319,买盘,002171,2025-10-17 22:51:53
09:42:51,12.0,0.0,338,405706,卖盘,002171,2025-10-17 22:51:53
09:42:54,12.0,0.0,439,526866,卖盘,002171,2025-10-17 22:51:53
09:42:57,11.99,-0.01,2468,2959682,卖盘,002171,2025-10-17 22:51:53
09:43:00,11.98,-0.01,2128,2549703,卖盘,002171,2025-10-17 22:51:53
09:43:03,11.98,0.0,3199,3831513,卖盘,002171,2025-10-17 22:51:53
09:43:06,11.98,0.0,690,826432,买盘,002171,2025-10-17 22:51:53
09:43:09,11.98,0.0,621,743522,买盘,002171,2025-10-17 22:51:53
09:43:12,11.95,-0.03,5696,6810463,卖盘,002171,2025-10-17 22:51:53
09:43:15,11.97,0.02,1558,1862352,买盘,002171,2025-10-17 22:51:53
09:43:18,11.95,-0.02,1166,1392808,中性盘,002171,2025-10-17 22:51:53
09:43:21,11.94,-0.01,1021,1219434,卖盘,002171,2025-10-17 22:51:53
09:43:24,11.94,0.0,7699,9184920,卖盘,002171,2025-10-17 22:51:53
09:43:27,11.93,-0.01,1991,2373394,卖盘,002171,2025-10-17 22:51:53
09:43:30,11.91,-0.02,2051,2442865,卖盘,002171,2025-10-17 22:51:53
09:43:33,11.9,-0.01,2407,2864617,卖盘,002171,2025-10-17 22:51:53
09:43:36,11.9,0.0,6429,7648547,卖盘,002171,2025-10-17 22:51:53
09:43:39,11.88,-0.02,1923,2285702,卖盘,002171,2025-10-17 22:51:53
09:43:42,11.86,-0.02,2873,3412283,卖盘,002171,2025-10-17 22:51:53
09:43:45,11.85,-0.01,1886,2236703,卖盘,002171,2025-10-17 22:51:53
09:43:48,11.83,-0.02,7413,8761396,卖盘,002171,2025-10-17 22:51:53
09:43:51,11.81,-0.02,2490,2942491,卖盘,002171,2025-10-17 22:51:53
09:43:54,11.81,0.0,4925,5814554,买盘,002171,2025-10-17 22:51:53
09:43:57,11.82,0.01,4599,5427453,买盘,002171,2025-10-17 22:51:53
09:44:00,11.82,0.0,3932,4649931,中性盘,002171,2025-10-17 22:51:53
09:44:03,11.83,0.01,2215,2618803,中性盘,002171,2025-10-17 22:51:53
09:44:06,11.86,0.03,2323,2749436,买盘,002171,2025-10-17 22:51:53
09:44:09,11.85,-0.01,1640,1943923,中性盘,002171,2025-10-17 22:51:53
09:44:12,11.88,0.03,1241,1472263,买盘,002171,2025-10-17 22:51:53
09:44:15,11.88,0.0,1638,1944647,买盘,002171,2025-10-17 22:51:53
09:44:18,11.89,0.01,2054,2438333,买盘,002171,2025-10-17 22:51:53
09:44:21,11.89,0.0,883,1049471,买盘,002171,2025-10-17 22:51:53
09:44:24,11.89,0.0,1429,1698731,买盘,002171,2025-10-17 22:51:53
09:44:27,11.9,0.01,1614,1918520,买盘,002171,2025-10-17 22:51:53
09:44:30,11.91,0.01,825,981488,买盘,002171,2025-10-17 22:51:53
09:44:33,11.91,0.0,704,838347,买盘,002171,2025-10-17 22:51:53
09:44:36,11.93,0.02,1401,1668530,买盘,002171,2025-10-17 22:51:53
09:44:39,11.92,-0.01,1589,1892823,中性盘,002171,2025-10-17 22:51:53
09:44:42,11.92,0.0,1239,1477276,买盘,002171,2025-10-17 22:51:53
09:44:45,11.93,0.01,1292,1540145,中性盘,002171,2025-10-17 22:51:53
09:44:48,11.94,0.01,879,1048131,买盘,002171,2025-10-17 22:51:53
09:44:51,11.93,-0.01,1103,1316061,卖盘,002171,2025-10-17 22:51:53
09:44:54,11.94,0.01,1016,1212536,卖盘,002171,2025-10-17 22:51:53
09:44:57,11.94,0.0,1588,1894429,买盘,002171,2025-10-17 22:51:53
09:45:00,11.93,-0.01,1998,2384126,卖盘,002171,2025-10-17 22:51:53
09:45:03,11.91,-0.02,2233,2662867,卖盘,002171,2025-10-17 22:51:53
09:45:06,11.91,0.0,1554,1851795,买盘,002171,2025-10-17 22:51:53
09:45:09,11.89,-0.02,2281,2716436,卖盘,002171,2025-10-17 22:51:53
09:45:12,11.91,0.02,697,830396,卖盘,002171,2025-10-17 22:51:53
09:45:15,11.9,-0.01,1297,1544800,卖盘,002171,2025-10-17 22:51:53
09:45:18,11.9,0.0,607,722447,卖盘,002171,2025-10-17 22:51:53
09:45:21,11.89,-0.01,752,894715,卖盘,002171,2025-10-17 22:51:53
09:45:24,11.9,0.01,1288,1531695,买盘,002171,2025-10-17 22:51:53
09:45:27,11.89,-0.01,2254,2679895,卖盘,002171,2025-10-17 22:51:53
09:45:30,11.88,-0.01,1075,1277796,卖盘,002171,2025-10-17 22:51:53
09:45:33,11.88,0.0,1768,2101039,卖盘,002171,2025-10-17 22:51:53
09:45:36,11.88,0.0,2390,2839737,卖盘,002171,2025-10-17 22:51:53
09:45:39,11.88,0.0,1113,1322452,卖盘,002171,2025-10-17 22:51:53
09:45:42,11.88,0.0,1391,1652119,买盘,002171,2025-10-17 22:51:53
09:45:45,11.86,-0.02,674,799976,卖盘,002171,2025-10-17 22:51:53
09:45:48,11.87,0.01,790,937723,买盘,002171,2025-10-17 22:51:53
09:45:51,11.86,-0.01,1327,1574675,卖盘,002171,2025-10-17 22:51:53
09:45:54,11.86,0.0,1992,2363451,卖盘,002171,2025-10-17 22:51:53
09:45:57,11.86,0.0,11047,13059148,卖盘,002171,2025-10-17 22:51:53
09:46:00,11.84,-0.02,1680,1986462,卖盘,002171,2025-10-17 22:51:53
09:46:03,11.84,0.0,735,868625,买盘,002171,2025-10-17 22:51:53
09:46:06,11.84,0.0,1449,1713294,买盘,002171,2025-10-17 22:51:53
09:46:09,11.81,-0.03,1037,1225991,卖盘,002171,2025-10-17 22:51:53
09:46:12,11.8,-0.01,1816,2144867,卖盘,002171,2025-10-17 22:51:53
09:46:15,11.8,0.0,4293,5065078,卖盘,002171,2025-10-17 22:51:53
09:46:18,11.79,-0.01,1715,2021056,卖盘,002171,2025-10-17 22:51:53
09:46:21,11.78,-0.01,1046,1232163,卖盘,002171,2025-10-17 22:51:53
09:46:24,11.77,-0.01,2207,2597163,卖盘,002171,2025-10-17 22:51:53
09:46:27,11.76,-0.01,1207,1419829,卖盘,002171,2025-10-17 22:51:53
09:46:30,11.76,0.0,4152,4880129,卖盘,002171,2025-10-17 22:51:53
09:46:33,11.76,0.0,1818,2136474,买盘,002171,2025-10-17 22:51:53
09:46:36,11.75,-0.01,2773,3258164,中性盘,002171,2025-10-17 22:51:53
09:46:39,11.73,-0.02,3025,3553795,卖盘,002171,2025-10-17 22:51:53
09:46:42,11.75,0.02,2180,2560501,中性盘,002171,2025-10-17 22:51:53
09:46:45,11.75,0.0,2592,3044745,卖盘,002171,2025-10-17 22:51:53
09:46:48,11.76,0.01,2697,3167914,中性盘,002171,2025-10-17 22:51:53
09:46:51,11.76,0.0,2030,2386908,买盘,002171,2025-10-17 22:51:53
09:46:54,11.75,-0.01,3311,3891448,卖盘,002171,2025-10-17 22:51:53
09:46:57,11.76,0.01,2295,2696298,买盘,002171,2025-10-17 22:51:53
09:47:00,11.77,0.01,1212,1424608,买盘,002171,2025-10-17 22:51:53
09:47:03,11.76,-0.01,1543,1813862,卖盘,002171,2025-10-17 22:51:53
09:47:06,11.77,0.01,1290,1517851,买盘,002171,2025-10-17 22:51:53
09:47:09,11.77,0.0,2498,2942668,卖盘,002171,2025-10-17 22:51:53
09:47:12,11.79,0.02,3416,4021413,中性盘,002171,2025-10-17 22:51:53
09:47:15,11.8,0.01,751,885589,买盘,002171,2025-10-17 22:51:53
09:47:18,11.8,0.0,967,1140862,卖盘,002171,2025-10-17 22:51:53
09:47:21,11.82,0.02,542,639688,买盘,002171,2025-10-17 22:51:53
09:47:24,11.83,0.01,2365,2792673,买盘,002171,2025-10-17 22:51:53
09:47:27,11.87,0.04,2069,2448290,买盘,002171,2025-10-17 22:51:53
09:47:30,11.84,-0.03,1279,1513154,中性盘,002171,2025-10-17 22:51:53
09:47:33,11.8,-0.04,4436,5242703,卖盘,002171,2025-10-17 22:51:53
09:47:36,11.8,0.0,1626,1918479,买盘,002171,2025-10-17 22:51:53
09:47:39,11.8,0.0,1509,1780025,买盘,002171,2025-10-17 22:51:53
09:47:42,11.8,0.0,3088,3646692,卖盘,002171,2025-10-17 22:51:53
09:47:45,11.8,0.0,2809,3315829,买盘,002171,2025-10-17 22:51:53
09:47:48,11.8,0.0,2578,3040875,买盘,002171,2025-10-17 22:51:53
09:47:51,11.8,0.0,1318,1554693,买盘,002171,2025-10-17 22:51:53
09:47:54,11.8,0.0,1052,1241474,卖盘,002171,2025-10-17 22:51:53
09:47:57,11.82,0.02,2098,2476937,买盘,002171,2025-10-17 22:51:53
09:48:00,11.83,0.01,675,797685,买盘,002171,2025-10-17 22:51:53
09:48:03,11.83,0.0,260,307820,卖盘,002171,2025-10-17 22:51:53
09:48:06,11.83,0.0,661,782672,卖盘,002171,2025-10-17 22:51:53
09:48:09,11.85,0.02,320,379154,买盘,002171,2025-10-17 22:51:53
09:48:12,11.85,0.0,290,343688,卖盘,002171,2025-10-17 22:51:53
09:48:15,11.85,0.0,920,1090641,卖盘,002171,2025-10-17 22:51:53
09:48:18,11.87,0.02,1161,1376294,买盘,002171,2025-10-17 22:51:53
09:48:21,11.87,0.0,466,553269,买盘,002171,2025-10-17 22:51:53
09:48:24,11.87,0.0,369,438076,买盘,002171,2025-10-17 22:51:53
09:48:27,11.88,0.01,1355,1610394,买盘,002171,2025-10-17 22:51:53
09:48:30,11.88,0.0,216,256661,买盘,002171,2025-10-17 22:51:53
09:48:33,11.91,0.03,1059,1258695,买盘,002171,2025-10-17 22:51:53
09:48:36,11.91,0.0,650,773648,买盘,002171,2025-10-17 22:51:53
09:48:39,11.92,0.01,964,1148754,买盘,002171,2025-10-17 22:51:53
09:48:42,11.93,0.01,1138,1356399,买盘,002171,2025-10-17 22:51:53
09:48:45,11.95,0.02,742,885101,买盘,002171,2025-10-17 22:51:53
09:48:48,11.95,0.0,222,265195,买盘,002171,2025-10-17 22:51:53
09:48:51,11.95,0.0,1170,1398271,买盘,002171,2025-10-17 22:51:53
09:48:54,11.95,0.0,772,922880,买盘,002171,2025-10-17 22:51:53
09:48:57,11.97,0.02,347,414972,买盘,002171,2025-10-17 22:51:53
09:49:00,11.96,-0.01,600,718073,卖盘,002171,2025-10-17 22:51:53
09:49:03,11.96,0.0,1286,1539135,买盘,002171,2025-10-17 22:51:53
09:49:06,11.96,0.0,960,1147961,买盘,002171,2025-10-17 22:51:53
09:49:09,11.96,0.0,1213,1450816,卖盘,002171,2025-10-17 22:51:53
09:49:12,11.97,0.01,728,871496,买盘,002171,2025-10-17 22:51:53
09:49:15,11.99,0.02,1007,1204995,买盘,002171,2025-10-17 22:51:53
09:49:18,11.99,0.0,337,403821,买盘,002171,2025-10-17 22:51:53
09:49:21,11.99,0.0,1363,1633899,买盘,002171,2025-10-17 22:51:53
09:49:24,11.99,0.0,1584,1898737,买盘,002171,2025-10-17 22:51:53
09:49:27,11.99,0.0,605,725444,卖盘,002171,2025-10-17 22:51:53
09:49:30,11.99,0.0,817,979945,卖盘,002171,2025-10-17 22:51:53
09:49:33,12.0,0.01,1540,1846780,买盘,002171,2025-10-17 22:51:53
09:49:36,11.99,-0.01,1437,1723545,卖盘,002171,2025-10-17 22:51:53
09:49:39,11.98,-0.01,923,1107167,卖盘,002171,2025-10-17 22:51:53
09:49:42,11.98,0.0,849,1017043,卖盘,002171,2025-10-17 22:51:53
09:49:45,11.97,-0.01,1520,1820414,卖盘,002171,2025-10-17 22:51:53
09:49:48,11.96,-0.01,2644,3160428,卖盘,002171,2025-10-17 22:51:53
09:49:51,11.95,-0.01,752,898535,卖盘,002171,2025-10-17 22:51:53
09:49:54,11.92,-0.03,863,1029809,卖盘,002171,2025-10-17 22:51:53
09:49:57,11.92,0.0,831,990609,卖盘,002171,2025-10-17 22:51:53
09:50:00,11.91,-0.01,727,865816,卖盘,002171,2025-10-17 22:51:53
09:50:03,11.89,-0.02,614,730379,卖盘,002171,2025-10-17 22:51:53
09:50:06,11.88,-0.01,251,298402,卖盘,002171,2025-10-17 22:51:53
09:50:09,11.88,0.0,2850,3391836,卖盘,002171,2025-10-17 22:51:53
09:50:12,11.87,-0.01,279,331389,卖盘,002171,2025-10-17 22:51:53
09:50:15,11.87,0.0,1003,1190710,卖盘,002171,2025-10-17 22:51:53
09:50:18,11.87,0.0,564,669173,买盘,002171,2025-10-17 22:51:53
09:50:21,11.86,-0.01,450,533679,卖盘,002171,2025-10-17 22:51:53
09:50:24,11.86,0.0,715,848019,买盘,002171,2025-10-17 22:51:53
09:50:27,11.86,0.0,1115,1321727,买盘,002171,2025-10-17 22:51:53
09:50:30,11.87,0.01,362,429406,买盘,002171,2025-10-17 22:51:53
09:50:33,11.86,-0.01,690,818577,卖盘,002171,2025-10-17 22:51:53
09:50:36,11.86,0.0,838,994229,卖盘,002171,2025-10-17 22:51:53
09:50:39,11.87,0.01,482,572094,买盘,002171,2025-10-17 22:51:53
09:50:42,11.87,0.0,487,578214,卖盘,002171,2025-10-17 22:51:53
09:50:45,11.88,0.01,763,905967,买盘,002171,2025-10-17 22:51:53
09:50:48,11.88,0.0,262,311389,买盘,002171,2025-10-17 22:51:53
09:50:51,11.88,0.0,142,168696,卖盘,002171,2025-10-17 22:51:53
09:50:54,11.9,0.02,340,404108,买盘,002171,2025-10-17 22:51:53
09:50:57,11.89,-0.01,478,568409,卖盘,002171,2025-10-17 22:51:53
09:51:00,11.9,0.01,765,909816,买盘,002171,2025-10-17 22:51:53
09:51:03,11.9,0.0,676,804208,卖盘,002171,2025-10-17 22:51:53
09:51:06,11.93,0.03,569,677751,买盘,002171,2025-10-17 22:51:53
09:51:09,11.93,0.0,148,176472,卖盘,002171,2025-10-17 22:51:53
09:51:12,11.92,-0.01,576,686324,卖盘,002171,2025-10-17 22:51:53
09:51:15,11.93,0.01,613,730580,买盘,002171,2025-10-17 22:51:53
09:51:18,11.93,0.0,1913,2279559,买盘,002171,2025-10-17 22:51:53
09:51:21,11.94,0.01,390,465401,买盘,002171,2025-10-17 22:51:53
09:51:24,11.95,0.01,546,651917,买盘,002171,2025-10-17 22:51:53
09:51:27,11.95,0.0,737,879898,买盘,002171,2025-10-17 22:51:53
09:51:30,11.95,0.0,424,506688,买盘,002171,2025-10-17 22:51:53
09:51:33,11.95,0.0,453,541389,卖盘,002171,2025-10-17 22:51:53
09:51:36,11.96,0.01,907,1085111,买盘,002171,2025-10-17 22:51:53
09:51:39,11.97,0.01,625,747881,买盘,002171,2025-10-17 22:51:53
09:51:42,11.98,0.01,425,508440,买盘,002171,2025-10-17 22:51:53
09:51:45,11.99,0.01,849,1017430,买盘,002171,2025-10-17 22:51:53
09:51:48,12.0,0.01,645,773472,买盘,002171,2025-10-17 22:51:53
09:51:51,12.01,0.01,1108,1329162,买盘,002171,2025-10-17 22:51:53
09:51:54,12.02,0.01,932,1119315,买盘,002171,2025-10-17 22:51:53
09:51:57,12.02,0.0,610,733429,卖盘,002171,2025-10-17 22:51:53
09:52:00,12.0,-0.02,3001,3605177,卖盘,002171,2025-10-17 22:51:53
09:52:03,11.97,-0.03,3520,4218263,卖盘,002171,2025-10-17 22:51:53
09:52:06,11.97,0.0,402,481047,买盘,002171,2025-10-17 22:51:53
09:52:09,11.96,-0.01,762,911660,卖盘,002171,2025-10-17 22:51:53
09:52:12,11.95,-0.01,1860,2223867,卖盘,002171,2025-10-17 22:51:53
09:52:15,11.94,-0.01,542,647473,卖盘,002171,2025-10-17 22:51:53
09:52:18,11.93,-0.01,436,520418,卖盘,002171,2025-10-17 22:51:53
09:52:21,11.92,-0.01,690,823038,卖盘,002171,2025-10-17 22:51:53
09:52:24,11.91,-0.01,337,401683,卖盘,002171,2025-10-17 22:51:53
09:52:27,11.9,-0.01,1256,1497091,卖盘,002171,2025-10-17 22:51:53
09:52:30,11.9,0.0,1023,1217400,卖盘,002171,2025-10-17 22:51:53
09:52:33,11.89,-0.01,648,770769,卖盘,002171,2025-10-17 22:51:53
09:52:36,11.88,-0.01,1533,1822251,卖盘,002171,2025-10-17 22:51:53
09:52:39,11.88,0.0,152,180520,买盘,002171,2025-10-17 22:51:53
09:52:42,11.88,0.0,1068,1268670,买盘,002171,2025-10-17 22:51:53
09:52:45,11.89,0.01,392,465881,买盘,002171,2025-10-17 22:51:53
09:52:48,11.9,0.01,782,929600,买盘,002171,2025-10-17 22:51:53
09:52:51,11.89,-0.01,482,573503,卖盘,002171,2025-10-17 22:51:53
09:52:54,11.93,0.04,431,513376,买盘,002171,2025-10-17 22:51:53
09:52:57,11.93,0.0,344,409719,买盘,002171,2025-10-17 22:51:53
09:53:00,11.93,0.0,296,353212,卖盘,002171,2025-10-17 22:51:53
09:53:03,11.93,0.0,482,575189,买盘,002171,2025-10-17 22:51:53
09:53:06,11.93,0.0,895,1067933,卖盘,002171,2025-10-17 22:51:53
09:53:09,11.93,0.0,659,785821,买盘,002171,2025-10-17 22:51:53
09:53:12,11.92,-0.01,374,445766,中性盘,002171,2025-10-17 22:51:53
09:53:15,11.94,0.02,659,785656,买盘,002171,2025-10-17 22:51:53
09:53:18,11.93,-0.01,377,449520,中性盘,002171,2025-10-17 22:51:53
09:53:21,11.94,0.01,392,467591,买盘,002171,2025-10-17 22:51:53
09:53:24,11.94,0.0,184,219598,卖盘,002171,2025-10-17 22:51:53
09:53:27,11.94,0.0,560,668723,卖盘,002171,2025-10-17 22:51:53
09:53:30,11.94,0.0,408,487001,买盘,002171,2025-10-17 22:51:53
09:53:33,11.93,-0.01,815,972686,卖盘,002171,2025-10-17 22:51:53
09:53:36,11.95,0.02,943,1125888,买盘,002171,2025-10-17 22:51:53
09:53:39,11.93,-0.02,710,848223,卖盘,002171,2025-10-17 22:51:53
09:53:42,11.94,0.01,184,219777,中性盘,002171,2025-10-17 22:51:53
09:53:45,11.95,0.01,439,524608,买盘,002171,2025-10-17 22:51:53
09:53:48,11.96,0.01,479,572255,买盘,002171,2025-10-17 22:51:53
09:53:51,11.95,-0.01,368,439971,卖盘,002171,2025-10-17 22:51:53
09:53:54,11.96,0.01,738,882440,买盘,002171,2025-10-17 22:51:53
09:53:57,11.94,-0.02,663,792338,卖盘,002171,2025-10-17 22:51:53
09:54:00,11.94,0.0,667,796828,卖盘,002171,2025-10-17 22:51:53
09:54:03,11.94,0.0,862,1029077,卖盘,002171,2025-10-17 22:51:53
09:54:06,11.93,-0.01,1916,2287035,卖盘,002171,2025-10-17 22:51:53
09:54:09,11.93,0.0,1020,1216816,买盘,002171,2025-10-17 22:51:53
09:54:12,11.93,0.0,531,633536,买盘,002171,2025-10-17 22:51:53
09:54:15,11.93,0.0,797,950364,买盘,002171,2025-10-17 22:51:53
09:54:18,11.92,-0.01,1858,2212636,中性盘,002171,2025-10-17 22:51:53
09:54:21,11.91,-0.01,399,475315,卖盘,002171,2025-10-17 22:51:53
09:54:24,11.93,0.02,1349,1608287,买盘,002171,2025-10-17 22:51:53
09:54:27,11.9,-0.03,909,1081433,卖盘,002171,2025-10-17 22:51:53
09:54:30,11.9,0.0,550,654281,买盘,002171,2025-10-17 22:51:53
09:54:33,11.9,0.0,817,972589,买盘,002171,2025-10-17 22:51:53
09:54:36,11.9,0.0,383,455731,卖盘,002171,2025-10-17 22:51:53
09:54:39,11.9,0.0,485,577169,卖盘,002171,2025-10-17 22:51:53
09:54:42,11.91,0.01,553,657958,买盘,002171,2025-10-17 22:51:53
09:54:45,11.9,-0.01,517,615255,卖盘,002171,2025-10-17 22:51:53
09:54:48,11.9,0.0,193,229684,卖盘,002171,2025-10-17 22:51:53
09:54:51,11.88,-0.02,952,1132142,卖盘,002171,2025-10-17 22:51:53
09:54:54,11.9,0.02,691,821931,买盘,002171,2025-10-17 22:51:53
09:54:57,11.9,0.0,377,448224,卖盘,002171,2025-10-17 22:51:53
09:55:00,11.88,-0.02,314,373441,卖盘,002171,2025-10-17 22:51:53
09:55:03,11.91,0.03,987,1174356,买盘,002171,2025-10-17 22:51:53
09:55:06,11.9,-0.01,129,153634,卖盘,002171,2025-10-17 22:51:53
09:55:09,11.9,0.0,484,576078,卖盘,002171,2025-10-17 22:51:53
09:55:12,11.9,0.0,680,808765,买盘,002171,2025-10-17 22:51:53
09:55:15,11.9,0.0,210,249871,买盘,002171,2025-10-17 22:51:53
09:55:18,11.89,-0.01,797,948199,卖盘,002171,2025-10-17 22:51:53
09:55:21,11.9,0.01,506,602077,中性盘,002171,2025-10-17 22:51:53
09:55:24,11.89,-0.01,304,361768,卖盘,002171,2025-10-17 22:51:53
09:55:27,11.89,0.0,574,683028,卖盘,002171,2025-10-17 22:51:53
09:55:30,11.91,0.02,335,399093,买盘,002171,2025-10-17 22:51:53
09:55:33,11.9,-0.01,283,336838,卖盘,002171,2025-10-17 22:51:53
09:55:36,11.89,-0.01,415,493836,卖盘,002171,2025-10-17 22:51:53
09:55:39,11.9,0.01,690,820998,买盘,002171,2025-10-17 22:51:53
09:55:42,11.9,0.0,626,744561,买盘,002171,2025-10-17 22:51:53
09:55:45,11.9,0.0,412,490066,买盘,002171,2025-10-17 22:51:53
09:55:48,11.9,0.0,964,1146752,买盘,002171,2025-10-17 22:51:53
09:55:51,11.9,0.0,451,536536,卖盘,002171,2025-10-17 22:51:53
09:55:54,11.9,0.0,344,409197,买盘,002171,2025-10-17 22:51:53
09:55:57,11.88,-0.02,717,852184,卖盘,002171,2025-10-17 22:51:53
09:56:00,11.88,0.0,506,601541,卖盘,002171,2025-10-17 22:51:53
09:56:03,11.89,0.01,1182,1405671,买盘,002171,2025-10-17 22:51:53
09:56:06,11.89,0.0,479,569479,卖盘,002171,2025-10-17 22:51:53
09:56:09,11.9,0.01,518,616224,买盘,002171,2025-10-17 22:51:53
09:56:12,11.89,-0.01,430,511459,卖盘,002171,2025-10-17 22:51:53
09:56:15,11.89,0.0,462,549467,卖盘,002171,2025-10-17 22:51:53
09:56:18,11.9,0.01,393,467402,买盘,002171,2025-10-17 22:51:53
09:56:21,11.9,0.0,301,358027,买盘,002171,2025-10-17 22:51:53
09:56:24,11.89,-0.01,815,969241,卖盘,002171,2025-10-17 22:51:53
09:56:27,11.9,0.01,368,437750,买盘,002171,2025-10-17 22:51:53
09:56:30,11.89,-0.01,1131,1344541,卖盘,002171,2025-10-17 22:51:53
09:56:33,11.89,0.0,407,483697,买盘,002171,2025-10-17 22:51:53
09:56:36,11.89,0.0,495,588348,买盘,002171,2025-10-17 22:51:53
09:56:39,11.89,0.0,853,1013792,买盘,002171,2025-10-17 22:51:53
09:56:42,11.89,0.0,975,1159470,买盘,002171,2025-10-17 22:51:53
09:56:45,11.89,0.0,418,497040,卖盘,002171,2025-10-17 22:51:53
09:56:48,11.9,0.01,419,498394,买盘,002171,2025-10-17 22:51:53
09:56:51,11.89,-0.01,375,445940,卖盘,002171,2025-10-17 22:51:53
09:56:54,11.89,0.0,403,479478,卖盘,002171,2025-10-17 22:51:53
09:56:57,11.9,0.01,702,834833,买盘,002171,2025-10-17 22:51:53
09:57:00,11.89,-0.01,771,916776,卖盘,002171,2025-10-17 22:51:53
09:57:03,11.89,0.0,432,513543,买盘,002171,2025-10-17 22:51:53
09:57:06,11.89,0.0,414,492211,买盘,002171,2025-10-17 22:51:53
09:57:09,11.89,0.0,743,883199,买盘,002171,2025-10-17 22:51:53
09:57:12,11.89,0.0,522,620582,买盘,002171,2025-10-17 22:51:53
09:57:15,11.89,0.0,227,270012,卖盘,002171,2025-10-17 22:51:53
09:57:18,11.89,0.0,205,243784,卖盘,002171,2025-10-17 22:51:53
09:57:21,11.9,0.01,708,842234,买盘,002171,2025-10-17 22:51:53
09:57:24,11.9,0.0,220,261804,卖盘,002171,2025-10-17 22:51:53
09:57:27,11.9,0.0,208,247587,卖盘,002171,2025-10-17 22:51:53
09:57:30,11.9,0.0,652,775908,卖盘,002171,2025-10-17 22:51:53
09:57:33,11.9,0.0,394,469022,卖盘,002171,2025-10-17 22:51:53
09:57:36,11.9,0.0,518,616547,卖盘,002171,2025-10-17 22:51:53
09:57:39,11.91,0.01,752,895137,买盘,002171,2025-10-17 22:51:53
09:57:42,11.91,0.0,336,399872,买盘,002171,2025-10-17 22:51:53
09:57:45,11.91,0.0,145,172320,买盘,002171,2025-10-17 22:51:53
09:57:48,11.91,0.0,395,470198,买盘,002171,2025-10-17 22:51:53
09:57:51,11.91,0.0,392,466927,卖盘,002171,2025-10-17 22:51:53
09:57:54,11.91,0.0,214,254933,卖盘,002171,2025-10-17 22:51:53
09:57:57,11.92,0.01,505,601662,买盘,002171,2025-10-17 22:51:53
09:58:00,11.93,0.01,621,740268,买盘,002171,2025-10-17 22:51:53
09:58:03,11.93,0.0,479,571185,买盘,002171,2025-10-17 22:51:53
09:58:06,11.93,0.0,638,760706,买盘,002171,2025-10-17 22:51:53
09:58:09,11.94,0.01,199,237526,买盘,002171,2025-10-17 22:51:53
09:58:12,11.95,0.01,198,236523,买盘,002171,2025-10-17 22:51:53
09:58:15,11.95,0.0,870,1039204,买盘,002171,2025-10-17 22:51:53
09:58:18,11.96,0.01,166,198465,买盘,002171,2025-10-17 22:51:53
09:58:21,11.96,0.0,1029,1230119,买盘,002171,2025-10-17 22:51:53
09:58:24,11.97,0.01,603,721249,买盘,002171,2025-10-17 22:51:53
09:58:27,11.98,0.01,783,937105,买盘,002171,2025-10-17 22:51:53
09:58:30,11.98,0.0,465,556780,买盘,002171,2025-10-17 22:51:53
09:58:33,11.98,0.0,1442,1726775,买盘,002171,2025-10-17 22:51:53
09:58:36,11.98,0.0,890,1065908,买盘,002171,2025-10-17 22:51:53
09:58:39,11.99,0.01,417,499874,买盘,002171,2025-10-17 22:51:53
09:58:42,11.97,-0.02,1635,1957725,卖盘,002171,2025-10-17 22:51:53
09:58:45,11.97,0.0,746,892641,买盘,002171,2025-10-17 22:51:53
09:58:48,11.96,-0.01,534,638724,卖盘,002171,2025-10-17 22:51:53
09:58:51,11.96,0.0,1008,1205314,买盘,002171,2025-10-17 22:51:53
09:58:54,11.96,0.0,800,956813,买盘,002171,2025-10-17 22:51:53
09:58:57,11.96,0.0,540,645914,卖盘,002171,2025-10-17 22:51:53
09:59:00,11.96,0.0,756,904482,卖盘,002171,2025-10-17 22:51:53
09:59:03,11.96,0.0,1302,1556370,买盘,002171,2025-10-17 22:51:53
09:59:06,11.96,0.0,366,437378,买盘,002171,2025-10-17 22:51:53
09:59:09,11.95,-0.01,639,763852,买盘,002171,2025-10-17 22:51:53
09:59:12,11.96,0.01,519,620288,买盘,002171,2025-10-17 22:51:53
09:59:15,11.95,-0.01,384,459023,卖盘,002171,2025-10-17 22:51:53
09:59:18,11.94,-0.01,193,230503,卖盘,002171,2025-10-17 22:51:53
09:59:21,11.95,0.01,751,897420,买盘,002171,2025-10-17 22:51:53
09:59:24,11.95,0.0,148,176869,卖盘,002171,2025-10-17 22:51:53
09:59:27,11.94,-0.01,290,346294,卖盘,002171,2025-10-17 22:51:53
09:59:30,11.95,0.01,820,979134,买盘,002171,2025-10-17 22:51:53
09:59:33,11.95,0.0,466,556460,买盘,002171,2025-10-17 22:51:53
09:59:36,11.94,-0.01,282,336826,卖盘,002171,2025-10-17 22:51:53
09:59:39,11.94,0.0,321,383361,卖盘,002171,2025-10-17 22:51:53
09:59:42,11.93,-0.01,901,1075762,卖盘,002171,2025-10-17 22:51:53
09:59:45,11.94,0.01,1056,1260530,买盘,002171,2025-10-17 22:51:53
09:59:48,11.93,-0.01,259,309214,卖盘,002171,2025-10-17 22:51:53
09:59:51,11.93,0.0,506,603690,买盘,002171,2025-10-17 22:51:53
09:59:54,11.93,0.0,310,369844,卖盘,002171,2025-10-17 22:51:53
09:59:57,11.93,0.0,647,771949,卖盘,002171,2025-10-17 22:51:53
10:00:00,11.93,0.0,342,407969,卖盘,002171,2025-10-17 22:51:53
10:00:03,11.91,-0.02,1486,1771232,卖盘,002171,2025-10-17 22:51:53
10:00:06,11.91,0.0,436,519403,卖盘,002171,2025-10-17 22:51:53
10:00:09,11.9,-0.01,1141,1357856,卖盘,002171,2025-10-17 22:51:53
10:00:12,11.9,0.0,2497,2975978,卖盘,002171,2025-10-17 22:51:53
10:00:15,11.92,0.02,353,420120,买盘,002171,2025-10-17 22:51:53
10:00:18,11.9,-0.02,196,233301,卖盘,002171,2025-10-17 22:51:53
10:00:21,11.9,0.0,270,321558,卖盘,002171,2025-10-17 22:51:53
10:00:24,11.9,0.0,399,474608,买盘,002171,2025-10-17 22:51:53
10:00:27,11.9,0.0,291,346196,买盘,002171,2025-10-17 22:51:53
10:00:30,11.89,-0.01,336,399639,卖盘,002171,2025-10-17 22:51:53
10:00:33,11.9,0.01,920,1094304,买盘,002171,2025-10-17 22:51:53
10:00:36,11.9,0.0,401,476683,卖盘,002171,2025-10-17 22:51:53
10:00:39,11.89,-0.01,349,415260,卖盘,002171,2025-10-17 22:51:53
10:00:42,11.9,0.01,524,623213,买盘,002171,2025-10-17 22:51:53
10:00:45,11.9,0.0,300,356968,买盘,002171,2025-10-17 22:51:53
10:00:48,11.91,0.01,817,972783,买盘,002171,2025-10-17 22:51:53
10:00:51,11.9,-0.01,1452,1726697,卖盘,002171,2025-10-17 22:51:53
10:00:54,11.91,0.01,312,371395,买盘,002171,2025-10-17 22:51:53
10:00:57,11.9,-0.01,428,509541,卖盘,002171,2025-10-17 22:51:53
10:01:00,11.91,0.01,437,520493,买盘,002171,2025-10-17 22:51:53
10:01:03,11.91,0.0,545,649180,卖盘,002171,2025-10-17 22:51:53
10:01:06,11.91,0.0,573,682497,卖盘,002171,2025-10-17 22:51:53
10:01:09,11.92,0.01,242,288275,买盘,002171,2025-10-17 22:51:53
10:01:12,11.91,-0.01,3317,3946530,卖盘,002171,2025-10-17 22:51:53
10:01:15,11.9,-0.01,453,539534,卖盘,002171,2025-10-17 22:51:53
10:01:18,11.9,0.0,578,688107,卖盘,002171,2025-10-17 22:51:53
10:01:21,11.9,0.0,550,654436,卖盘,002171,2025-10-17 22:51:53
10:01:24,11.9,0.0,232,276153,卖盘,002171,2025-10-17 22:51:53
10:01:27,11.9,0.0,430,511880,卖盘,002171,2025-10-17 22:51:53
10:01:30,11.9,0.0,801,953458,卖盘,002171,2025-10-17 22:51:53
10:01:33,11.9,0.0,431,512545,买盘,002171,2025-10-17 22:51:53
10:01:36,11.89,-0.01,1124,1336656,卖盘,002171,2025-10-17 22:51:53
10:01:39,11.89,0.0,501,595856,卖盘,002171,2025-10-17 22:51:53
10:01:42,11.89,0.0,451,536364,卖盘,002171,2025-10-17 22:51:53
10:01:45,11.89,0.0,419,498527,卖盘,002171,2025-10-17 22:51:53
10:01:48,11.89,0.0,665,790444,买盘,002171,2025-10-17 22:51:53
10:01:51,11.89,0.0,820,974415,买盘,002171,2025-10-17 22:51:53
10:01:54,11.88,-0.01,487,578824,卖盘,002171,2025-10-17 22:51:53
10:01:57,11.89,0.01,568,674986,买盘,002171,2025-10-17 22:51:53
10:02:00,11.88,-0.01,419,497999,卖盘,002171,2025-10-17 22:51:53
10:02:03,11.88,0.0,438,520429,卖盘,002171,2025-10-17 22:51:53
10:02:06,11.89,0.01,751,892417,买盘,002171,2025-10-17 22:51:53
10:02:09,11.89,0.0,414,491917,买盘,002171,2025-10-17 22:51:53
10:02:12,11.88,-0.01,401,476509,卖盘,002171,2025-10-17 22:51:53
10:02:15,11.89,0.01,402,477708,买盘,002171,2025-10-17 22:51:53
10:02:18,11.88,-0.01,593,704785,卖盘,002171,2025-10-17 22:51:53
10:02:21,11.89,0.01,301,357705,买盘,002171,2025-10-17 22:51:53
10:02:24,11.89,0.0,736,874516,卖盘,002171,2025-10-17 22:51:53
10:02:27,11.89,0.0,104,123690,卖盘,002171,2025-10-17 22:51:53
10:02:30,11.9,0.01,243,288975,买盘,002171,2025-10-17 22:51:53
10:02:33,11.89,-0.01,909,1080931,卖盘,002171,2025-10-17 22:51:53
10:02:36,11.88,-0.01,1292,1536553,卖盘,002171,2025-10-17 22:51:53
10:02:39,11.89,0.01,327,388831,买盘,002171,2025-10-17 22:51:53
10:02:42,11.9,0.01,555,659663,买盘,002171,2025-10-17 22:51:53
10:02:45,11.89,-0.01,621,738406,卖盘,002171,2025-10-17 22:51:53
10:02:48,11.89,0.0,642,763831,卖盘,002171,2025-10-17 22:51:53
10:02:51,11.9,0.01,538,640025,买盘,002171,2025-10-17 22:51:53
10:02:54,11.89,-0.01,376,447240,卖盘,002171,2025-10-17 22:51:53
10:02:57,11.89,0.0,880,1046850,卖盘,002171,2025-10-17 22:51:53
10:03:00,11.9,0.01,502,597216,买盘,002171,2025-10-17 22:51:53
10:03:03,11.9,0.0,1489,1771039,买盘,002171,2025-10-17 22:51:53
10:03:06,11.9,0.0,295,350827,买盘,002171,2025-10-17 22:51:53
10:03:09,11.9,0.0,420,499789,卖盘,002171,2025-10-17 22:51:53
10:03:12,11.9,0.0,554,659084,买盘,002171,2025-10-17 22:51:53
10:03:15,11.9,0.0,540,642516,买盘,002171,2025-10-17 22:51:53
10:03:18,11.9,0.0,718,854309,买盘,002171,2025-10-17 22:51:53
10:03:21,11.9,0.0,525,624528,买盘,002171,2025-10-17 22:51:53
10:03:24,11.9,0.0,309,367640,买盘,002171,2025-10-17 22:51:53
10:03:27,11.91,0.01,485,577456,买盘,002171,2025-10-17 22:51:53
10:03:30,11.9,-0.01,1118,1330410,卖盘,002171,2025-10-17 22:51:53
10:03:33,11.9,0.0,323,384362,买盘,002171,2025-10-17 22:51:53
10:03:36,11.9,0.0,331,393788,买盘,002171,2025-10-17 22:51:53
10:03:39,11.9,0.0,986,1172973,买盘,002171,2025-10-17 22:51:53
10:03:42,11.91,0.01,794,944879,买盘,002171,2025-10-17 22:51:53
10:03:45,11.9,-0.01,1728,2056432,卖盘,002171,2025-10-17 22:51:53
10:03:48,11.9,0.0,339,403278,买盘,002171,2025-10-17 22:51:53
10:03:51,11.9,0.0,482,573559,买盘,002171,2025-10-17 22:51:53
10:03:54,11.9,0.0,645,767425,买盘,002171,2025-10-17 22:51:53
10:03:57,11.9,0.0,957,1138317,买盘,002171,2025-10-17 22:51:53
10:04:00,11.9,0.0,281,334343,买盘,002171,2025-10-17 22:51:53
10:04:03,11.9,0.0,427,507916,买盘,002171,2025-10-17 22:51:53
10:04:06,11.9,0.0,568,675567,买盘,002171,2025-10-17 22:51:53
10:04:09,11.9,0.0,463,550802,买盘,002171,2025-10-17 22:51:53
10:04:12,11.9,0.0,994,1182749,买盘,002171,2025-10-17 22:51:53
10:04:15,11.9,0.0,1113,1323816,买盘,002171,2025-10-17 22:51:53
10:04:18,11.9,0.0,218,259348,买盘,002171,2025-10-17 22:51:53
10:04:21,11.9,0.0,603,717429,买盘,002171,2025-10-17 22:51:53
10:04:24,11.9,0.0,302,359225,买盘,002171,2025-10-17 22:51:53
10:04:27,11.9,0.0,184,218871,买盘,002171,2025-10-17 22:51:53
10:04:30,11.9,0.0,638,759223,买盘,002171,2025-10-17 22:51:53
10:04:33,11.91,0.01,184,218974,买盘,002171,2025-10-17 22:51:53
10:04:36,11.91,0.0,211,251092,买盘,002171,2025-10-17 22:51:53
10:04:39,11.9,-0.01,141,167830,卖盘,002171,2025-10-17 22:51:53
10:04:42,11.9,0.0,1350,1607546,卖盘,002171,2025-10-17 22:51:53
10:04:45,11.9,0.0,338,402508,卖盘,002171,2025-10-17 22:51:53
10:04:48,11.91,0.01,532,633461,买盘,002171,2025-10-17 22:51:53
10:04:51,11.93,0.02,577,687356,买盘,002171,2025-10-17 22:51:53
10:04:54,11.93,0.0,155,184761,买盘,002171,2025-10-17 22:51:53
10:04:57,11.93,0.0,265,315866,买盘,002171,2025-10-17 22:51:53
10:05:00,11.93,0.0,249,297056,买盘,002171,2025-10-17 22:51:53
10:05:03,11.94,0.01,171,204061,买盘,002171,2025-10-17 22:51:53
10:05:06,11.94,0.0,507,605207,买盘,002171,2025-10-17 22:51:53
10:05:09,11.95,0.01,729,870052,买盘,002171,2025-10-17 22:51:53
10:05:12,11.95,0.0,1554,1855538,买盘,002171,2025-10-17 22:51:53
10:05:15,11.95,0.0,245,292683,买盘,002171,2025-10-17 22:51:53
10:05:18,11.95,0.0,699,835157,买盘,002171,2025-10-17 22:51:53
10:05:21,11.95,0.0,656,783386,买盘,002171,2025-10-17 22:51:53
10:05:24,11.96,0.01,418,499740,买盘,002171,2025-10-17 22:51:53
10:05:27,11.96,0.0,394,470988,买盘,002171,2025-10-17 22:51:53
10:05:30,11.97,0.01,211,252399,买盘,002171,2025-10-17 22:51:53
10:05:33,11.98,0.01,722,864160,买盘,002171,2025-10-17 22:51:53
10:05:36,11.97,-0.01,660,790031,卖盘,002171,2025-10-17 22:51:53
10:05:39,11.97,0.0,1568,1876589,买盘,002171,2025-10-17 22:51:53
10:05:42,11.97,0.0,780,933540,买盘,002171,2025-10-17 22:51:53
10:05:45,11.97,0.0,645,772029,卖盘,002171,2025-10-17 22:51:53
10:05:48,11.97,0.0,1521,1820212,买盘,002171,2025-10-17 22:51:53
10:05:51,11.95,-0.02,728,870956,卖盘,002171,2025-10-17 22:51:53
10:05:54,11.97,0.02,720,861310,买盘,002171,2025-10-17 22:51:53
10:05:57,11.97,0.0,401,479797,买盘,002171,2025-10-17 22:51:53
10:06:00,11.96,-0.01,739,884420,卖盘,002171,2025-10-17 22:51:53
10:06:03,11.97,0.01,854,1021836,买盘,002171,2025-10-17 22:51:53
10:06:06,11.97,0.0,1847,2208196,买盘,002171,2025-10-17 22:51:53
10:06:09,11.94,-0.03,1268,1514978,卖盘,002171,2025-10-17 22:51:53
10:06:12,11.89,-0.05,6704,7974871,卖盘,002171,2025-10-17 22:51:53
10:06:15,11.88,-0.01,263,312690,卖盘,002171,2025-10-17 22:51:53
10:06:18,11.87,-0.01,1993,2365300,卖盘,002171,2025-10-17 22:51:53
10:06:21,11.87,0.0,218,258766,买盘,002171,2025-10-17 22:51:53
10:06:24,11.86,-0.01,737,874358,卖盘,002171,2025-10-17 22:51:53
10:06:27,11.87,0.01,502,595774,买盘,002171,2025-10-17 22:51:53
10:06:30,11.87,0.0,632,749823,卖盘,002171,2025-10-17 22:51:53
10:06:33,11.87,0.0,547,649449,买盘,002171,2025-10-17 22:51:53
10:06:36,11.87,0.0,149,176915,卖盘,002171,2025-10-17 22:51:53
10:06:39,11.88,0.01,291,345505,中性盘,002171,2025-10-17 22:51:53
10:06:42,11.87,-0.01,358,425237,卖盘,002171,2025-10-17 22:51:53
10:06:45,11.88,0.01,413,490637,卖盘,002171,2025-10-17 22:51:53
10:06:48,11.88,0.0,1176,1396752,买盘,002171,2025-10-17 22:51:53
10:06:51,11.88,0.0,303,360074,卖盘,002171,2025-10-17 22:51:53
10:06:54,11.88,0.0,376,446603,买盘,002171,2025-10-17 22:51:53
10:06:57,11.9,0.02,563,669153,买盘,002171,2025-10-17 22:51:53
10:07:00,11.89,-0.01,299,355660,卖盘,002171,2025-10-17 22:51:53
10:07:03,11.89,0.0,513,609568,卖盘,002171,2025-10-17 22:51:53
10:07:06,11.89,0.0,321,381862,卖盘,002171,2025-10-17 22:51:53
10:07:09,11.9,0.01,361,429297,买盘,002171,2025-10-17 22:51:53
10:07:12,11.89,-0.01,217,258120,卖盘,002171,2025-10-17 22:51:53
10:07:15,11.9,0.01,215,255798,买盘,002171,2025-10-17 22:51:53
10:07:18,11.89,-0.01,676,804016,卖盘,002171,2025-10-17 22:51:53
10:07:21,11.9,0.01,291,346190,买盘,002171,2025-10-17 22:51:53
10:07:24,11.89,-0.01,267,317618,卖盘,002171,2025-10-17 22:51:53
10:07:27,11.9,0.01,266,316375,买盘,002171,2025-10-17 22:51:53
10:07:30,11.9,0.0,234,278351,买盘,002171,2025-10-17 22:51:53
10:07:33,11.9,0.0,202,240423,卖盘,002171,2025-10-17 22:51:53
10:07:36,11.9,0.0,482,573671,卖盘,002171,2025-10-17 22:51:53
10:07:39,11.9,0.0,250,297536,卖盘,002171,2025-10-17 22:51:53
10:07:42,11.89,-0.01,651,774794,卖盘,002171,2025-10-17 22:51:53
10:07:45,11.9,0.01,262,311675,买盘,002171,2025-10-17 22:51:53
10:07:48,11.9,0.0,87,103534,卖盘,002171,2025-10-17 22:51:53
10:07:51,11.9,0.0,15,17864,卖盘,002171,2025-10-17 22:51:53
10:07:54,11.91,0.01,511,608369,买盘,002171,2025-10-17 22:51:53
10:07:57,11.91,0.0,385,458615,卖盘,002171,2025-10-17 22:51:53
10:08:00,11.92,0.01,175,208477,买盘,002171,2025-10-17 22:51:53
10:08:03,11.92,0.0,267,318223,卖盘,002171,2025-10-17 22:51:53
10:08:06,11.93,0.01,94,112058,买盘,002171,2025-10-17 22:51:53
10:08:09,11.93,0.0,85,101422,卖盘,002171,2025-10-17 22:51:53
10:08:12,11.94,0.01,343,409365,买盘,002171,2025-10-17 22:51:53
10:08:15,11.94,0.0,438,522888,买盘,002171,2025-10-17 22:51:53
10:08:18,11.95,0.01,109,130160,买盘,002171,2025-10-17 22:51:53
10:08:21,11.95,0.0,367,438439,买盘,002171,2025-10-17 22:51:53
10:08:24,11.95,0.0,216,258157,卖盘,002171,2025-10-17 22:51:53
10:08:27,11.96,0.01,790,944593,买盘,002171,2025-10-17 22:51:53
10:08:30,11.97,0.01,906,1083765,买盘,002171,2025-10-17 22:51:53
10:08:33,11.96,-0.01,361,431762,卖盘,002171,2025-10-17 22:51:53
10:08:36,11.95,-0.01,575,687371,卖盘,002171,2025-10-17 22:51:53
10:08:39,11.95,0.0,398,475774,卖盘,002171,2025-10-17 22:51:53
10:08:42,11.95,0.0,993,1187353,买盘,002171,2025-10-17 22:51:53
10:08:45,11.95,0.0,859,1026959,买盘,002171,2025-10-17 22:51:53
10:08:48,11.95,0.0,227,271338,卖盘,002171,2025-10-17 22:51:53
10:08:51,11.96,0.01,721,861744,买盘,002171,2025-10-17 22:51:53
10:08:54,11.96,0.0,1621,1938377,买盘,002171,2025-10-17 22:51:53
10:08:57,11.97,0.01,250,299021,买盘,002171,2025-10-17 22:51:53
10:09:00,11.94,-0.03,2140,2558018,卖盘,002171,2025-10-17 22:51:53
10:09:03,11.91,-0.03,2774,3304516,卖盘,002171,2025-10-17 22:51:53
10:09:06,11.93,0.02,855,1018368,买盘,002171,2025-10-17 22:51:53
10:09:09,11.94,0.01,407,484878,买盘,002171,2025-10-17 22:51:53
10:09:12,11.93,-0.01,118,140776,卖盘,002171,2025-10-17 22:51:53
10:09:15,11.9,-0.03,433,515891,卖盘,002171,2025-10-17 22:51:53
10:09:18,11.93,0.03,437,520479,买盘,002171,2025-10-17 22:51:53
10:09:21,11.96,0.03,1584,1893089,买盘,002171,2025-10-17 22:51:53
10:09:24,11.92,-0.04,1216,1453677,卖盘,002171,2025-10-17 22:51:53
10:09:27,11.92,0.0,406,483724,买盘,002171,2025-10-17 22:51:53
10:09:30,11.92,0.0,189,225274,买盘,002171,2025-10-17 22:51:53
10:09:33,11.92,0.0,212,252641,买盘,002171,2025-10-17 22:51:53
10:09:36,11.91,-0.01,647,770934,卖盘,002171,2025-10-17 22:51:53
10:09:39,11.92,0.01,331,394425,买盘,002171,2025-10-17 22:51:53
10:09:42,11.92,0.0,482,574506,买盘,002171,2025-10-17 22:51:53
10:09:45,11.92,0.0,194,231179,卖盘,002171,2025-10-17 22:51:53
10:09:48,11.92,0.0,331,394608,买盘,002171,2025-10-17 22:51:53
10:09:51,11.92,0.0,114,135921,卖盘,002171,2025-10-17 22:51:53
10:09:54,11.92,0.0,426,508072,卖盘,002171,2025-10-17 22:51:53
10:09:57,11.92,0.0,244,290823,卖盘,002171,2025-10-17 22:51:53
10:10:00,11.92,0.0,225,268286,卖盘,002171,2025-10-17 22:51:53
10:10:03,11.92,0.0,710,845797,卖盘,002171,2025-10-17 22:51:53
10:10:06,11.93,0.01,158,188302,买盘,002171,2025-10-17 22:51:53
10:10:09,11.93,0.0,88,104914,买盘,002171,2025-10-17 22:51:53
10:10:12,11.94,0.01,152,181199,买盘,002171,2025-10-17 22:51:53
10:10:15,11.94,0.0,256,305322,买盘,002171,2025-10-17 22:51:53
10:10:18,11.94,0.0,113,134860,买盘,002171,2025-10-17 22:51:53
10:10:21,11.94,0.0,254,303144,买盘,002171,2025-10-17 22:51:53
10:10:24,11.94,0.0,341,407762,卖盘,002171,2025-10-17 22:51:53
10:10:27,11.94,0.0,476,568650,卖盘,002171,2025-10-17 22:51:53
10:10:30,11.95,0.01,205,244929,买盘,002171,2025-10-17 22:51:53
10:10:33,11.95,0.0,370,442147,卖盘,002171,2025-10-17 22:51:53
10:10:36,11.95,0.0,171,204413,买盘,002171,2025-10-17 22:51:53
10:10:39,11.95,0.0,246,293950,买盘,002171,2025-10-17 22:51:53
10:10:42,11.95,0.0,65,77675,卖盘,002171,2025-10-17 22:51:53
10:10:45,11.96,0.01,369,440965,买盘,002171,2025-10-17 22:51:53
10:10:48,11.96,0.0,422,504609,买盘,002171,2025-10-17 22:51:53
10:10:51,11.96,0.0,1049,1254447,买盘,002171,2025-10-17 22:51:53
10:10:54,11.96,0.0,523,625120,买盘,002171,2025-10-17 22:51:53
10:10:57,11.96,0.0,203,242631,买盘,002171,2025-10-17 22:51:53
10:11:00,11.96,0.0,212,253473,买盘,002171,2025-10-17 22:51:53
10:11:03,11.95,-0.01,917,1095999,卖盘,002171,2025-10-17 22:51:53
10:11:06,11.96,0.01,418,499860,买盘,002171,2025-10-17 22:51:53
10:11:09,11.95,-0.01,337,402913,卖盘,002171,2025-10-17 22:51:53
10:11:12,11.96,0.01,743,888022,买盘,002171,2025-10-17 22:51:53
10:11:15,11.95,-0.01,711,849825,卖盘,002171,2025-10-17 22:51:53
10:11:18,11.95,0.0,283,338127,买盘,002171,2025-10-17 22:51:53
10:11:21,11.95,0.0,720,859996,买盘,002171,2025-10-17 22:51:53
10:11:24,11.94,-0.01,629,750826,卖盘,002171,2025-10-17 22:51:53
10:11:27,11.95,0.01,128,152914,买盘,002171,2025-10-17 22:51:53
10:11:30,11.94,-0.01,281,335598,卖盘,002171,2025-10-17 22:51:53
10:11:33,11.94,0.0,238,284072,买盘,002171,2025-10-17 22:51:53
10:11:36,11.94,0.0,484,577853,买盘,002171,2025-10-17 22:51:53
10:11:39,11.94,0.0,191,228045,买盘,002171,2025-10-17 22:51:53
10:11:42,11.95,0.01,388,463196,买盘,002171,2025-10-17 22:51:53
10:11:45,11.94,-0.01,131,156504,卖盘,002171,2025-10-17 22:51:53
10:11:48,11.96,0.02,1318,1574290,买盘,002171,2025-10-17 22:51:53
10:11:51,11.95,-0.01,308,368008,卖盘,002171,2025-10-17 22:51:53
10:11:54,11.95,0.0,332,396937,卖盘,002171,2025-10-17 22:51:53
10:11:57,11.96,0.01,138,164912,买盘,002171,2025-10-17 22:51:53
10:12:00,11.95,-0.01,751,897049,中性盘,002171,2025-10-17 22:51:53
10:12:03,11.92,-0.03,2404,2864414,卖盘,002171,2025-10-17 22:51:53
10:12:06,11.9,-0.02,254,302702,卖盘,002171,2025-10-17 22:51:53
10:12:09,11.92,0.02,414,493028,买盘,002171,2025-10-17 22:51:53
10:12:12,11.92,0.0,178,212061,买盘,002171,2025-10-17 22:51:53
10:12:15,11.91,-0.01,137,163156,中性盘,002171,2025-10-17 22:51:53
10:12:18,11.91,0.0,2168,2580214,买盘,002171,2025-10-17 22:51:53
10:12:21,11.91,0.0,229,272771,买盘,002171,2025-10-17 22:51:53
10:12:24,11.92,0.01,269,320266,买盘,002171,2025-10-17 22:51:53
10:12:27,11.91,-0.01,676,805191,卖盘,002171,2025-10-17 22:51:53
10:12:30,11.91,0.0,225,268115,卖盘,002171,2025-10-17 22:51:53
10:12:33,11.93,0.02,199,237191,买盘,002171,2025-10-17 22:51:53
10:12:36,11.92,-0.01,621,740114,卖盘,002171,2025-10-17 22:51:53
10:12:39,11.93,0.01,99,118068,买盘,002171,2025-10-17 22:51:53
10:12:42,11.92,-0.01,246,293227,卖盘,002171,2025-10-17 22:51:53
10:12:45,11.93,0.01,359,427961,买盘,002171,2025-10-17 22:51:53
10:12:48,11.92,-0.01,216,257472,卖盘,002171,2025-10-17 22:51:53
10:12:51,11.91,-0.01,239,284858,卖盘,002171,2025-10-17 22:51:53
10:12:54,11.9,-0.01,3650,4344251,卖盘,002171,2025-10-17 22:51:53
10:12:57,11.9,0.0,646,768627,买盘,002171,2025-10-17 22:51:53
10:13:00,11.9,0.0,224,266461,买盘,002171,2025-10-17 22:51:53
10:13:03,11.89,-0.01,475,564965,卖盘,002171,2025-10-17 22:51:53
10:13:06,11.89,0.0,775,921830,卖盘,002171,2025-10-17 22:51:53
10:13:09,11.89,0.0,494,587543,卖盘,002171,2025-10-17 22:51:53
10:13:12,11.89,0.0,374,444693,卖盘,002171,2025-10-17 22:51:53
10:13:15,11.89,0.0,365,433997,买盘,002171,2025-10-17 22:51:53
10:13:18,11.9,0.01,372,442394,买盘,002171,2025-10-17 22:51:53
10:13:21,11.9,0.0,411,488899,买盘,002171,2025-10-17 22:51:53
10:13:24,11.9,0.0,460,547053,买盘,002171,2025-10-17 22:51:53
10:13:27,11.9,0.0,137,163037,卖盘,002171,2025-10-17 22:51:53
10:13:30,11.9,0.0,268,318947,卖盘,002171,2025-10-17 22:51:53
10:13:33,11.91,0.01,435,517744,买盘,002171,2025-10-17 22:51:53
10:13:36,11.91,0.0,234,278722,买盘,002171,2025-10-17 22:51:53
10:13:39,11.92,0.01,153,182226,买盘,002171,2025-10-17 22:51:53
10:13:42,11.92,0.0,539,642217,买盘,002171,2025-10-17 22:51:53
10:13:45,11.91,-0.01,217,258574,卖盘,002171,2025-10-17 22:51:53
10:13:48,11.92,0.01,786,936777,买盘,002171,2025-10-17 22:51:53
10:13:51,11.92,0.0,1054,1255855,买盘,002171,2025-10-17 22:51:53
10:13:54,11.91,-0.01,727,866507,卖盘,002171,2025-10-17 22:51:53
10:13:57,11.92,0.01,557,663450,中性盘,002171,2025-10-17 22:51:53
10:14:00,11.91,-0.01,371,442151,卖盘,002171,2025-10-17 22:51:53
10:14:03,11.92,0.01,345,411034,买盘,002171,2025-10-17 22:51:53
10:14:06,11.92,0.0,455,542922,卖盘,002171,2025-10-17 22:51:53
10:14:09,11.93,0.01,552,658301,买盘,002171,2025-10-17 22:51:53
10:14:12,11.93,0.0,63,75146,卖盘,002171,2025-10-17 22:51:53
10:14:15,11.93,0.0,342,408016,买盘,002171,2025-10-17 22:51:53
10:14:18,11.93,0.0,257,306602,卖盘,002171,2025-10-17 22:51:53
10:14:21,11.93,0.0,265,316378,卖盘,002171,2025-10-17 22:51:53
10:14:24,11.94,0.01,180,214844,买盘,002171,2025-10-17 22:51:53
10:14:27,11.94,0.0,317,378498,卖盘,002171,2025-10-17 22:51:53
10:14:30,11.95,0.01,257,306839,买盘,002171,2025-10-17 22:51:53
10:14:33,11.94,-0.01,336,401177,卖盘,002171,2025-10-17 22:51:53
10:14:36,11.94,0.0,439,524378,卖盘,002171,2025-10-17 22:51:53
10:14:39,11.95,0.01,621,742029,买盘,002171,2025-10-17 22:51:53
10:14:42,11.96,0.01,353,421938,买盘,002171,2025-10-17 22:51:53
10:14:45,11.96,0.0,81,96812,买盘,002171,2025-10-17 22:51:53
10:14:48,11.95,-0.01,450,537910,卖盘,002171,2025-10-17 22:51:53
10:14:51,11.96,0.01,591,706601,买盘,002171,2025-10-17 22:51:53
10:14:54,11.96,0.0,203,242697,买盘,002171,2025-10-17 22:51:53
10:14:57,11.96,0.0,517,617945,买盘,002171,2025-10-17 22:51:53
10:15:00,11.96,0.0,433,517806,买盘,002171,2025-10-17 22:51:53
10:15:03,11.96,0.0,472,564531,卖盘,002171,2025-10-17 22:51:53
10:15:06,11.96,0.0,523,625633,卖盘,002171,2025-10-17 22:51:53
10:15:09,11.96,0.0,441,527628,卖盘,002171,2025-10-17 22:51:53
10:15:12,11.97,0.01,488,584001,买盘,002171,2025-10-17 22:51:53
10:15:15,11.97,0.0,635,759609,买盘,002171,2025-10-17 22:51:53
10:15:18,11.97,0.0,489,585005,买盘,002171,2025-10-17 22:51:53
10:15:21,11.97,0.0,290,347024,买盘,002171,2025-10-17 22:51:53
10:15:24,11.95,-0.02,1320,1578766,卖盘,002171,2025-10-17 22:51:53
10:15:27,11.97,0.02,623,744528,买盘,002171,2025-10-17 22:51:53
10:15:30,11.96,-0.01,235,280959,买盘,002171,2025-10-17 22:51:53
10:15:33,11.95,-0.01,324,387335,卖盘,002171,2025-10-17 22:51:53
10:15:36,11.95,0.0,341,407468,买盘,002171,2025-10-17 22:51:53
10:15:39,11.95,0.0,269,321347,买盘,002171,2025-10-17 22:51:53
10:15:42,11.96,0.01,1771,2115795,买盘,002171,2025-10-17 22:51:53
10:15:45,11.96,0.0,433,517452,买盘,002171,2025-10-17 22:51:53
10:15:48,11.96,0.0,175,209189,买盘,002171,2025-10-17 22:51:53
10:15:51,11.97,0.01,191,228425,买盘,002171,2025-10-17 22:51:53
10:15:54,11.97,0.0,436,521458,买盘,002171,2025-10-17 22:51:53
10:15:57,11.96,-0.01,233,278731,卖盘,002171,2025-10-17 22:51:53
10:16:00,11.97,0.01,552,660680,买盘,002171,2025-10-17 22:51:53
10:16:03,11.96,-0.01,692,827714,卖盘,002171,2025-10-17 22:51:53
10:16:06,11.98,0.02,766,916752,买盘,002171,2025-10-17 22:51:53
10:16:09,11.98,0.0,21,25143,买盘,002171,2025-10-17 22:51:53
10:16:12,11.98,0.0,570,682483,买盘,002171,2025-10-17 22:51:53
10:16:15,11.98,0.0,539,645548,买盘,002171,2025-10-17 22:51:53
10:16:18,11.98,0.0,61,73105,卖盘,002171,2025-10-17 22:51:53
10:16:21,11.99,0.01,530,635058,买盘,002171,2025-10-17 22:51:53
10:16:24,11.99,0.0,465,557424,买盘,002171,2025-10-17 22:51:53
10:16:27,12.0,0.01,5498,6597157,买盘,002171,2025-10-17 22:51:53
10:16:30,12.03,0.03,1005,1206332,买盘,002171,2025-10-17 22:51:53
10:16:33,12.01,-0.02,293,352343,卖盘,002171,2025-10-17 22:51:53
10:16:36,12.04,0.03,273,328692,买盘,002171,2025-10-17 22:51:53
10:16:39,12.05,0.01,788,948827,买盘,002171,2025-10-17 22:51:53
10:16:42,12.06,0.01,423,509705,买盘,002171,2025-10-17 22:51:53
10:16:45,12.07,0.01,3325,4006087,买盘,002171,2025-10-17 22:51:53
10:16:48,12.03,-0.04,2557,3077398,卖盘,002171,2025-10-17 22:51:53
10:16:51,12.03,0.0,2419,2908532,买盘,002171,2025-10-17 22:51:53
10:16:54,12.0,-0.03,2198,2639081,卖盘,002171,2025-10-17 22:51:53
10:16:57,12.01,0.01,975,1171629,买盘,002171,2025-10-17 22:51:53
10:17:00,12.03,0.02,2718,3269834,卖盘,002171,2025-10-17 22:51:53
10:17:03,12.0,-0.03,909,1091458,卖盘,002171,2025-10-17 22:51:53
10:17:06,12.0,0.0,986,1183123,买盘,002171,2025-10-17 22:51:53
10:17:09,12.0,0.0,1563,1874940,买盘,002171,2025-10-17 22:51:53
10:17:12,12.0,0.0,601,721039,买盘,002171,2025-10-17 22:51:53
10:17:15,11.99,-0.01,1245,1493003,卖盘,002171,2025-10-17 22:51:53
10:17:18,11.98,-0.01,854,1024349,卖盘,002171,2025-10-17 22:51:53
10:17:21,11.99,0.01,244,292397,买盘,002171,2025-10-17 22:51:53
10:17:24,11.99,0.0,262,313913,买盘,002171,2025-10-17 22:51:53
10:17:27,11.98,-0.01,796,953764,卖盘,002171,2025-10-17 22:51:53
10:17:30,11.98,0.0,787,942781,买盘,002171,2025-10-17 22:51:53
10:17:33,11.98,0.0,508,608430,买盘,002171,2025-10-17 22:51:53
10:17:36,11.98,0.0,374,448145,卖盘,002171,2025-10-17 22:51:53
10:17:39,11.99,0.01,130,155797,买盘,002171,2025-10-17 22:51:53
10:17:42,11.99,0.0,308,369152,买盘,002171,2025-10-17 22:51:53
10:17:45,11.99,0.0,220,263781,卖盘,002171,2025-10-17 22:51:53
10:17:48,11.99,0.0,143,171517,卖盘,002171,2025-10-17 22:51:53
10:17:51,11.99,0.0,336,402920,卖盘,002171,2025-10-17 22:51:53
10:17:54,11.99,0.0,590,707424,卖盘,002171,2025-10-17 22:51:53
10:17:57,11.99,0.0,247,296164,卖盘,002171,2025-10-17 22:51:53
10:18:00,11.98,-0.01,1013,1213662,卖盘,002171,2025-10-17 22:51:53
10:18:03,11.98,0.0,314,375920,买盘,002171,2025-10-17 22:51:53
10:18:06,11.98,0.0,744,890882,买盘,002171,2025-10-17 22:51:53
10:18:09,11.98,0.0,338,404436,买盘,002171,2025-10-17 22:51:53
10:18:12,11.96,-0.02,391,468170,卖盘,002171,2025-10-17 22:51:53
10:18:15,11.97,0.01,136,162735,买盘,002171,2025-10-17 22:51:53
10:18:18,11.97,0.0,251,300410,买盘,002171,2025-10-17 22:51:53
10:18:21,11.97,0.0,220,263360,卖盘,002171,2025-10-17 22:51:53
10:18:24,11.97,0.0,151,180749,买盘,002171,2025-10-17 22:51:53
10:18:27,11.97,0.0,274,327996,卖盘,002171,2025-10-17 22:51:53
10:18:30,11.97,0.0,290,347061,买盘,002171,2025-10-17 22:51:53
10:18:33,11.97,0.0,231,276375,买盘,002171,2025-10-17 22:51:53
10:18:36,11.96,-0.01,176,210641,卖盘,002171,2025-10-17 22:51:53
10:18:39,11.96,0.0,313,374584,卖盘,002171,2025-10-17 22:51:53
10:18:42,11.97,0.01,288,344533,买盘,002171,2025-10-17 22:51:53
10:18:45,11.96,-0.01,318,380272,卖盘,002171,2025-10-17 22:51:53
10:18:48,11.97,0.01,259,309731,买盘,002171,2025-10-17 22:51:53
10:18:51,11.96,-0.01,503,601543,卖盘,002171,2025-10-17 22:51:53
10:18:54,11.96,0.0,182,217575,买盘,002171,2025-10-17 22:51:53
10:18:57,11.96,0.0,54,64594,卖盘,002171,2025-10-17 22:51:53
10:19:00,11.96,0.0,187,223636,卖盘,002171,2025-10-17 22:51:53
10:19:03,11.96,0.0,432,516809,卖盘,002171,2025-10-17 22:51:53
10:19:06,11.96,0.0,122,145964,卖盘,002171,2025-10-17 22:51:53
10:19:09,11.96,0.0,165,197205,买盘,002171,2025-10-17 22:51:53
10:19:12,11.95,-0.01,330,394391,卖盘,002171,2025-10-17 22:51:53
10:19:15,11.95,0.0,407,486410,卖盘,002171,2025-10-17 22:51:53
10:19:18,11.95,0.0,262,313081,买盘,002171,2025-10-17 22:51:53
10:19:21,11.95,0.0,204,243822,卖盘,002171,2025-10-17 22:51:53
10:19:24,11.96,0.01,684,816925,买盘,002171,2025-10-17 22:51:53
10:19:27,11.95,-0.01,147,175665,卖盘,002171,2025-10-17 22:51:53
10:19:30,11.95,0.0,485,579773,买盘,002171,2025-10-17 22:51:53
10:19:33,11.95,0.0,156,186312,买盘,002171,2025-10-17 22:51:53
10:19:36,11.95,0.0,328,391751,买盘,002171,2025-10-17 22:51:53
10:19:39,11.95,0.0,92,109940,卖盘,002171,2025-10-17 22:51:53
10:19:42,11.96,0.01,419,500643,买盘,002171,2025-10-17 22:51:53
10:19:45,11.95,-0.01,142,169713,卖盘,002171,2025-10-17 22:51:53
10:19:48,11.95,0.0,230,274800,买盘,002171,2025-10-17 22:51:53
10:19:51,11.95,0.0,183,218718,卖盘,002171,2025-10-17 22:51:53
10:19:54,11.96,0.01,102,121951,买盘,002171,2025-10-17 22:51:53
10:19:57,11.96,0.0,403,481768,买盘,002171,2025-10-17 22:51:53
10:20:00,11.96,0.0,193,230752,买盘,002171,2025-10-17 22:51:53
10:20:03,11.95,-0.01,146,174510,卖盘,002171,2025-10-17 22:51:53
10:20:06,11.95,0.0,275,328620,卖盘,002171,2025-10-17 22:51:53
10:20:09,11.95,0.0,444,530780,卖盘,002171,2025-10-17 22:51:53
10:20:12,11.95,0.0,61,72895,买盘,002171,2025-10-17 22:51:53
10:20:15,11.97,0.02,408,487670,买盘,002171,2025-10-17 22:51:53
10:20:18,11.95,-0.02,101,120694,卖盘,002171,2025-10-17 22:51:53
10:20:21,11.96,0.01,45,53779,买盘,002171,2025-10-17 22:51:53
10:20:24,11.96,0.0,233,278686,买盘,002171,2025-10-17 22:51:53
10:20:27,11.96,0.0,217,259532,卖盘,002171,2025-10-17 22:51:53
10:20:30,11.97,0.01,117,139971,买盘,002171,2025-10-17 22:51:53
10:20:33,11.97,0.0,345,412739,买盘,002171,2025-10-17 22:51:53
10:20:36,11.96,-0.01,177,211797,中性盘,002171,2025-10-17 22:51:53
10:20:39,11.97,0.01,8,9575,中性盘,002171,2025-10-17 22:51:53
10:20:42,11.97,0.0,501,599807,卖盘,002171,2025-10-17 22:51:53
10:20:45,11.96,-0.01,220,263261,卖盘,002171,2025-10-17 22:51:53
10:20:48,11.97,0.01,101,120863,买盘,002171,2025-10-17 22:51:53
10:20:51,11.97,0.0,332,397208,买盘,002171,2025-10-17 22:51:53
10:20:54,11.96,-0.01,303,362555,卖盘,002171,2025-10-17 22:51:53
10:20:57,11.97,0.01,12,14374,中性盘,002171,2025-10-17 22:51:53
10:21:00,11.98,0.01,247,295685,买盘,002171,2025-10-17 22:51:53
10:21:03,11.99,0.01,830,994245,买盘,002171,2025-10-17 22:51:53
10:21:06,11.99,0.0,127,152258,买盘,002171,2025-10-17 22:51:53
10:21:09,11.99,0.0,391,468621,买盘,002171,2025-10-17 22:51:53
10:21:12,12.0,0.01,385,461635,买盘,002171,2025-10-17 22:51:53
10:21:15,12.0,0.0,308,369569,买盘,002171,2025-10-17 22:51:53
10:21:18,12.0,0.0,404,484483,买盘,002171,2025-10-17 22:51:53
10:21:21,12.0,0.0,488,585510,买盘,002171,2025-10-17 22:51:53
10:21:24,12.0,0.0,728,873564,买盘,002171,2025-10-17 22:51:53
10:21:27,12.0,0.0,706,846879,买盘,002171,2025-10-17 22:51:53
10:21:30,12.0,0.0,1152,1381741,买盘,002171,2025-10-17 22:51:53
10:21:33,12.0,0.0,718,862278,卖盘,002171,2025-10-17 22:51:53
10:21:36,11.99,-0.01,646,775146,卖盘,002171,2025-10-17 22:51:53
10:21:39,12.01,0.02,1186,1422360,买盘,002171,2025-10-17 22:51:53
10:21:42,12.02,0.01,74,88887,买盘,002171,2025-10-17 22:51:53
10:21:45,12.03,0.01,449,539635,买盘,002171,2025-10-17 22:51:53
10:21:48,12.02,-0.01,1360,1634576,卖盘,002171,2025-10-17 22:51:53
10:21:51,12.02,0.0,618,742663,买盘,002171,2025-10-17 22:51:53
10:21:54,12.02,0.0,177,212656,买盘,002171,2025-10-17 22:51:53
10:21:57,12.01,-0.01,488,586428,卖盘,002171,2025-10-17 22:51:53
10:22:00,12.03,0.02,313,375938,买盘,002171,2025-10-17 22:51:53
10:22:03,12.02,-0.01,384,461510,卖盘,002171,2025-10-17 22:51:53
10:22:06,12.02,0.0,685,823581,卖盘,002171,2025-10-17 22:51:53
10:22:09,12.02,0.0,621,746589,买盘,002171,2025-10-17 22:51:53
10:22:12,12.02,0.0,138,165870,买盘,002171,2025-10-17 22:51:53
10:22:15,12.03,0.01,116,139480,买盘,002171,2025-10-17 22:51:53
10:22:18,12.03,0.0,676,812992,买盘,002171,2025-10-17 22:51:53
10:22:21,12.04,0.01,266,320109,买盘,002171,2025-10-17 22:51:53
10:22:24,12.04,0.0,414,498454,买盘,002171,2025-10-17 22:51:53
10:22:27,12.05,0.01,582,700772,买盘,002171,2025-10-17 22:51:53
10:22:30,12.03,-0.02,1318,1585315,卖盘,002171,2025-10-17 22:51:53
10:22:33,12.05,0.02,585,704284,买盘,002171,2025-10-17 22:51:53
10:22:36,12.03,-0.02,535,643755,卖盘,002171,2025-10-17 22:51:53
10:22:39,12.05,0.02,525,632422,买盘,002171,2025-10-17 22:51:53
10:22:42,12.04,-0.01,610,735023,卖盘,002171,2025-10-17 22:51:53
10:22:45,12.04,0.0,656,789731,卖盘,002171,2025-10-17 22:51:53
10:22:48,12.05,0.01,850,1023944,买盘,002171,2025-10-17 22:51:53
10:22:51,12.05,0.0,476,573280,买盘,002171,2025-10-17 22:51:53
10:22:54,12.05,0.0,1972,2375787,买盘,002171,2025-10-17 22:51:53
10:22:57,12.05,0.0,481,579698,买盘,002171,2025-10-17 22:51:53
10:23:00,12.08,0.03,281,339086,买盘,002171,2025-10-17 22:51:53
10:23:03,12.07,-0.01,1443,1741951,卖盘,002171,2025-10-17 22:51:53
10:23:06,12.08,0.01,985,1188978,买盘,002171,2025-10-17 22:51:53
10:23:09,12.07,-0.01,490,591830,卖盘,002171,2025-10-17 22:51:53
10:23:12,12.07,0.0,978,1180947,卖盘,002171,2025-10-17 22:51:53
10:23:15,12.08,0.01,1005,1213827,买盘,002171,2025-10-17 22:51:53
10:23:18,12.09,0.01,2226,2689733,买盘,002171,2025-10-17 22:51:53
10:23:21,12.1,0.01,508,613905,买盘,002171,2025-10-17 22:51:53
10:23:24,12.1,0.0,994,1201991,买盘,002171,2025-10-17 22:51:53
10:23:27,12.1,0.0,1792,2168109,买盘,002171,2025-10-17 22:51:53
10:23:30,12.12,0.02,2357,2851838,买盘,002171,2025-10-17 22:51:53
10:23:33,12.09,-0.03,3875,4687341,卖盘,002171,2025-10-17 22:51:53
10:23:36,12.06,-0.03,4932,5958035,卖盘,002171,2025-10-17 22:51:53
10:23:39,12.06,0.0,1104,1331137,买盘,002171,2025-10-17 22:51:53
10:23:42,12.04,-0.02,1897,2285014,卖盘,002171,2025-10-17 22:51:53
10:23:45,12.03,-0.01,1648,1983252,卖盘,002171,2025-10-17 22:51:53
10:23:48,12.02,-0.01,1338,1608164,卖盘,002171,2025-10-17 22:51:53
10:23:51,12.02,0.0,278,333955,买盘,002171,2025-10-17 22:51:53
10:23:54,12.03,0.01,1088,1306932,买盘,002171,2025-10-17 22:51:53
10:23:57,12.02,-0.01,273,328248,卖盘,002171,2025-10-17 22:51:53
10:24:00,12.03,0.01,602,723734,买盘,002171,2025-10-17 22:51:53
10:24:03,12.04,0.01,1824,2193060,买盘,002171,2025-10-17 22:51:53
10:24:06,12.04,0.0,2236,2688910,买盘,002171,2025-10-17 22:51:53
10:24:09,12.05,0.01,681,819937,买盘,002171,2025-10-17 22:51:53
10:24:12,12.05,0.0,617,743163,买盘,002171,2025-10-17 22:51:53
10:24:15,12.05,0.0,1181,1422218,买盘,002171,2025-10-17 22:51:53
10:24:18,12.06,0.01,1090,1313470,买盘,002171,2025-10-17 22:51:53
10:24:21,12.05,-0.01,449,541362,卖盘,002171,2025-10-17 22:51:53
10:24:24,12.05,0.0,784,945080,卖盘,002171,2025-10-17 22:51:53
10:24:27,12.04,-0.01,910,1096812,卖盘,002171,2025-10-17 22:51:53
10:24:30,12.05,0.01,504,607398,买盘,002171,2025-10-17 22:51:53
10:24:33,12.05,0.0,525,632667,卖盘,002171,2025-10-17 22:51:53
10:24:36,12.05,0.0,533,642181,买盘,002171,2025-10-17 22:51:53
10:24:39,12.05,0.0,777,935903,中性盘,002171,2025-10-17 22:51:53
10:24:42,12.05,0.0,1403,1688540,买盘,002171,2025-10-17 22:51:53
10:24:45,12.04,-0.01,1503,1809554,中性盘,002171,2025-10-17 22:51:53
10:24:48,12.05,0.01,758,912347,买盘,002171,2025-10-17 22:51:53
10:24:51,12.04,-0.01,146,175794,买盘,002171,2025-10-17 22:51:53
10:24:54,12.04,0.0,1096,1318501,买盘,002171,2025-10-17 22:51:53
10:24:57,12.05,0.01,1565,1882650,买盘,002171,2025-10-17 22:51:53
10:25:00,12.04,-0.01,1167,1405839,卖盘,002171,2025-10-17 22:51:53
10:25:03,12.05,0.01,974,1170562,买盘,002171,2025-10-17 22:51:53
10:25:06,12.04,-0.01,582,699983,卖盘,002171,2025-10-17 22:51:53
10:25:09,12.04,0.0,443,533373,买盘,002171,2025-10-17 22:51:53
10:25:12,12.03,-0.01,95,114290,卖盘,002171,2025-10-17 22:51:53
10:25:15,12.02,-0.01,170,204419,卖盘,002171,2025-10-17 22:51:53
10:25:18,12.02,0.0,128,153850,买盘,002171,2025-10-17 22:51:53
10:25:21,12.02,0.0,405,486541,买盘,002171,2025-10-17 22:51:53
10:25:24,12.01,-0.01,53,63695,卖盘,002171,2025-10-17 22:51:53
10:25:27,12.03,0.02,403,484419,买盘,002171,2025-10-17 22:51:53
10:25:30,12.03,0.0,180,216435,买盘,002171,2025-10-17 22:51:53
10:25:33,12.02,-0.01,107,128677,卖盘,002171,2025-10-17 22:51:53
10:25:36,12.04,0.02,377,453295,买盘,002171,2025-10-17 22:51:53
10:25:39,12.02,-0.02,172,206721,卖盘,002171,2025-10-17 22:51:53
10:25:42,12.03,0.01,273,328188,买盘,002171,2025-10-17 22:51:53
10:25:45,12.03,0.0,90,108267,卖盘,002171,2025-10-17 22:51:53
10:25:48,12.03,0.0,190,228431,买盘,002171,2025-10-17 22:51:53
10:25:51,12.03,0.0,268,322313,买盘,002171,2025-10-17 22:51:53
10:25:54,12.03,0.0,215,258620,买盘,002171,2025-10-17 22:51:53
10:25:57,12.01,-0.02,1718,2063796,卖盘,002171,2025-10-17 22:51:53
10:26:00,12.01,0.0,270,324171,买盘,002171,2025-10-17 22:51:53
10:26:03,12.01,0.0,2644,3172856,买盘,002171,2025-10-17 22:51:53
10:26:06,12.01,0.0,514,617021,买盘,002171,2025-10-17 22:51:53
10:26:09,12.0,-0.01,245,294205,卖盘,002171,2025-10-17 22:51:53
10:26:12,12.01,0.01,139,166896,卖盘,002171,2025-10-17 22:51:53
10:26:15,11.99,-0.02,321,385229,卖盘,002171,2025-10-17 22:51:53
10:26:18,11.99,0.0,422,506367,卖盘,002171,2025-10-17 22:51:53
10:26:21,12.0,0.01,199,238669,买盘,002171,2025-10-17 22:51:53
10:26:24,11.98,-0.02,261,312773,卖盘,002171,2025-10-17 22:51:53
10:26:27,12.0,0.02,30,35994,买盘,002171,2025-10-17 22:51:53
10:26:30,12.0,0.0,356,426816,买盘,002171,2025-10-17 22:51:53
10:26:33,11.99,-0.01,281,337004,卖盘,002171,2025-10-17 22:51:53
10:26:36,11.99,0.0,53,63546,买盘,002171,2025-10-17 22:51:53
10:26:39,11.98,-0.01,83,99464,卖盘,002171,2025-10-17 22:51:53
10:26:42,12.0,0.02,344,412455,买盘,002171,2025-10-17 22:51:53
10:26:45,11.99,-0.01,103,123514,卖盘,002171,2025-10-17 22:51:53
10:26:48,11.99,0.0,126,151173,卖盘,002171,2025-10-17 22:51:53
10:26:51,11.99,0.0,173,207493,卖盘,002171,2025-10-17 22:51:53
10:26:54,11.99,0.0,201,241033,卖盘,002171,2025-10-17 22:51:53
10:26:57,11.99,0.0,143,171579,卖盘,002171,2025-10-17 22:51:53
10:27:00,11.99,0.0,288,345354,卖盘,002171,2025-10-17 22:51:53
10:27:03,12.0,0.01,272,326304,买盘,002171,2025-10-17 22:51:53
10:27:06,12.0,0.0,78,93600,卖盘,002171,2025-10-17 22:51:53
10:27:09,12.0,0.0,121,145209,卖盘,002171,2025-10-17 22:51:53
10:27:12,12.01,0.01,190,228026,买盘,002171,2025-10-17 22:51:53
10:27:15,12.01,0.0,139,166837,买盘,002171,2025-10-17 22:51:53
10:27:18,12.02,0.01,282,338452,买盘,002171,2025-10-17 22:51:53
10:27:21,12.01,-0.01,147,176431,卖盘,002171,2025-10-17 22:51:53
10:27:24,12.0,-0.01,507,608449,卖盘,002171,2025-10-17 22:51:53
10:27:27,12.0,0.0,255,305936,买盘,002171,2025-10-17 22:51:53
10:27:30,12.0,0.0,904,1083990,买盘,002171,2025-10-17 22:51:53
10:27:33,12.01,0.01,66,79266,买盘,002171,2025-10-17 22:51:53
10:27:36,12.01,0.0,60,72015,卖盘,002171,2025-10-17 22:51:53
10:27:39,12.02,0.01,229,275039,买盘,002171,2025-10-17 22:51:53
10:27:42,12.01,-0.01,145,174262,卖盘,002171,2025-10-17 22:51:53
10:27:45,12.02,0.01,170,204352,卖盘,002171,2025-10-17 22:51:53
10:27:48,12.02,0.0,181,217574,卖盘,002171,2025-10-17 22:51:53
10:27:51,12.04,0.02,212,255041,买盘,002171,2025-10-17 22:51:53
10:27:54,12.04,0.0,158,190098,买盘,002171,2025-10-17 22:51:53
10:27:57,12.03,-0.01,205,246643,卖盘,002171,2025-10-17 22:51:53
10:28:00,12.03,0.0,62,74586,买盘,002171,2025-10-17 22:51:53
10:28:03,12.02,-0.01,535,643464,卖盘,002171,2025-10-17 22:51:53
10:28:06,12.03,0.01,387,465340,买盘,002171,2025-10-17 22:51:53
10:28:09,12.03,0.0,120,144360,买盘,002171,2025-10-17 22:51:53
10:28:12,12.03,0.0,121,145566,卖盘,002171,2025-10-17 22:51:53
10:28:15,12.04,0.01,350,421101,买盘,002171,2025-10-17 22:51:53
10:28:18,12.04,0.0,157,188994,买盘,002171,2025-10-17 22:51:53
10:28:21,12.05,0.01,143,172213,买盘,002171,2025-10-17 22:51:53
10:28:24,12.04,-0.01,464,558733,卖盘,002171,2025-10-17 22:51:53
10:28:27,12.04,0.0,754,908108,卖盘,002171,2025-10-17 22:51:53
10:28:30,12.04,0.0,719,866008,卖盘,002171,2025-10-17 22:51:53
10:28:33,12.04,0.0,452,544232,卖盘,002171,2025-10-17 22:51:53
10:28:36,12.04,0.0,276,332250,买盘,002171,2025-10-17 22:51:53
10:28:39,12.04,0.0,272,327427,买盘,002171,2025-10-17 22:51:53
10:28:42,12.04,0.0,127,152898,卖盘,002171,2025-10-17 22:51:53
10:28:45,12.03,-0.01,267,321442,卖盘,002171,2025-10-17 22:51:53
10:28:48,12.03,0.0,586,705106,卖盘,002171,2025-10-17 22:51:53
10:28:51,12.03,0.0,520,625892,中性盘,002171,2025-10-17 22:51:53
10:28:54,12.04,0.01,242,291325,买盘,002171,2025-10-17 22:51:53
10:28:57,12.02,-0.02,126,151542,卖盘,002171,2025-10-17 22:51:53
10:29:00,12.02,0.0,561,674489,卖盘,002171,2025-10-17 22:51:53
10:29:03,12.01,-0.01,598,718843,卖盘,002171,2025-10-17 22:51:53
10:29:06,12.01,0.0,299,359143,卖盘,002171,2025-10-17 22:51:53
10:29:09,12.01,0.0,558,670189,卖盘,002171,2025-10-17 22:51:53
10:29:12,12.02,0.01,550,660753,买盘,002171,2025-10-17 22:51:53
10:29:15,12.02,0.0,134,160890,买盘,002171,2025-10-17 22:51:53
10:29:18,12.01,-0.01,631,757220,卖盘,002171,2025-10-17 22:51:53
10:29:21,12.01,0.0,443,532375,买盘,002171,2025-10-17 22:51:53
10:29:24,12.02,0.01,68,81678,买盘,002171,2025-10-17 22:51:53
10:29:27,12.02,0.0,124,148988,买盘,002171,2025-10-17 22:51:53
10:29:30,12.02,0.0,132,158683,买盘,002171,2025-10-17 22:51:53
10:29:33,12.02,0.0,967,1161574,卖盘,002171,2025-10-17 22:51:53
10:29:36,12.02,0.0,212,255040,卖盘,002171,2025-10-17 22:51:53
10:29:39,12.02,0.0,285,342691,卖盘,002171,2025-10-17 22:51:53
10:29:42,12.03,0.01,186,223686,中性盘,002171,2025-10-17 22:51:53
10:29:45,12.03,0.0,329,395934,卖盘,002171,2025-10-17 22:51:53
10:29:48,12.02,-0.01,66,79371,卖盘,002171,2025-10-17 22:51:53
10:29:51,12.02,0.0,94,112958,买盘,002171,2025-10-17 22:51:53
10:29:54,12.03,0.01,18,21655,买盘,002171,2025-10-17 22:51:53
10:29:57,12.04,0.01,244,293528,买盘,002171,2025-10-17 22:51:53
10:30:00,12.04,0.0,122,146767,买盘,002171,2025-10-17 22:51:53
10:30:03,12.04,0.0,366,440361,买盘,002171,2025-10-17 22:51:53
10:30:06,12.03,-0.01,296,356317,中性盘,002171,2025-10-17 22:51:53
10:30:09,12.03,0.0,141,169561,买盘,002171,2025-10-17 22:51:53
10:30:12,12.03,0.0,72,86624,买盘,002171,2025-10-17 22:51:53
10:30:15,12.03,0.0,388,466597,卖盘,002171,2025-10-17 22:51:53
10:30:18,12.04,0.01,175,210530,买盘,002171,2025-10-17 22:51:53
10:30:21,12.04,0.0,18,21670,买盘,002171,2025-10-17 22:51:53
10:30:24,12.04,0.0,69,83037,买盘,002171,2025-10-17 22:51:53
10:30:27,12.04,0.0,268,322598,买盘,002171,2025-10-17 22:51:53
10:30:30,12.04,0.0,154,185361,中性盘,002171,2025-10-17 22:51:53
10:30:33,12.05,0.01,131,157707,买盘,002171,2025-10-17 22:51:53
10:30:36,12.05,0.0,294,353732,买盘,002171,2025-10-17 22:51:53
10:30:39,12.05,0.0,713,857884,买盘,002171,2025-10-17 22:51:53
10:30:42,12.05,0.0,100,120480,买盘,002171,2025-10-17 22:51:53
10:30:45,12.04,-0.01,391,470628,卖盘,002171,2025-10-17 22:51:53
10:30:48,12.04,0.0,150,180590,买盘,002171,2025-10-17 22:51:53
10:30:51,12.04,0.0,206,248018,买盘,002171,2025-10-17 22:51:53
10:30:54,12.04,0.0,122,146891,卖盘,002171,2025-10-17 22:51:53
10:30:57,12.05,0.01,59,71088,买盘,002171,2025-10-17 22:51:53
10:31:00,12.04,-0.01,225,271063,卖盘,002171,2025-10-17 22:51:53
10:31:03,12.05,0.01,533,641935,买盘,002171,2025-10-17 22:51:53
10:31:06,12.04,-0.01,173,208300,卖盘,002171,2025-10-17 22:51:53
10:31:09,12.04,0.0,460,553843,卖盘,002171,2025-10-17 22:51:53
10:31:12,12.04,0.0,437,526320,卖盘,002171,2025-10-17 22:51:53
10:31:15,12.04,0.0,155,186743,卖盘,002171,2025-10-17 22:51:53
10:31:18,12.05,0.01,247,297566,买盘,002171,2025-10-17 22:51:53
10:31:21,12.05,0.0,236,284227,买盘,002171,2025-10-17 22:51:53
10:31:24,12.06,0.01,71,85558,买盘,002171,2025-10-17 22:51:53
10:31:27,12.06,0.0,430,518488,买盘,002171,2025-10-17 22:51:53
10:31:30,12.06,0.0,218,262791,买盘,002171,2025-10-17 22:51:53
10:31:33,12.07,0.01,355,428124,买盘,002171,2025-10-17 22:51:53
10:31:36,12.06,-0.01,55,66359,中性盘,002171,2025-10-17 22:51:53
10:31:39,12.07,0.01,293,353598,买盘,002171,2025-10-17 22:51:53
10:31:42,12.07,0.0,847,1022122,买盘,002171,2025-10-17 22:51:53
10:31:45,12.07,0.0,168,203054,买盘,002171,2025-10-17 22:51:53
10:31:48,12.08,0.01,66,79663,买盘,002171,2025-10-17 22:51:53
10:31:51,12.08,0.0,324,391389,买盘,002171,2025-10-17 22:51:53
10:31:54,12.09,0.01,521,629474,买盘,002171,2025-10-17 22:51:53
10:31:57,12.09,0.0,186,224818,买盘,002171,2025-10-17 22:51:53
10:32:00,12.09,0.0,461,557344,买盘,002171,2025-10-17 22:51:53
10:32:03,12.09,0.0,525,634638,买盘,002171,2025-10-17 22:51:53
10:32:06,12.09,0.0,275,332637,买盘,002171,2025-10-17 22:51:53
10:32:09,12.11,0.02,1946,2352559,买盘,002171,2025-10-17 22:51:53
10:32:12,12.1,-0.01,658,796098,卖盘,002171,2025-10-17 22:51:53
10:32:15,12.11,0.01,466,563826,买盘,002171,2025-10-17 22:51:53
10:32:18,12.1,-0.01,476,575919,卖盘,002171,2025-10-17 22:51:53
10:32:21,12.1,0.0,980,1185469,买盘,002171,2025-10-17 22:51:53
10:32:24,12.1,0.0,2909,3515041,买盘,002171,2025-10-17 22:51:53
10:32:27,12.08,-0.02,447,540586,卖盘,002171,2025-10-17 22:51:53
10:32:30,12.08,0.0,871,1053385,买盘,002171,2025-10-17 22:51:53
10:32:33,12.08,0.0,266,321398,卖盘,002171,2025-10-17 22:51:53
10:32:36,12.1,0.02,855,1033927,买盘,002171,2025-10-17 22:51:53
10:32:39,12.09,-0.01,333,402740,卖盘,002171,2025-10-17 22:51:53
10:32:42,12.1,0.01,561,678643,买盘,002171,2025-10-17 22:51:53
10:32:45,12.1,0.0,693,837942,买盘,002171,2025-10-17 22:51:53
10:32:48,12.1,0.0,655,792215,卖盘,002171,2025-10-17 22:51:53
10:32:51,12.11,0.01,814,985592,买盘,002171,2025-10-17 22:51:53
10:32:54,12.11,0.0,504,610036,买盘,002171,2025-10-17 22:51:53
10:32:57,12.1,-0.01,741,897115,卖盘,002171,2025-10-17 22:51:53
10:33:00,12.1,0.0,371,448847,买盘,002171,2025-10-17 22:51:53
10:33:03,12.1,0.0,814,984822,买盘,002171,2025-10-17 22:51:53
10:33:06,12.1,0.0,435,526368,中性盘,002171,2025-10-17 22:51:53
10:33:09,12.1,0.0,564,682411,买盘,002171,2025-10-17 22:51:53
10:33:12,12.1,0.0,281,340001,卖盘,002171,2025-10-17 22:51:53
10:33:15,12.11,0.01,748,905514,买盘,002171,2025-10-17 22:51:53
10:33:18,12.1,-0.01,264,319562,卖盘,002171,2025-10-17 22:51:53
10:33:21,12.1,0.0,367,443978,卖盘,002171,2025-10-17 22:51:53
10:33:24,12.11,0.01,424,513022,买盘,002171,2025-10-17 22:51:53
10:33:27,12.11,0.0,241,291783,买盘,002171,2025-10-17 22:51:53
10:33:30,12.11,0.0,150,181645,买盘,002171,2025-10-17 22:51:53
10:33:33,12.1,-0.01,458,554545,卖盘,002171,2025-10-17 22:51:53
10:33:36,12.11,0.01,360,435887,买盘,002171,2025-10-17 22:51:53
10:33:39,12.12,0.01,170,205881,买盘,002171,2025-10-17 22:51:53
10:33:42,12.11,-0.01,75,90871,卖盘,002171,2025-10-17 22:51:53
10:33:45,12.12,0.01,549,665197,买盘,002171,2025-10-17 22:51:53
10:33:48,12.12,0.0,369,447218,买盘,002171,2025-10-17 22:51:53
10:33:51,12.12,0.0,757,917040,买盘,002171,2025-10-17 22:51:53
10:33:54,12.12,0.0,745,902807,买盘,002171,2025-10-17 22:51:53
10:33:57,12.12,0.0,718,870176,买盘,002171,2025-10-17 22:51:53
10:34:00,12.13,0.01,340,412073,买盘,002171,2025-10-17 22:51:53
10:34:03,12.13,0.0,409,495895,买盘,002171,2025-10-17 22:51:53
10:34:06,12.14,0.01,185,224408,买盘,002171,2025-10-17 22:51:53
10:34:09,12.14,0.0,95,115315,买盘,002171,2025-10-17 22:51:53
10:34:12,12.15,0.01,858,1041101,买盘,002171,2025-10-17 22:51:53
10:34:15,12.14,-0.01,1128,1369565,中性盘,002171,2025-10-17 22:51:53
10:34:18,12.14,0.0,595,722188,买盘,002171,2025-10-17 22:51:53
10:34:21,12.14,0.0,966,1172528,买盘,002171,2025-10-17 22:51:53
10:34:24,12.14,0.0,210,255005,买盘,002171,2025-10-17 22:51:53
10:34:27,12.15,0.01,232,281774,买盘,002171,2025-10-17 22:51:53
10:34:30,12.15,0.0,1004,1219797,买盘,002171,2025-10-17 22:51:53
10:34:33,12.15,0.0,746,906325,买盘,002171,2025-10-17 22:51:53
10:34:36,12.16,0.01,556,675534,买盘,002171,2025-10-17 22:51:53
10:34:39,12.16,0.0,327,397344,买盘,002171,2025-10-17 22:51:53
10:34:42,12.15,-0.01,2140,2600294,卖盘,002171,2025-10-17 22:51:53
10:34:45,12.13,-0.02,2805,3406402,卖盘,002171,2025-10-17 22:51:53
10:34:48,12.13,0.0,522,633375,卖盘,002171,2025-10-17 22:51:53
10:34:51,12.13,0.0,858,1040997,卖盘,002171,2025-10-17 22:51:53
10:34:54,12.14,0.01,559,678219,买盘,002171,2025-10-17 22:51:53
10:34:57,12.13,-0.01,636,771296,卖盘,002171,2025-10-17 22:51:53
10:35:00,12.13,0.0,836,1013751,卖盘,002171,2025-10-17 22:51:53
10:35:03,12.13,0.0,592,718151,买盘,002171,2025-10-17 22:51:53
10:35:06,12.13,0.0,335,406388,卖盘,002171,2025-10-17 22:51:53
10:35:09,12.14,0.01,656,795355,买盘,002171,2025-10-17 22:51:53
10:35:12,12.14,0.0,82,99483,买盘,002171,2025-10-17 22:51:53
10:35:15,12.14,0.0,394,478144,买盘,002171,2025-10-17 22:51:53
10:35:18,12.13,-0.01,135,163852,卖盘,002171,2025-10-17 22:51:53
10:35:21,12.14,0.01,516,626360,买盘,002171,2025-10-17 22:51:53
10:35:24,12.13,-0.01,339,411461,卖盘,002171,2025-10-17 22:51:53
10:35:27,12.14,0.01,580,704162,买盘,002171,2025-10-17 22:51:53
10:35:30,12.14,0.0,619,751367,卖盘,002171,2025-10-17 22:51:53
10:35:33,12.13,-0.01,380,461217,卖盘,002171,2025-10-17 22:51:53
10:35:36,12.14,0.01,683,829024,买盘,002171,2025-10-17 22:51:53
10:35:39,12.14,0.0,723,877411,买盘,002171,2025-10-17 22:51:53
10:35:42,12.15,0.01,420,509677,买盘,002171,2025-10-17 22:51:53
10:35:45,12.15,0.0,369,448206,买盘,002171,2025-10-17 22:51:53
10:35:48,12.15,0.0,485,589133,买盘,002171,2025-10-17 22:51:53
10:35:51,12.14,-0.01,2666,3239155,卖盘,002171,2025-10-17 22:51:53
10:35:54,12.15,0.01,205,249087,卖盘,002171,2025-10-17 22:51:53
10:35:57,12.15,0.0,800,972086,卖盘,002171,2025-10-17 22:51:53
10:36:00,12.15,0.0,178,216418,卖盘,002171,2025-10-17 22:51:53
10:36:03,12.16,0.01,240,291782,买盘,002171,2025-10-17 22:51:53
10:36:06,12.15,-0.01,720,875512,卖盘,002171,2025-10-17 22:51:53
10:36:09,12.15,0.0,1812,2201869,卖盘,002171,2025-10-17 22:51:53
10:36:12,12.15,0.0,2287,2777274,买盘,002171,2025-10-17 22:51:53
10:36:15,12.15,0.0,511,620737,买盘,002171,2025-10-17 22:51:53
10:36:18,12.15,0.0,598,726229,卖盘,002171,2025-10-17 22:51:53
10:36:21,12.16,0.01,1014,1232272,买盘,002171,2025-10-17 22:51:53
10:36:24,12.13,-0.03,174,211357,卖盘,002171,2025-10-17 22:51:53
10:36:27,12.15,0.02,399,484464,买盘,002171,2025-10-17 22:51:53
10:36:30,12.14,-0.01,434,527114,中性盘,002171,2025-10-17 22:51:53
10:36:33,12.14,0.0,122,148171,卖盘,002171,2025-10-17 22:51:53
10:36:36,12.14,0.0,1742,2111356,买盘,002171,2025-10-17 22:51:53
10:36:39,12.13,-0.01,1137,1381349,卖盘,002171,2025-10-17 22:51:53
10:36:42,12.13,0.0,398,482470,买盘,002171,2025-10-17 22:51:53
10:36:45,12.11,-0.02,463,561116,卖盘,002171,2025-10-17 22:51:53
10:36:48,12.11,0.0,747,905383,卖盘,002171,2025-10-17 22:51:53
10:36:51,12.13,0.02,359,435003,买盘,002171,2025-10-17 22:51:53
10:36:54,12.1,-0.03,2569,3108485,卖盘,002171,2025-10-17 22:51:53
10:36:57,12.1,0.0,835,1010947,卖盘,002171,2025-10-17 22:51:53
10:37:00,12.1,0.0,241,291431,买盘,002171,2025-10-17 22:51:53
10:37:03,12.09,-0.01,871,1053161,卖盘,002171,2025-10-17 22:51:53
10:37:06,12.08,-0.01,110,132907,卖盘,002171,2025-10-17 22:51:53
10:37:09,12.08,0.0,339,409552,卖盘,002171,2025-10-17 22:51:53
10:37:12,12.08,0.0,213,257249,卖盘,002171,2025-10-17 22:51:53
10:37:15,12.09,0.01,339,409238,买盘,002171,2025-10-17 22:51:53
10:37:18,12.09,0.0,407,491238,买盘,002171,2025-10-17 22:51:53
10:37:21,12.06,-0.03,527,635652,卖盘,002171,2025-10-17 22:51:53
10:37:24,12.05,-0.01,217,261714,卖盘,002171,2025-10-17 22:51:53
10:37:27,12.09,0.04,83,100232,买盘,002171,2025-10-17 22:51:53
10:37:30,12.06,-0.03,178,214746,卖盘,002171,2025-10-17 22:51:53
10:37:33,12.08,0.02,216,261000,中性盘,002171,2025-10-17 22:51:53
10:37:36,12.08,0.0,259,312858,卖盘,002171,2025-10-17 22:51:53
10:37:39,12.08,0.0,200,241496,买盘,002171,2025-10-17 22:51:53
10:37:42,12.06,-0.02,120,144922,卖盘,002171,2025-10-17 22:51:53
10:37:45,12.08,0.02,553,667477,买盘,002171,2025-10-17 22:51:53
10:37:48,12.07,-0.01,193,233030,卖盘,002171,2025-10-17 22:51:53
10:37:51,12.07,0.0,164,198082,卖盘,002171,2025-10-17 22:51:53
10:37:54,12.07,0.0,430,519009,卖盘,002171,2025-10-17 22:51:53
10:37:57,12.06,-0.01,119,143570,卖盘,002171,2025-10-17 22:51:53
10:38:00,12.07,0.01,49,59134,买盘,002171,2025-10-17 22:51:53
10:38:03,12.06,-0.01,232,279828,卖盘,002171,2025-10-17 22:51:53
10:38:06,12.06,0.0,527,635568,卖盘,002171,2025-10-17 22:51:53
10:38:09,12.07,0.01,344,415133,买盘,002171,2025-10-17 22:51:53
10:38:12,12.07,0.0,127,153328,卖盘,002171,2025-10-17 22:51:53
10:38:15,12.08,0.01,195,235432,买盘,002171,2025-10-17 22:51:53
10:38:18,12.09,0.01,105,126841,买盘,002171,2025-10-17 22:51:53
10:38:21,12.09,0.0,6,7250,买盘,002171,2025-10-17 22:51:53
10:38:24,12.1,0.01,213,257535,买盘,002171,2025-10-17 22:51:53
10:38:27,12.1,0.0,100,120943,买盘,002171,2025-10-17 22:51:53
10:38:30,12.11,0.01,201,243110,买盘,002171,2025-10-17 22:51:53
10:38:33,12.11,0.0,180,217866,买盘,002171,2025-10-17 22:51:53
10:38:36,12.11,0.0,432,523055,买盘,002171,2025-10-17 22:51:53
10:38:39,12.13,0.02,282,341996,买盘,002171,2025-10-17 22:51:53
10:38:42,12.12,-0.01,96,116424,卖盘,002171,2025-10-17 22:51:53
10:38:45,12.13,0.01,115,139508,中性盘,002171,2025-10-17 22:51:53
10:38:48,12.13,0.0,900,1092418,买盘,002171,2025-10-17 22:51:53
10:38:51,12.14,0.01,229,277757,买盘,002171,2025-10-17 22:51:53
10:38:54,12.13,-0.01,395,479390,卖盘,002171,2025-10-17 22:51:53
10:38:57,12.15,0.02,245,297433,买盘,002171,2025-10-17 22:51:53
10:39:00,12.14,-0.01,272,330410,卖盘,002171,2025-10-17 22:51:53
10:39:03,12.15,0.01,602,731227,买盘,002171,2025-10-17 22:51:53
10:39:06,12.15,0.0,68,82622,买盘,002171,2025-10-17 22:51:53
10:39:09,12.16,0.01,306,371819,买盘,002171,2025-10-17 22:51:53
10:39:12,12.16,0.0,222,269918,买盘,002171,2025-10-17 22:51:53
10:39:15,12.16,0.0,643,781430,买盘,002171,2025-10-17 22:51:53
10:39:18,12.15,-0.01,1570,1908029,卖盘,002171,2025-10-17 22:51:53
10:39:21,12.15,0.0,610,741204,买盘,002171,2025-10-17 22:51:53
10:39:24,12.14,-0.01,734,891347,卖盘,002171,2025-10-17 22:51:53
10:39:27,12.15,0.01,519,630474,买盘,002171,2025-10-17 22:51:53
10:39:30,12.15,0.0,430,522459,卖盘,002171,2025-10-17 22:51:53
10:39:33,12.15,0.0,343,416585,买盘,002171,2025-10-17 22:51:53
10:39:36,12.14,-0.01,557,676488,卖盘,002171,2025-10-17 22:51:53
10:39:39,12.13,-0.01,440,534023,卖盘,002171,2025-10-17 22:51:53
10:39:42,12.11,-0.02,483,585583,卖盘,002171,2025-10-17 22:51:53
10:39:45,12.12,0.01,72,87220,中性盘,002171,2025-10-17 22:51:53
10:39:48,12.11,-0.01,127,154008,卖盘,002171,2025-10-17 22:51:53
10:39:51,12.12,0.01,46,55740,买盘,002171,2025-10-17 22:51:53
10:39:54,12.12,0.0,135,163530,买盘,002171,2025-10-17 22:51:53
10:39:57,12.12,0.0,219,265572,卖盘,002171,2025-10-17 22:51:53
10:40:00,12.12,0.0,85,103018,卖盘,002171,2025-10-17 22:51:53
10:40:03,12.13,0.01,251,304282,买盘,002171,2025-10-17 22:51:53
10:40:06,12.13,0.0,74,89706,买盘,002171,2025-10-17 22:51:53
10:40:09,12.13,0.0,715,867147,买盘,002171,2025-10-17 22:51:53
10:40:12,12.12,-0.01,303,367467,卖盘,002171,2025-10-17 22:51:53
10:40:15,12.13,0.01,298,361258,买盘,002171,2025-10-17 22:51:53
10:40:18,12.14,0.01,51,61885,买盘,002171,2025-10-17 22:51:53
10:40:21,12.13,-0.01,98,118909,卖盘,002171,2025-10-17 22:51:53
10:40:24,12.14,0.01,127,154165,买盘,002171,2025-10-17 22:51:53
10:40:27,12.14,0.0,177,214845,买盘,002171,2025-10-17 22:51:53
10:40:30,12.14,0.0,192,233032,买盘,002171,2025-10-17 22:51:53
10:40:33,12.14,0.0,153,185731,买盘,002171,2025-10-17 22:51:53
10:40:36,12.14,0.0,632,767226,买盘,002171,2025-10-17 22:51:53
10:40:39,12.14,0.0,525,636990,买盘,002171,2025-10-17 22:51:53
10:40:42,12.14,0.0,65,78909,买盘,002171,2025-10-17 22:51:53
10:40:45,12.13,-0.01,418,507423,卖盘,002171,2025-10-17 22:51:53
10:40:48,12.14,0.01,134,162621,中性盘,002171,2025-10-17 22:51:53
10:40:51,12.14,0.0,48,58299,卖盘,002171,2025-10-17 22:51:53
10:40:54,12.15,0.01,134,162772,买盘,002171,2025-10-17 22:51:53
10:40:57,12.14,-0.01,150,182173,卖盘,002171,2025-10-17 22:51:53
10:41:00,12.15,0.01,85,103255,买盘,002171,2025-10-17 22:51:53
10:41:03,12.15,0.0,225,273268,买盘,002171,2025-10-17 22:51:53
10:41:06,12.15,0.0,383,465271,买盘,002171,2025-10-17 22:51:53
10:41:09,12.14,-0.01,204,247778,卖盘,002171,2025-10-17 22:51:53
10:41:12,12.15,0.01,201,244188,买盘,002171,2025-10-17 22:51:53
10:41:15,12.16,0.01,307,372960,买盘,002171,2025-10-17 22:51:53
10:41:18,12.15,-0.01,207,251397,卖盘,002171,2025-10-17 22:51:53
10:41:21,12.16,0.01,115,139815,买盘,002171,2025-10-17 22:51:53
10:41:24,12.15,-0.01,481,584662,卖盘,002171,2025-10-17 22:51:53
10:41:27,12.15,0.0,184,223742,卖盘,002171,2025-10-17 22:51:53
10:41:30,12.16,0.01,334,405951,买盘,002171,2025-10-17 22:51:53
10:41:33,12.16,0.0,1232,1497087,买盘,002171,2025-10-17 22:51:53
10:41:36,12.14,-0.02,396,481247,卖盘,002171,2025-10-17 22:51:53
10:41:39,12.15,0.01,230,279498,卖盘,002171,2025-10-17 22:51:53
10:41:42,12.15,0.0,64,77754,买盘,002171,2025-10-17 22:51:53
10:41:45,12.15,0.0,1073,1302808,买盘,002171,2025-10-17 22:51:53
10:41:48,12.14,-0.01,872,1059428,中性盘,002171,2025-10-17 22:51:53
10:41:51,12.14,0.0,353,428516,买盘,002171,2025-10-17 22:51:53
10:41:54,12.13,-0.01,258,313247,卖盘,002171,2025-10-17 22:51:53
10:41:57,12.14,0.01,224,272024,中性盘,002171,2025-10-17 22:51:53
10:42:00,12.14,0.0,226,274367,中性盘,002171,2025-10-17 22:51:53
10:42:03,12.15,0.01,506,614438,买盘,002171,2025-10-17 22:51:53
10:42:06,12.15,0.0,243,295033,买盘,002171,2025-10-17 22:51:53
10:42:09,12.15,0.0,117,142133,买盘,002171,2025-10-17 22:51:53
10:42:12,12.14,-0.01,235,285438,卖盘,002171,2025-10-17 22:51:53
10:42:15,12.14,0.0,233,282982,卖盘,002171,2025-10-17 22:51:53
10:42:18,12.14,0.0,409,496875,卖盘,002171,2025-10-17 22:51:53
10:42:21,12.15,0.01,261,316829,买盘,002171,2025-10-17 22:51:53
10:42:24,12.14,-0.01,55,66789,卖盘,002171,2025-10-17 22:51:53
10:42:27,12.15,0.01,304,369141,买盘,002171,2025-10-17 22:51:53
10:42:30,12.14,-0.01,172,208808,卖盘,002171,2025-10-17 22:51:53
10:42:33,12.13,-0.01,515,624848,卖盘,002171,2025-10-17 22:51:53
10:42:36,12.14,0.01,260,315705,买盘,002171,2025-10-17 22:51:53
10:42:39,12.14,0.0,225,273094,卖盘,002171,2025-10-17 22:51:53
10:42:42,12.14,0.0,128,155442,卖盘,002171,2025-10-17 22:51:53
10:42:45,12.14,0.0,154,186980,卖盘,002171,2025-10-17 22:51:53
10:42:48,12.14,0.0,622,755559,卖盘,002171,2025-10-17 22:51:53
10:42:51,12.14,0.0,18,21852,买盘,002171,2025-10-17 22:51:53
10:42:54,12.14,0.0,76,92240,买盘,002171,2025-10-17 22:51:53
10:42:57,12.12,-0.02,1886,2286292,卖盘,002171,2025-10-17 22:51:53
10:43:00,12.11,-0.01,1150,1392734,卖盘,002171,2025-10-17 22:51:53
10:43:03,12.11,0.0,373,451452,买盘,002171,2025-10-17 22:51:53
10:43:06,12.1,-0.01,584,706660,卖盘,002171,2025-10-17 22:51:53
10:43:09,12.09,-0.01,50,60483,卖盘,002171,2025-10-17 22:51:53
10:43:12,12.1,0.01,121,146331,买盘,002171,2025-10-17 22:51:53
10:43:15,12.09,-0.01,324,391682,卖盘,002171,2025-10-17 22:51:53
10:43:18,12.08,-0.01,25,30204,卖盘,002171,2025-10-17 22:51:53
10:43:21,12.09,0.01,27,32640,买盘,002171,2025-10-17 22:51:53
10:43:24,12.09,0.0,301,363663,买盘,002171,2025-10-17 22:51:53
10:43:27,12.09,0.0,207,250231,买盘,002171,2025-10-17 22:51:53
10:43:30,12.09,0.0,1273,1538182,买盘,002171,2025-10-17 22:51:53
10:43:33,12.1,0.01,683,825490,买盘,002171,2025-10-17 22:51:53
10:43:36,12.09,-0.01,125,151156,卖盘,002171,2025-10-17 22:51:53
10:43:39,12.09,0.0,132,159617,卖盘,002171,2025-10-17 22:51:53
10:43:42,12.09,0.0,610,737839,卖盘,002171,2025-10-17 22:51:53
10:43:45,12.09,0.0,146,176580,卖盘,002171,2025-10-17 22:51:53
10:43:48,12.1,0.01,379,458284,中性盘,002171,2025-10-17 22:51:53
10:43:51,12.08,-0.02,259,313073,卖盘,002171,2025-10-17 22:51:53
10:43:54,12.08,0.0,97,117194,卖盘,002171,2025-10-17 22:51:53
10:43:57,12.08,0.0,352,425297,卖盘,002171,2025-10-17 22:51:53
10:44:00,12.08,0.0,183,221117,买盘,002171,2025-10-17 22:51:53
10:44:03,12.08,0.0,256,309171,买盘,002171,2025-10-17 22:51:53
10:44:06,12.07,-0.01,176,212488,卖盘,002171,2025-10-17 22:51:53
10:44:09,12.09,0.02,233,281402,买盘,002171,2025-10-17 22:51:53
10:44:12,12.07,-0.02,104,125528,卖盘,002171,2025-10-17 22:51:53
10:44:15,12.07,0.0,148,178644,买盘,002171,2025-10-17 22:51:53
10:44:18,12.06,-0.01,529,638207,卖盘,002171,2025-10-17 22:51:53
10:44:21,12.09,0.03,400,483035,买盘,002171,2025-10-17 22:51:53
10:44:24,12.07,-0.02,55,66391,卖盘,002171,2025-10-17 22:51:53
10:44:27,12.07,0.0,541,652520,卖盘,002171,2025-10-17 22:51:53
10:44:30,12.07,0.0,21,25353,卖盘,002171,2025-10-17 22:51:53
10:44:33,12.07,0.0,286,345397,卖盘,002171,2025-10-17 22:51:53
10:44:36,12.07,0.0,71,85667,买盘,002171,2025-10-17 22:51:53
10:44:39,12.07,0.0,309,372774,买盘,002171,2025-10-17 22:51:53
10:44:42,12.07,0.0,260,313637,买盘,002171,2025-10-17 22:51:53
10:44:45,12.06,-0.01,237,285894,卖盘,002171,2025-10-17 22:51:53
10:44:48,12.07,0.01,300,361940,买盘,002171,2025-10-17 22:51:53
10:44:51,12.07,0.0,52,62760,中性盘,002171,2025-10-17 22:51:53
10:44:54,12.07,0.0,79,95355,卖盘,002171,2025-10-17 22:51:53
10:44:57,12.07,0.0,195,235417,卖盘,002171,2025-10-17 22:51:53
10:45:00,12.07,0.0,496,598672,卖盘,002171,2025-10-17 22:51:53
10:45:03,12.06,-0.01,129,155615,卖盘,002171,2025-10-17 22:51:53
10:45:06,12.07,0.01,200,241236,买盘,002171,2025-10-17 22:51:53
10:45:09,12.06,-0.01,431,520042,卖盘,002171,2025-10-17 22:51:53
10:45:12,12.07,0.01,319,384860,买盘,002171,2025-10-17 22:51:53
10:45:15,12.05,-0.02,628,757356,卖盘,002171,2025-10-17 22:51:53
10:45:18,12.06,0.01,89,107328,买盘,002171,2025-10-17 22:51:53
10:45:21,12.06,0.0,62,74764,买盘,002171,2025-10-17 22:51:53
10:45:24,12.06,0.0,140,168723,买盘,002171,2025-10-17 22:51:53
10:45:27,12.05,-0.01,2061,2483512,卖盘,002171,2025-10-17 22:51:53
10:45:30,12.05,0.0,305,367571,卖盘,002171,2025-10-17 22:51:53
10:45:33,12.05,0.0,230,277114,卖盘,002171,2025-10-17 22:51:53
10:45:36,12.04,-0.01,344,414260,卖盘,002171,2025-10-17 22:51:53
10:45:39,12.05,0.01,618,743844,买盘,002171,2025-10-17 22:51:53
10:45:42,12.04,-0.01,38,45753,买盘,002171,2025-10-17 22:51:53
10:45:45,12.04,0.0,75,90254,买盘,002171,2025-10-17 22:51:53
10:45:48,12.04,0.0,446,536654,买盘,002171,2025-10-17 22:51:53
10:45:51,12.04,0.0,168,201987,买盘,002171,2025-10-17 22:51:53
10:45:54,12.02,-0.02,287,345084,卖盘,002171,2025-10-17 22:51:53
10:45:57,12.02,0.0,261,313729,卖盘,002171,2025-10-17 22:51:53
10:46:00,12.0,-0.02,1220,1465060,卖盘,002171,2025-10-17 22:51:53
10:46:03,12.0,0.0,235,282094,卖盘,002171,2025-10-17 22:51:53
10:46:06,12.0,0.0,292,350402,卖盘,002171,2025-10-17 22:51:53
10:46:09,12.01,0.01,146,175349,中性盘,002171,2025-10-17 22:51:53
10:46:12,12.0,-0.01,1272,1526821,卖盘,002171,2025-10-17 22:51:53
10:46:15,12.0,0.0,265,318125,卖盘,002171,2025-10-17 22:51:53
10:46:18,12.0,0.0,508,609672,卖盘,002171,2025-10-17 22:51:53
10:46:21,12.01,0.01,564,677091,买盘,002171,2025-10-17 22:51:53
10:46:24,12.01,0.0,146,175257,中性盘,002171,2025-10-17 22:51:53
10:46:27,12.02,0.01,568,681854,买盘,002171,2025-10-17 22:51:53
10:46:30,12.01,-0.01,90,108077,卖盘,002171,2025-10-17 22:51:53
10:46:33,12.01,0.0,128,153662,卖盘,002171,2025-10-17 22:51:53
10:46:36,12.01,0.0,135,162120,买盘,002171,2025-10-17 22:51:53
10:46:39,12.0,-0.01,1366,1639100,卖盘,002171,2025-10-17 22:51:53
10:46:42,12.01,0.01,478,574028,买盘,002171,2025-10-17 22:51:53
10:46:45,12.01,0.0,64,76864,卖盘,002171,2025-10-17 22:51:53
10:46:48,12.01,0.0,655,786927,卖盘,002171,2025-10-17 22:51:53
10:46:51,12.02,0.01,206,247444,买盘,002171,2025-10-17 22:51:53
10:46:54,12.01,-0.01,158,189857,卖盘,002171,2025-10-17 22:51:53
10:46:57,12.01,0.0,1105,1326406,卖盘,002171,2025-10-17 22:51:53
10:47:00,12.0,-0.01,231,277223,卖盘,002171,2025-10-17 22:51:53
10:47:03,12.01,0.01,394,472925,买盘,002171,2025-10-17 22:51:53
10:47:06,12.01,0.0,140,167979,卖盘,002171,2025-10-17 22:51:53
10:47:09,12.01,0.0,75,89995,买盘,002171,2025-10-17 22:51:53
10:47:12,12.0,-0.01,241,289247,卖盘,002171,2025-10-17 22:51:53
10:47:15,12.0,0.0,230,276086,卖盘,002171,2025-10-17 22:51:53
10:47:18,12.0,0.0,775,930887,卖盘,002171,2025-10-17 22:51:53
10:47:21,12.0,0.0,339,406748,买盘,002171,2025-10-17 22:51:53
10:47:24,12.0,0.0,200,240235,卖盘,002171,2025-10-17 22:51:53
10:47:27,12.0,0.0,257,308387,卖盘,002171,2025-10-17 22:51:53
10:47:30,12.0,0.0,397,476438,卖盘,002171,2025-10-17 22:51:53
10:47:33,11.98,-0.02,2143,2568267,卖盘,002171,2025-10-17 22:51:53
10:47:36,11.97,-0.01,241,288707,卖盘,002171,2025-10-17 22:51:53
10:47:39,11.97,0.0,201,240668,卖盘,002171,2025-10-17 22:51:53
10:47:42,11.97,0.0,209,250209,卖盘,002171,2025-10-17 22:51:53
10:47:45,11.98,0.01,221,264554,买盘,002171,2025-10-17 22:51:53
10:47:48,11.97,-0.01,185,221453,卖盘,002171,2025-10-17 22:51:53
10:47:51,11.97,0.0,301,360384,卖盘,002171,2025-10-17 22:51:53
10:47:54,11.97,0.0,268,320816,卖盘,002171,2025-10-17 22:51:53
10:47:57,11.97,0.0,473,566233,卖盘,002171,2025-10-17 22:51:53
10:48:00,11.97,0.0,207,247760,买盘,002171,2025-10-17 22:51:53
10:48:03,11.97,0.0,242,289606,买盘,002171,2025-10-17 22:51:53
10:48:06,11.97,0.0,139,166413,卖盘,002171,2025-10-17 22:51:53
10:48:09,11.97,0.0,241,288428,卖盘,002171,2025-10-17 22:51:53
10:48:12,11.98,0.01,592,708681,买盘,002171,2025-10-17 22:51:53
10:48:15,11.97,-0.01,532,636982,卖盘,002171,2025-10-17 22:51:53
10:48:18,11.97,0.0,197,235912,买盘,002171,2025-10-17 22:51:53
10:48:21,11.97,0.0,364,435923,卖盘,002171,2025-10-17 22:51:53
10:48:24,11.97,0.0,95,113763,卖盘,002171,2025-10-17 22:51:53
10:48:27,11.97,0.0,212,253848,卖盘,002171,2025-10-17 22:51:53
10:48:30,11.98,0.01,20,23958,买盘,002171,2025-10-17 22:51:53
10:48:33,11.98,0.0,207,247966,买盘,002171,2025-10-17 22:51:53
10:48:36,11.98,0.0,354,424034,买盘,002171,2025-10-17 22:51:53
10:48:39,11.99,0.01,107,128273,买盘,002171,2025-10-17 22:51:53
10:48:42,11.99,0.0,56,67122,买盘,002171,2025-10-17 22:51:53
10:48:45,11.99,0.0,124,148674,买盘,002171,2025-10-17 22:51:53
10:48:48,11.99,0.0,110,131890,卖盘,002171,2025-10-17 22:51:53
10:48:51,12.0,0.01,134,160800,买盘,002171,2025-10-17 22:51:53
10:48:54,12.01,0.01,47,56412,买盘,002171,2025-10-17 22:51:53
10:48:57,12.01,0.0,177,212573,买盘,002171,2025-10-17 22:51:53
10:49:00,12.02,0.01,48,57674,买盘,002171,2025-10-17 22:51:53
10:49:03,12.02,0.0,371,445726,买盘,002171,2025-10-17 22:51:53
10:49:06,11.99,-0.03,1238,1485813,卖盘,002171,2025-10-17 22:51:53
10:49:09,12.0,0.01,642,770231,买盘,002171,2025-10-17 22:51:53
10:49:12,12.0,0.0,342,410256,买盘,002171,2025-10-17 22:51:53
10:49:15,12.0,0.0,50,59969,买盘,002171,2025-10-17 22:51:53
10:49:18,12.0,0.0,667,800360,买盘,002171,2025-10-17 22:51:53
10:49:21,11.99,-0.01,364,436762,卖盘,002171,2025-10-17 22:51:53
10:49:24,12.0,0.01,1381,1657196,买盘,002171,2025-10-17 22:51:53
10:49:27,12.0,0.0,505,605890,买盘,002171,2025-10-17 22:51:53
10:49:30,12.0,0.0,284,340788,买盘,002171,2025-10-17 22:51:53
10:49:33,12.0,0.0,248,297596,买盘,002171,2025-10-17 22:51:53
10:49:36,12.0,0.0,45,54000,卖盘,002171,2025-10-17 22:51:53
10:49:39,12.01,0.01,70,84006,买盘,002171,2025-10-17 22:51:53
10:49:42,12.01,0.0,36,43203,买盘,002171,2025-10-17 22:51:53
10:49:45,12.01,0.0,61,73247,买盘,002171,2025-10-17 22:51:53
10:49:48,12.01,0.0,76,91268,买盘,002171,2025-10-17 22:51:53
10:49:51,12.01,0.0,62,74462,买盘,002171,2025-10-17 22:51:53
10:49:54,12.01,0.0,86,103285,卖盘,002171,2025-10-17 22:51:53
10:49:57,12.02,0.01,72,86513,买盘,002171,2025-10-17 22:51:53
10:50:00,12.01,-0.01,99,118849,卖盘,002171,2025-10-17 22:51:53
10:50:03,12.02,0.01,79,94847,买盘,002171,2025-10-17 22:51:53
10:50:06,12.01,-0.01,40,48062,卖盘,002171,2025-10-17 22:51:53
10:50:09,12.01,0.0,233,280033,中性盘,002171,2025-10-17 22:51:53
10:50:12,12.01,0.0,286,343538,卖盘,002171,2025-10-17 22:51:53
10:50:15,12.01,0.0,139,167012,卖盘,002171,2025-10-17 22:51:53
10:50:18,12.01,0.0,128,153787,买盘,002171,2025-10-17 22:51:53
10:50:21,12.0,-0.01,45,54036,卖盘,002171,2025-10-17 22:51:53
10:50:24,12.01,0.01,40,48026,买盘,002171,2025-10-17 22:51:53
10:50:27,12.01,0.0,209,250991,买盘,002171,2025-10-17 22:51:53
10:50:30,12.02,0.01,53,63658,买盘,002171,2025-10-17 22:51:53
10:50:33,12.01,-0.01,617,741017,卖盘,002171,2025-10-17 22:51:53
10:50:36,12.02,0.01,41,49236,买盘,002171,2025-10-17 22:51:53
10:50:39,12.01,-0.01,52,62460,中性盘,002171,2025-10-17 22:51:53
10:50:42,12.01,0.0,91,109317,中性盘,002171,2025-10-17 22:51:53
10:50:45,12.0,-0.01,118,141762,卖盘,002171,2025-10-17 22:51:53
10:50:48,12.02,0.02,68,81732,买盘,002171,2025-10-17 22:51:53
10:50:51,12.01,-0.01,37,44431,卖盘,002171,2025-10-17 22:51:53
10:50:54,12.02,0.01,50,60053,买盘,002171,2025-10-17 22:51:53
10:50:57,12.02,0.0,23,27646,买盘,002171,2025-10-17 22:51:53
10:51:00,12.02,0.0,250,300255,买盘,002171,2025-10-17 22:51:53
10:51:03,12.01,-0.01,139,166949,卖盘,002171,2025-10-17 22:51:53
10:51:06,12.02,0.01,69,82873,买盘,002171,2025-10-17 22:51:53
10:51:09,12.01,-0.01,313,375781,买盘,002171,2025-10-17 22:51:53
10:51:12,12.01,0.0,60,72088,中性盘,002171,2025-10-17 22:51:53
10:51:15,12.01,0.0,153,183856,卖盘,002171,2025-10-17 22:51:53
10:51:18,12.01,0.0,204,245011,卖盘,002171,2025-10-17 22:51:53
10:51:21,12.01,0.0,18,21616,买盘,002171,2025-10-17 22:51:53
10:51:24,12.01,0.0,41,49235,买盘,002171,2025-10-17 22:51:53
10:51:27,12.0,-0.01,212,254445,卖盘,002171,2025-10-17 22:51:53
10:51:30,12.0,0.0,139,166830,卖盘,002171,2025-10-17 22:51:53
10:51:33,12.0,0.0,141,169259,卖盘,002171,2025-10-17 22:51:53
10:51:36,12.0,0.0,154,184804,卖盘,002171,2025-10-17 22:51:53
10:51:39,12.0,0.0,208,249730,卖盘,002171,2025-10-17 22:51:53
