时间,成交价,价格变动,成交量,成交额,买卖盘性质,股票代码,采集时间
09:25:00,12.96,0.0,101425,131447292,卖盘,002185,2025-10-17 22:45:31
09:30:00,12.96,0.0,45314,58726477,卖盘,002185,2025-10-17 22:45:31
09:30:03,12.96,0.0,62844,81446057,卖盘,002185,2025-10-17 22:45:31
09:30:06,12.96,0.0,13327,17271792,卖盘,002185,2025-10-17 22:45:31
09:30:09,12.96,0.0,3984,5163264,卖盘,002185,2025-10-17 22:45:31
09:30:12,12.96,0.0,4847,6281712,卖盘,002185,2025-10-17 22:45:31
09:30:15,12.96,0.0,3020,3913920,卖盘,002185,2025-10-17 22:45:31
09:30:18,12.96,0.0,2291,2969136,卖盘,002185,2025-10-17 22:45:31
09:30:21,12.96,0.0,2334,3024864,卖盘,002185,2025-10-17 22:45:31
09:30:24,12.96,0.0,1069,1385424,卖盘,002185,2025-10-17 22:45:31
09:30:27,12.96,0.0,4697,6087312,卖盘,002185,2025-10-17 22:45:31
09:30:30,12.96,0.0,2550,3304800,卖盘,002185,2025-10-17 22:45:31
09:30:33,12.96,0.0,2125,2754000,卖盘,002185,2025-10-17 22:45:31
09:30:36,12.96,0.0,1343,1740528,卖盘,002185,2025-10-17 22:45:31
09:30:39,12.96,0.0,2666,3455136,卖盘,002185,2025-10-17 22:45:31
09:30:42,12.96,0.0,1190,1542240,卖盘,002185,2025-10-17 22:45:31
09:30:45,12.96,0.0,2351,3047350,卖盘,002185,2025-10-17 22:45:31
09:30:48,12.96,0.0,791,1025136,卖盘,002185,2025-10-17 22:45:31
09:30:51,12.96,0.0,2041,2645136,卖盘,002185,2025-10-17 22:45:31
09:30:54,12.96,0.0,1168,1513728,卖盘,002185,2025-10-17 22:45:31
09:30:57,12.96,0.0,1239,1605744,卖盘,002185,2025-10-17 22:45:31
09:31:00,12.96,0.0,1174,1521504,卖盘,002185,2025-10-17 22:45:31
09:31:03,12.96,0.0,913,1183248,卖盘,002185,2025-10-17 22:45:31
09:31:06,12.96,0.0,746,966660,卖盘,002185,2025-10-17 22:45:31
09:31:09,12.96,0.0,683,885168,卖盘,002185,2025-10-17 22:45:31
09:31:12,12.96,0.0,1748,2265408,卖盘,002185,2025-10-17 22:45:31
09:31:15,12.96,0.0,1091,1413936,卖盘,002185,2025-10-17 22:45:31
09:31:18,12.96,0.0,1641,2126736,卖盘,002185,2025-10-17 22:45:31
09:31:21,12.96,0.0,963,1248489,卖盘,002185,2025-10-17 22:45:31
09:31:24,12.96,0.0,648,840300,卖盘,002185,2025-10-17 22:45:31
09:31:27,12.96,0.0,544,705024,卖盘,002185,2025-10-17 22:45:31
09:31:30,12.96,0.0,480,622339,卖盘,002185,2025-10-17 22:45:31
09:31:33,12.96,0.0,1644,2130624,卖盘,002185,2025-10-17 22:45:31
09:31:36,12.96,0.0,1684,2182464,卖盘,002185,2025-10-17 22:45:31
09:31:39,12.96,0.0,691,894992,卖盘,002185,2025-10-17 22:45:31
09:31:42,12.96,0.0,910,1179360,卖盘,002185,2025-10-17 22:45:31
09:31:45,12.96,0.0,441,571536,卖盘,002185,2025-10-17 22:45:31
09:31:48,12.96,0.0,880,1140480,卖盘,002185,2025-10-17 22:45:31
09:31:51,12.96,0.0,1746,2262816,卖盘,002185,2025-10-17 22:45:31
09:31:54,12.96,0.0,1567,2031350,卖盘,002185,2025-10-17 22:45:31
09:31:57,12.96,0.0,576,746496,卖盘,002185,2025-10-17 22:45:31
09:32:00,12.96,0.0,627,812592,卖盘,002185,2025-10-17 22:45:31
09:32:03,12.96,0.0,384,497664,卖盘,002185,2025-10-17 22:45:31
09:32:06,12.96,0.0,612,793152,卖盘,002185,2025-10-17 22:45:31
09:32:09,12.96,0.0,444,575424,卖盘,002185,2025-10-17 22:45:31
09:32:12,12.96,0.0,279,361584,卖盘,002185,2025-10-17 22:45:31
09:32:15,12.96,0.0,458,593568,卖盘,002185,2025-10-17 22:45:31
09:32:18,12.96,0.0,765,991440,卖盘,002185,2025-10-17 22:45:31
09:32:21,12.96,0.0,780,1010880,卖盘,002185,2025-10-17 22:45:31
09:32:24,12.96,0.0,475,615600,卖盘,002185,2025-10-17 22:45:31
09:32:27,12.96,0.0,877,1136592,卖盘,002185,2025-10-17 22:45:31
09:32:30,12.96,0.0,301,390096,卖盘,002185,2025-10-17 22:45:31
09:32:33,12.96,0.0,163,211248,卖盘,002185,2025-10-17 22:45:31
09:32:36,12.96,0.0,594,769824,卖盘,002185,2025-10-17 22:45:31
09:32:39,12.96,0.0,284,368064,卖盘,002185,2025-10-17 22:45:31
09:32:42,12.96,0.0,221,286416,卖盘,002185,2025-10-17 22:45:31
09:32:45,12.96,0.0,911,1180876,卖盘,002185,2025-10-17 22:45:31
09:32:48,12.96,0.0,510,660960,卖盘,002185,2025-10-17 22:45:31
09:32:51,12.96,0.0,127,164592,卖盘,002185,2025-10-17 22:45:31
09:32:54,12.96,0.0,381,493776,卖盘,002185,2025-10-17 22:45:31
09:32:57,12.96,0.0,196,254016,卖盘,002185,2025-10-17 22:45:31
09:33:00,12.96,0.0,308,399168,卖盘,002185,2025-10-17 22:45:31
09:33:03,12.96,0.0,151,195048,卖盘,002185,2025-10-17 22:45:31
09:33:06,12.96,0.0,243,314928,卖盘,002185,2025-10-17 22:45:31
09:33:09,12.96,0.0,226,292896,卖盘,002185,2025-10-17 22:45:31
09:33:12,12.96,0.0,357,463100,卖盘,002185,2025-10-17 22:45:31
09:33:15,12.96,0.0,185,239760,卖盘,002185,2025-10-17 22:45:31
09:33:18,12.96,0.0,396,513216,卖盘,002185,2025-10-17 22:45:31
09:33:21,12.96,0.0,126,163296,卖盘,002185,2025-10-17 22:45:31
09:33:24,12.96,0.0,184,238464,卖盘,002185,2025-10-17 22:45:31
09:33:27,12.96,0.0,401,519696,卖盘,002185,2025-10-17 22:45:31
09:33:30,12.96,0.0,315,408240,卖盘,002185,2025-10-17 22:45:31
09:33:33,12.96,0.0,212,274752,卖盘,002185,2025-10-17 22:45:31
09:33:36,12.96,0.0,296,383616,卖盘,002185,2025-10-17 22:45:31
09:33:39,12.96,0.0,199,257904,卖盘,002185,2025-10-17 22:45:31
09:33:42,12.96,0.0,1734,2247173,卖盘,002185,2025-10-17 22:45:31
09:33:45,12.96,0.0,259,335664,卖盘,002185,2025-10-17 22:45:31
09:33:48,12.96,0.0,317,410832,卖盘,002185,2025-10-17 22:45:31
09:33:51,12.96,0.0,857,1110672,卖盘,002185,2025-10-17 22:45:31
09:33:54,12.96,0.0,217,281232,卖盘,002185,2025-10-17 22:45:31
09:33:57,12.96,0.0,145,187920,卖盘,002185,2025-10-17 22:45:31
09:34:00,12.96,0.0,177,229392,卖盘,002185,2025-10-17 22:45:31
09:34:03,12.96,0.0,271,351216,卖盘,002185,2025-10-17 22:45:31
09:34:06,12.96,0.0,230,298080,卖盘,002185,2025-10-17 22:45:31
09:34:09,12.96,0.0,255,330480,卖盘,002185,2025-10-17 22:45:31
09:34:12,12.96,0.0,183,237168,卖盘,002185,2025-10-17 22:45:31
09:34:15,12.96,0.0,75,97200,卖盘,002185,2025-10-17 22:45:31
09:34:18,12.96,0.0,117,151632,卖盘,002185,2025-10-17 22:45:31
09:34:21,12.96,0.0,351,454896,卖盘,002185,2025-10-17 22:45:31
09:34:24,12.96,0.0,117,151632,卖盘,002185,2025-10-17 22:45:31
09:34:27,12.96,0.0,453,587088,卖盘,002185,2025-10-17 22:45:31
09:34:30,12.96,0.0,176,228096,卖盘,002185,2025-10-17 22:45:31
09:34:33,12.96,0.0,222,287712,卖盘,002185,2025-10-17 22:45:31
09:34:36,12.96,0.0,201,260496,卖盘,002185,2025-10-17 22:45:31
09:34:39,12.96,0.0,1259,1631664,卖盘,002185,2025-10-17 22:45:31
09:34:42,12.96,0.0,163,211248,卖盘,002185,2025-10-17 22:45:31
09:34:45,12.96,0.0,115,149040,卖盘,002185,2025-10-17 22:45:31
09:34:48,12.96,0.0,1241,1608336,卖盘,002185,2025-10-17 22:45:31
09:34:51,12.96,0.0,179,231984,卖盘,002185,2025-10-17 22:45:31
09:34:54,12.96,0.0,553,716688,卖盘,002185,2025-10-17 22:45:31
09:34:57,12.96,0.0,591,765936,卖盘,002185,2025-10-17 22:45:31
09:35:00,12.96,0.0,877,1136592,卖盘,002185,2025-10-17 22:45:31
09:35:03,12.96,0.0,236,305856,卖盘,002185,2025-10-17 22:45:31
09:35:06,12.96,0.0,91,117936,卖盘,002185,2025-10-17 22:45:31
09:35:09,12.96,0.0,362,469152,卖盘,002185,2025-10-17 22:45:31
09:35:12,12.96,0.0,40,51840,卖盘,002185,2025-10-17 22:45:31
09:35:15,12.96,0.0,307,397872,卖盘,002185,2025-10-17 22:45:31
09:35:18,12.96,0.0,196,254016,卖盘,002185,2025-10-17 22:45:31
09:35:21,12.96,0.0,131,169776,卖盘,002185,2025-10-17 22:45:31
09:35:24,12.96,0.0,421,545616,卖盘,002185,2025-10-17 22:45:31
09:35:27,12.96,0.0,250,324000,卖盘,002185,2025-10-17 22:45:31
09:35:30,12.96,0.0,128,165888,卖盘,002185,2025-10-17 22:45:31
09:35:33,12.96,0.0,284,368064,卖盘,002185,2025-10-17 22:45:31
09:35:36,12.96,0.0,245,317520,卖盘,002185,2025-10-17 22:45:31
09:35:39,12.96,0.0,1860,2410560,卖盘,002185,2025-10-17 22:45:31
09:35:42,12.96,0.0,251,325296,卖盘,002185,2025-10-17 22:45:31
09:35:45,12.96,0.0,230,298080,卖盘,002185,2025-10-17 22:45:31
09:35:48,12.96,0.0,230,298080,卖盘,002185,2025-10-17 22:45:31
09:35:51,12.96,0.0,200,259200,卖盘,002185,2025-10-17 22:45:31
09:35:54,12.96,0.0,283,366768,卖盘,002185,2025-10-17 22:45:31
09:35:57,12.96,0.0,163,211248,卖盘,002185,2025-10-17 22:45:31
09:36:00,12.96,0.0,383,496368,卖盘,002185,2025-10-17 22:45:31
09:36:03,12.96,0.0,208,269568,卖盘,002185,2025-10-17 22:45:31
09:36:06,12.96,0.0,109,141264,卖盘,002185,2025-10-17 22:45:31
09:36:09,12.96,0.0,162,209952,卖盘,002185,2025-10-17 22:45:31
09:36:12,12.96,0.0,189,244944,卖盘,002185,2025-10-17 22:45:31
09:36:15,12.96,0.0,210,272743,卖盘,002185,2025-10-17 22:45:31
09:36:18,12.96,0.0,183,237168,卖盘,002185,2025-10-17 22:45:31
09:36:21,12.96,0.0,84,108864,卖盘,002185,2025-10-17 22:45:31
09:36:24,12.96,0.0,164,212544,卖盘,002185,2025-10-17 22:45:31
09:36:27,12.96,0.0,103,133488,卖盘,002185,2025-10-17 22:45:31
09:36:30,12.96,0.0,182,235872,卖盘,002185,2025-10-17 22:45:31
09:36:33,12.96,0.0,34,44064,卖盘,002185,2025-10-17 22:45:31
09:36:36,12.96,0.0,195,252720,卖盘,002185,2025-10-17 22:45:31
09:36:39,12.96,0.0,272,352512,卖盘,002185,2025-10-17 22:45:31
09:36:42,12.96,0.0,219,283824,卖盘,002185,2025-10-17 22:45:31
09:36:45,12.96,0.0,143,185328,卖盘,002185,2025-10-17 22:45:31
09:36:48,12.96,0.0,440,570240,卖盘,002185,2025-10-17 22:45:31
09:36:51,12.96,0.0,375,486000,卖盘,002185,2025-10-17 22:45:31
09:36:54,12.96,0.0,179,231984,卖盘,002185,2025-10-17 22:45:31
09:36:57,12.96,0.0,138,178848,卖盘,002185,2025-10-17 22:45:31
09:37:00,12.96,0.0,159,206064,卖盘,002185,2025-10-17 22:45:31
09:37:03,12.96,0.0,284,368064,卖盘,002185,2025-10-17 22:45:31
09:37:06,12.96,0.0,382,495020,卖盘,002185,2025-10-17 22:45:31
09:37:09,12.96,0.0,92,119232,卖盘,002185,2025-10-17 22:45:31
09:37:12,12.96,0.0,175,226800,卖盘,002185,2025-10-17 22:45:31
09:37:15,12.96,0.0,51,66096,卖盘,002185,2025-10-17 22:45:31
09:37:18,12.96,0.0,171,221616,卖盘,002185,2025-10-17 22:45:31
09:37:21,12.96,0.0,301,390096,卖盘,002185,2025-10-17 22:45:31
09:37:24,12.96,0.0,33,42768,卖盘,002185,2025-10-17 22:45:31
09:37:27,12.96,0.0,250,324000,卖盘,002185,2025-10-17 22:45:31
09:37:30,12.96,0.0,139,180144,卖盘,002185,2025-10-17 22:45:31
09:37:33,12.96,0.0,266,344736,卖盘,002185,2025-10-17 22:45:31
09:37:36,12.96,0.0,196,254016,卖盘,002185,2025-10-17 22:45:31
09:37:39,12.96,0.0,274,355104,卖盘,002185,2025-10-17 22:45:31
09:37:42,12.96,0.0,144,186624,卖盘,002185,2025-10-17 22:45:31
09:37:45,12.96,0.0,207,268272,卖盘,002185,2025-10-17 22:45:31
09:37:48,12.96,0.0,469,607824,卖盘,002185,2025-10-17 22:45:31
09:37:51,12.96,0.0,218,282528,卖盘,002185,2025-10-17 22:45:31
09:37:54,12.96,0.0,198,256608,卖盘,002185,2025-10-17 22:45:31
09:37:57,12.96,0.0,257,333072,卖盘,002185,2025-10-17 22:45:31
09:38:00,12.96,0.0,867,1123632,卖盘,002185,2025-10-17 22:45:31
09:38:03,12.96,0.0,373,483408,卖盘,002185,2025-10-17 22:45:31
09:38:06,12.96,0.0,311,403056,卖盘,002185,2025-10-17 22:45:31
09:38:09,12.96,0.0,237,307152,卖盘,002185,2025-10-17 22:45:31
09:38:12,12.96,0.0,357,462672,卖盘,002185,2025-10-17 22:45:31
09:38:15,12.96,0.0,285,369360,卖盘,002185,2025-10-17 22:45:31
09:38:18,12.96,0.0,266,344736,卖盘,002185,2025-10-17 22:45:31
09:38:21,12.96,0.0,361,468297,卖盘,002185,2025-10-17 22:45:31
09:38:24,12.96,0.0,328,425088,卖盘,002185,2025-10-17 22:45:31
09:38:27,12.96,0.0,78,101088,卖盘,002185,2025-10-17 22:45:31
09:38:30,12.96,0.0,228,295488,卖盘,002185,2025-10-17 22:45:31
09:38:33,12.96,0.0,735,952560,卖盘,002185,2025-10-17 22:45:31
09:38:36,12.96,0.0,313,405648,卖盘,002185,2025-10-17 22:45:31
09:38:39,12.96,0.0,600,777600,卖盘,002185,2025-10-17 22:45:31
09:38:42,12.96,0.0,2837,3677270,卖盘,002185,2025-10-17 22:45:31
09:38:45,12.96,0.0,759,983664,卖盘,002185,2025-10-17 22:45:31
09:38:48,12.96,0.0,300,388800,卖盘,002185,2025-10-17 22:45:31
09:38:51,12.96,0.0,223,289008,卖盘,002185,2025-10-17 22:45:31
09:38:54,12.96,0.0,623,807408,卖盘,002185,2025-10-17 22:45:31
09:38:57,12.96,0.0,264,342144,卖盘,002185,2025-10-17 22:45:31
09:39:00,12.96,0.0,340,440640,卖盘,002185,2025-10-17 22:45:31
09:39:03,12.96,0.0,189,244944,卖盘,002185,2025-10-17 22:45:31
09:39:06,12.96,0.0,1156,1498176,卖盘,002185,2025-10-17 22:45:31
09:39:09,12.96,0.0,251,325296,卖盘,002185,2025-10-17 22:45:31
09:39:12,12.96,0.0,302,391392,卖盘,002185,2025-10-17 22:45:31
09:39:15,12.96,0.0,153,198288,卖盘,002185,2025-10-17 22:45:31
09:39:18,12.96,0.0,541,701136,卖盘,002185,2025-10-17 22:45:31
09:39:21,12.96,0.0,154,199584,卖盘,002185,2025-10-17 22:45:31
09:39:24,12.96,0.0,1175,1522800,卖盘,002185,2025-10-17 22:45:31
09:39:27,12.96,0.0,311,403056,卖盘,002185,2025-10-17 22:45:31
09:39:30,12.96,0.0,293,379728,卖盘,002185,2025-10-17 22:45:31
09:39:33,12.96,0.0,351,454896,卖盘,002185,2025-10-17 22:45:31
09:39:36,12.96,0.0,178,230688,卖盘,002185,2025-10-17 22:45:31
09:39:39,12.96,0.0,417,540432,卖盘,002185,2025-10-17 22:45:31
09:39:42,12.96,0.0,466,603936,卖盘,002185,2025-10-17 22:45:31
09:39:45,12.96,0.0,209,270864,卖盘,002185,2025-10-17 22:45:31
09:39:48,12.96,0.0,272,352512,卖盘,002185,2025-10-17 22:45:31
09:39:51,12.96,0.0,406,526176,卖盘,002185,2025-10-17 22:45:31
09:39:54,12.96,0.0,357,462672,卖盘,002185,2025-10-17 22:45:31
09:39:57,12.96,0.0,269,348624,卖盘,002185,2025-10-17 22:45:31
09:40:00,12.96,0.0,190,246240,卖盘,002185,2025-10-17 22:45:31
09:40:03,12.96,0.0,321,416016,卖盘,002185,2025-10-17 22:45:31
09:40:06,12.96,0.0,149,193104,卖盘,002185,2025-10-17 22:45:31
09:40:09,12.96,0.0,152,196992,卖盘,002185,2025-10-17 22:45:31
09:40:12,12.96,0.0,313,405648,卖盘,002185,2025-10-17 22:45:31
09:40:15,12.96,0.0,414,536544,卖盘,002185,2025-10-17 22:45:31
09:40:18,12.96,0.0,579,750384,卖盘,002185,2025-10-17 22:45:31
09:40:21,12.96,0.0,156,202176,卖盘,002185,2025-10-17 22:45:31
09:40:24,12.96,0.0,264,342144,卖盘,002185,2025-10-17 22:45:31
09:40:27,12.96,0.0,225,291600,卖盘,002185,2025-10-17 22:45:31
09:40:30,12.96,0.0,306,396576,卖盘,002185,2025-10-17 22:45:31
09:40:33,12.96,0.0,276,357696,卖盘,002185,2025-10-17 22:45:31
09:40:36,12.96,0.0,287,371952,卖盘,002185,2025-10-17 22:45:31
09:40:39,12.96,0.0,119,154224,卖盘,002185,2025-10-17 22:45:31
09:40:42,12.96,0.0,158,204768,卖盘,002185,2025-10-17 22:45:31
09:40:45,12.96,0.0,454,588384,卖盘,002185,2025-10-17 22:45:31
09:40:48,12.96,0.0,825,1069200,卖盘,002185,2025-10-17 22:45:31
09:40:51,12.96,0.0,541,701136,卖盘,002185,2025-10-17 22:45:31
09:40:54,12.96,0.0,455,589680,卖盘,002185,2025-10-17 22:45:31
09:40:57,12.96,0.0,253,328147,卖盘,002185,2025-10-17 22:45:31
09:41:00,12.96,0.0,235,304560,卖盘,002185,2025-10-17 22:45:31
09:41:03,12.96,0.0,223,289008,卖盘,002185,2025-10-17 22:45:31
09:41:06,12.96,0.0,266,344736,卖盘,002185,2025-10-17 22:45:31
09:41:09,12.96,0.0,93,120528,卖盘,002185,2025-10-17 22:45:31
09:41:12,12.96,0.0,1033,1338768,卖盘,002185,2025-10-17 22:45:31
09:41:15,12.96,0.0,362,469152,卖盘,002185,2025-10-17 22:45:31
09:41:18,12.96,0.0,836,1083456,卖盘,002185,2025-10-17 22:45:31
09:41:21,12.96,0.0,298,386208,卖盘,002185,2025-10-17 22:45:31
09:41:24,12.96,0.0,385,498960,卖盘,002185,2025-10-17 22:45:31
09:41:27,12.96,0.0,1067,1382832,卖盘,002185,2025-10-17 22:45:31
09:41:30,12.96,0.0,573,742608,卖盘,002185,2025-10-17 22:45:31
09:41:33,12.96,0.0,305,395280,卖盘,002185,2025-10-17 22:45:31
09:41:36,12.96,0.0,250,324000,卖盘,002185,2025-10-17 22:45:31
09:41:39,12.96,0.0,103,133488,卖盘,002185,2025-10-17 22:45:31
09:41:42,12.96,0.0,335,434160,卖盘,002185,2025-10-17 22:45:31
09:41:45,12.96,0.0,543,703728,卖盘,002185,2025-10-17 22:45:31
09:41:48,12.96,0.0,1120,1451520,卖盘,002185,2025-10-17 22:45:31
09:41:51,12.96,0.0,1014,1314144,卖盘,002185,2025-10-17 22:45:31
09:41:54,12.96,0.0,617,799632,卖盘,002185,2025-10-17 22:45:31
09:41:57,12.96,0.0,196,254016,卖盘,002185,2025-10-17 22:45:31
09:42:00,12.96,0.0,1059,1372464,卖盘,002185,2025-10-17 22:45:31
09:42:03,12.96,0.0,282,365472,卖盘,002185,2025-10-17 22:45:31
09:42:06,12.96,0.0,136,176256,卖盘,002185,2025-10-17 22:45:31
09:42:09,12.96,0.0,410,531360,卖盘,002185,2025-10-17 22:45:31
09:42:12,12.96,0.0,158,204768,卖盘,002185,2025-10-17 22:45:31
09:42:15,12.96,0.0,235,304560,卖盘,002185,2025-10-17 22:45:31
09:42:18,12.96,0.0,291,377136,卖盘,002185,2025-10-17 22:45:31
09:42:21,12.96,0.0,81,104976,卖盘,002185,2025-10-17 22:45:31
09:42:24,12.96,0.0,573,742116,卖盘,002185,2025-10-17 22:45:31
09:42:27,12.96,0.0,80,103680,卖盘,002185,2025-10-17 22:45:31
09:42:30,12.96,0.0,380,492480,卖盘,002185,2025-10-17 22:45:31
09:42:33,12.96,0.0,278,360884,卖盘,002185,2025-10-17 22:45:31
09:42:36,12.96,0.0,200,259200,卖盘,002185,2025-10-17 22:45:31
09:42:39,12.96,0.0,91,117936,卖盘,002185,2025-10-17 22:45:31
09:42:42,12.96,0.0,250,324000,卖盘,002185,2025-10-17 22:45:31
09:42:45,12.96,0.0,247,320112,卖盘,002185,2025-10-17 22:45:31
09:42:48,12.96,0.0,218,282528,卖盘,002185,2025-10-17 22:45:31
09:42:51,12.96,0.0,1028,1332288,卖盘,002185,2025-10-17 22:45:31
09:42:54,12.96,0.0,299,387504,卖盘,002185,2025-10-17 22:45:31
09:42:57,12.96,0.0,147,190512,卖盘,002185,2025-10-17 22:45:31
09:43:00,12.96,0.0,515,667440,卖盘,002185,2025-10-17 22:45:31
09:43:03,12.96,0.0,125,162000,卖盘,002185,2025-10-17 22:45:31
09:43:06,12.96,0.0,105,136080,卖盘,002185,2025-10-17 22:45:31
09:43:09,12.96,0.0,104,134784,卖盘,002185,2025-10-17 22:45:31
09:43:12,12.96,0.0,95,123055,卖盘,002185,2025-10-17 22:45:31
09:43:15,12.96,0.0,173,224208,卖盘,002185,2025-10-17 22:45:31
09:43:18,12.96,0.0,271,351216,卖盘,002185,2025-10-17 22:45:31
09:43:21,12.96,0.0,144,186624,卖盘,002185,2025-10-17 22:45:31
09:43:24,12.96,0.0,242,313632,卖盘,002185,2025-10-17 22:45:31
09:43:27,12.96,0.0,190,246240,卖盘,002185,2025-10-17 22:45:31
09:43:30,12.96,0.0,128,165888,卖盘,002185,2025-10-17 22:45:31
09:43:33,12.96,0.0,298,386208,卖盘,002185,2025-10-17 22:45:31
09:43:36,12.96,0.0,475,615600,卖盘,002185,2025-10-17 22:45:31
09:43:39,12.96,0.0,155,200880,卖盘,002185,2025-10-17 22:45:31
09:43:42,12.96,0.0,186,241056,卖盘,002185,2025-10-17 22:45:31
09:43:45,12.96,0.0,195,252720,卖盘,002185,2025-10-17 22:45:31
09:43:48,12.96,0.0,1932,2503872,卖盘,002185,2025-10-17 22:45:31
09:43:51,12.96,0.0,83,107568,卖盘,002185,2025-10-17 22:45:31
09:43:54,12.96,0.0,174,225504,卖盘,002185,2025-10-17 22:45:31
09:43:57,12.96,0.0,40,51840,卖盘,002185,2025-10-17 22:45:31
09:44:00,12.96,0.0,121,156816,卖盘,002185,2025-10-17 22:45:31
09:44:03,12.96,0.0,208,269568,卖盘,002185,2025-10-17 22:45:31
09:44:06,12.96,0.0,53,68688,卖盘,002185,2025-10-17 22:45:31
09:44:09,12.96,0.0,57,73872,卖盘,002185,2025-10-17 22:45:31
09:44:12,12.96,0.0,60,77760,卖盘,002185,2025-10-17 22:45:31
09:44:15,12.96,0.0,154,199584,卖盘,002185,2025-10-17 22:45:31
09:44:18,12.96,0.0,185,239760,卖盘,002185,2025-10-17 22:45:31
09:44:21,12.96,0.0,32,41472,卖盘,002185,2025-10-17 22:45:31
09:44:24,12.96,0.0,246,318816,卖盘,002185,2025-10-17 22:45:31
09:44:27,12.96,0.0,183,237168,卖盘,002185,2025-10-17 22:45:31
09:44:30,12.96,0.0,264,342144,卖盘,002185,2025-10-17 22:45:31
09:44:33,12.96,0.0,246,318816,卖盘,002185,2025-10-17 22:45:31
09:44:36,12.96,0.0,136,176256,卖盘,002185,2025-10-17 22:45:31
09:44:39,12.96,0.0,65,84240,卖盘,002185,2025-10-17 22:45:31
09:44:42,12.96,0.0,103,133488,卖盘,002185,2025-10-17 22:45:31
09:44:45,12.96,0.0,200,259200,卖盘,002185,2025-10-17 22:45:31
09:44:48,12.96,0.0,248,321408,卖盘,002185,2025-10-17 22:45:31
09:44:51,12.96,0.0,183,237168,卖盘,002185,2025-10-17 22:45:31
09:44:54,12.96,0.0,48,62208,卖盘,002185,2025-10-17 22:45:31
09:44:57,12.96,0.0,86,111456,卖盘,002185,2025-10-17 22:45:31
09:45:00,12.96,0.0,42,54432,卖盘,002185,2025-10-17 22:45:31
09:45:03,12.96,0.0,83,107568,卖盘,002185,2025-10-17 22:45:31
09:45:06,12.96,0.0,238,308448,卖盘,002185,2025-10-17 22:45:31
09:45:09,12.96,0.0,201,260496,卖盘,002185,2025-10-17 22:45:31
09:45:12,12.96,0.0,106,137376,卖盘,002185,2025-10-17 22:45:31
09:45:15,12.96,0.0,844,1093824,卖盘,002185,2025-10-17 22:45:31
09:45:18,12.96,0.0,6316,8185536,卖盘,002185,2025-10-17 22:45:31
09:45:21,12.96,0.0,503,651888,卖盘,002185,2025-10-17 22:45:31
09:45:24,12.96,0.0,176,228096,卖盘,002185,2025-10-17 22:45:31
09:45:27,12.96,0.0,76,98496,卖盘,002185,2025-10-17 22:45:31
09:45:30,12.96,0.0,142,184032,卖盘,002185,2025-10-17 22:45:31
09:45:33,12.96,0.0,166,215136,卖盘,002185,2025-10-17 22:45:31
09:45:36,12.96,0.0,222,287712,卖盘,002185,2025-10-17 22:45:31
09:45:39,12.96,0.0,223,289008,卖盘,002185,2025-10-17 22:45:31
09:45:42,12.96,0.0,98,127008,卖盘,002185,2025-10-17 22:45:31
09:45:45,12.96,0.0,124,160704,卖盘,002185,2025-10-17 22:45:31
09:45:48,12.96,0.0,197,255312,卖盘,002185,2025-10-17 22:45:31
09:45:51,12.96,0.0,82,106272,卖盘,002185,2025-10-17 22:45:31
09:45:54,12.96,0.0,70,90720,卖盘,002185,2025-10-17 22:45:31
09:45:57,12.96,0.0,108,139968,卖盘,002185,2025-10-17 22:45:31
09:46:00,12.96,0.0,297,384912,卖盘,002185,2025-10-17 22:45:31
09:46:03,12.96,0.0,125,162000,卖盘,002185,2025-10-17 22:45:31
09:46:06,12.96,0.0,179,231556,卖盘,002185,2025-10-17 22:45:31
09:46:09,12.96,0.0,35,45360,卖盘,002185,2025-10-17 22:45:31
09:46:12,12.96,0.0,1193,1546128,卖盘,002185,2025-10-17 22:45:31
09:46:15,12.96,0.0,143,185328,卖盘,002185,2025-10-17 22:45:31
09:46:18,12.96,0.0,265,343440,卖盘,002185,2025-10-17 22:45:31
09:46:21,12.96,0.0,95,123120,卖盘,002185,2025-10-17 22:45:31
09:46:24,12.96,0.0,61,79056,卖盘,002185,2025-10-17 22:45:31
09:46:27,12.96,0.0,94,121824,卖盘,002185,2025-10-17 22:45:31
09:46:30,12.96,0.0,215,278640,卖盘,002185,2025-10-17 22:45:31
09:46:33,12.96,0.0,169,219024,卖盘,002185,2025-10-17 22:45:31
09:46:36,12.96,0.0,4629,5999184,卖盘,002185,2025-10-17 22:45:31
09:46:39,12.96,0.0,3494,4528224,卖盘,002185,2025-10-17 22:45:31
09:46:42,12.96,0.0,2185,2831760,卖盘,002185,2025-10-17 22:45:31
09:46:45,12.96,0.0,3272,4240512,卖盘,002185,2025-10-17 22:45:31
09:46:48,12.96,0.0,1713,2220048,卖盘,002185,2025-10-17 22:45:31
09:46:51,12.96,0.0,3009,3899664,卖盘,002185,2025-10-17 22:45:31
09:46:54,12.96,0.0,7141,9254736,卖盘,002185,2025-10-17 22:45:31
09:46:57,12.96,0.0,1552,2011392,卖盘,002185,2025-10-17 22:45:31
09:47:00,12.96,0.0,2973,3853008,卖盘,002185,2025-10-17 22:45:31
09:47:03,12.96,0.0,10995,14249520,卖盘,002185,2025-10-17 22:45:31
09:47:06,12.96,0.0,1033,1338768,卖盘,002185,2025-10-17 22:45:31
09:47:09,12.96,0.0,10375,13445741,卖盘,002185,2025-10-17 22:45:31
09:47:12,12.96,0.0,839,1087344,卖盘,002185,2025-10-17 22:45:31
09:47:15,12.96,0.0,1063,1377648,卖盘,002185,2025-10-17 22:45:31
09:47:18,12.96,0.0,1259,1631664,卖盘,002185,2025-10-17 22:45:31
09:47:21,12.96,0.0,639,828144,卖盘,002185,2025-10-17 22:45:31
09:47:24,12.96,0.0,577,747792,卖盘,002185,2025-10-17 22:45:31
09:47:27,12.96,0.0,7039,9122544,卖盘,002185,2025-10-17 22:45:31
09:47:30,12.96,0.0,1368,1772928,卖盘,002185,2025-10-17 22:45:31
09:47:33,12.96,0.0,805,1043280,卖盘,002185,2025-10-17 22:45:31
09:47:36,12.96,0.0,7290,9447840,卖盘,002185,2025-10-17 22:45:31
09:47:39,12.96,0.0,1792,2322432,卖盘,002185,2025-10-17 22:45:31
09:47:42,12.96,0.0,1291,1673136,卖盘,002185,2025-10-17 22:45:31
09:47:45,12.96,0.0,9616,12462336,卖盘,002185,2025-10-17 22:45:31
09:47:48,12.96,0.0,10613,13754448,卖盘,002185,2025-10-17 22:45:31
09:47:51,12.96,0.0,11939,15472944,卖盘,002185,2025-10-17 22:45:31
09:47:54,12.96,0.0,4317,5594832,卖盘,002185,2025-10-17 22:45:31
09:47:57,12.96,0.0,10761,13946541,卖盘,002185,2025-10-17 22:45:31
09:48:00,12.96,0.0,4656,6034176,卖盘,002185,2025-10-17 22:45:31
09:48:03,12.96,0.0,9346,12112416,卖盘,002185,2025-10-17 22:45:31
09:48:06,12.96,0.0,21079,27318384,卖盘,002185,2025-10-17 22:45:31
09:48:09,12.96,0.0,20077,26019792,卖盘,002185,2025-10-17 22:45:31
09:48:12,12.96,0.0,53785,69705399,卖盘,002185,2025-10-17 22:45:31
09:48:15,12.96,0.0,99423,128852234,卖盘,002185,2025-10-17 22:45:31
09:48:18,12.79,-0.17,83747,108319279,卖盘,002185,2025-10-17 22:45:31
09:48:21,12.77,-0.02,12091,15400470,卖盘,002185,2025-10-17 22:45:31
09:48:24,12.74,-0.03,6127,7818864,卖盘,002185,2025-10-17 22:45:31
09:48:27,12.8,0.06,18928,24230973,买盘,002185,2025-10-17 22:45:31
09:48:30,12.9,0.1,20425,26347724,买盘,002185,2025-10-17 22:45:31
09:48:33,12.96,0.06,94588,122526569,买盘,002185,2025-10-17 22:45:31
09:48:36,12.96,0.0,4865,6305040,卖盘,002185,2025-10-17 22:45:31
09:48:39,12.96,0.0,5850,7581302,卖盘,002185,2025-10-17 22:45:31
09:48:42,12.96,0.0,4459,5778864,卖盘,002185,2025-10-17 22:45:31
09:48:45,12.96,0.0,4887,6333552,卖盘,002185,2025-10-17 22:45:31
09:48:48,12.96,0.0,3981,5159376,卖盘,002185,2025-10-17 22:45:31
09:48:51,12.96,0.0,5843,7572528,卖盘,002185,2025-10-17 22:45:31
09:48:54,12.96,0.0,2808,3639168,卖盘,002185,2025-10-17 22:45:31
09:48:57,12.96,0.0,1971,2554416,卖盘,002185,2025-10-17 22:45:31
09:49:00,12.96,0.0,1618,2096928,卖盘,002185,2025-10-17 22:45:31
09:49:03,12.96,0.0,1011,1310256,卖盘,002185,2025-10-17 22:45:31
09:49:06,12.96,0.0,3094,4009824,卖盘,002185,2025-10-17 22:45:31
09:49:09,12.96,0.0,3882,5031072,卖盘,002185,2025-10-17 22:45:31
09:49:12,12.96,0.0,6204,8040384,卖盘,002185,2025-10-17 22:45:31
09:49:15,12.96,0.0,5873,7611408,卖盘,002185,2025-10-17 22:45:31
09:49:18,12.96,0.0,11432,14815872,卖盘,002185,2025-10-17 22:45:31
09:49:21,12.96,0.0,19312,25028352,卖盘,002185,2025-10-17 22:45:31
09:49:24,12.96,0.0,5159,6686064,卖盘,002185,2025-10-17 22:45:31
09:49:27,12.96,0.0,3410,4419360,卖盘,002185,2025-10-17 22:45:31
09:49:30,12.96,0.0,3059,3964464,卖盘,002185,2025-10-17 22:45:31
09:49:33,12.96,0.0,3192,4136832,卖盘,002185,2025-10-17 22:45:31
09:49:36,12.96,0.0,2671,3461616,卖盘,002185,2025-10-17 22:45:31
09:49:39,12.96,0.0,1454,1884371,卖盘,002185,2025-10-17 22:45:31
09:49:42,12.96,0.0,859,1113264,卖盘,002185,2025-10-17 22:45:31
09:49:45,12.96,0.0,748,969408,卖盘,002185,2025-10-17 22:45:31
09:49:48,12.96,0.0,1192,1544832,卖盘,002185,2025-10-17 22:45:31
09:49:51,12.96,0.0,1114,1443744,卖盘,002185,2025-10-17 22:45:31
09:49:54,12.96,0.0,684,886296,卖盘,002185,2025-10-17 22:45:31
09:49:57,12.96,0.0,746,966816,卖盘,002185,2025-10-17 22:45:31
09:50:00,12.96,0.0,375,485533,卖盘,002185,2025-10-17 22:45:31
09:50:03,12.96,0.0,344,445824,卖盘,002185,2025-10-17 22:45:31
09:50:06,12.96,0.0,1326,1718496,卖盘,002185,2025-10-17 22:45:31
09:50:09,12.96,0.0,607,786672,卖盘,002185,2025-10-17 22:45:31
09:50:12,12.96,0.0,755,978480,卖盘,002185,2025-10-17 22:45:31
09:50:15,12.96,0.0,767,994032,卖盘,002185,2025-10-17 22:45:31
09:50:18,12.96,0.0,437,566352,卖盘,002185,2025-10-17 22:45:31
09:50:21,12.96,0.0,767,994032,卖盘,002185,2025-10-17 22:45:31
09:50:24,12.96,0.0,338,438048,卖盘,002185,2025-10-17 22:45:31
09:50:27,12.96,0.0,568,736128,卖盘,002185,2025-10-17 22:45:31
09:50:30,12.96,0.0,383,496368,卖盘,002185,2025-10-17 22:45:31
09:50:33,12.96,0.0,428,554688,卖盘,002185,2025-10-17 22:45:31
09:50:36,12.96,0.0,234,303264,卖盘,002185,2025-10-17 22:45:31
09:50:39,12.96,0.0,552,715392,卖盘,002185,2025-10-17 22:45:31
09:50:42,12.96,0.0,518,671328,卖盘,002185,2025-10-17 22:45:31
09:50:45,12.96,0.0,366,474336,卖盘,002185,2025-10-17 22:45:31
09:50:48,12.96,0.0,429,555984,卖盘,002185,2025-10-17 22:45:31
09:50:51,12.96,0.0,230,298080,卖盘,002185,2025-10-17 22:45:31
09:50:54,12.96,0.0,367,475632,卖盘,002185,2025-10-17 22:45:31
09:50:57,12.96,0.0,383,496368,卖盘,002185,2025-10-17 22:45:31
09:51:00,12.96,0.0,156,202202,卖盘,002185,2025-10-17 22:45:31
09:51:03,12.96,0.0,176,228096,卖盘,002185,2025-10-17 22:45:31
09:51:06,12.96,0.0,360,466560,卖盘,002185,2025-10-17 22:45:31
09:51:09,12.96,0.0,356,461376,卖盘,002185,2025-10-17 22:45:31
09:51:12,12.96,0.0,304,393984,卖盘,002185,2025-10-17 22:45:31
09:51:15,12.96,0.0,570,738720,卖盘,002185,2025-10-17 22:45:31
09:51:18,12.96,0.0,629,815184,卖盘,002185,2025-10-17 22:45:31
09:51:21,12.96,0.0,156,202176,卖盘,002185,2025-10-17 22:45:31
09:51:24,12.96,0.0,238,308448,卖盘,002185,2025-10-17 22:45:31
09:51:27,12.96,0.0,425,550800,卖盘,002185,2025-10-17 22:45:31
09:51:30,12.96,0.0,1268,1643328,卖盘,002185,2025-10-17 22:45:31
09:51:33,12.96,0.0,425,550800,卖盘,002185,2025-10-17 22:45:31
09:51:36,12.96,0.0,198,257010,卖盘,002185,2025-10-17 22:45:31
09:51:39,12.96,0.0,615,797040,卖盘,002185,2025-10-17 22:45:31
09:51:42,12.96,0.0,357,462024,卖盘,002185,2025-10-17 22:45:31
09:51:45,12.96,0.0,299,387504,卖盘,002185,2025-10-17 22:45:31
09:51:48,12.96,0.0,500,648000,卖盘,002185,2025-10-17 22:45:31
09:51:51,12.96,0.0,329,426384,卖盘,002185,2025-10-17 22:45:31
09:51:54,12.96,0.0,699,905904,卖盘,002185,2025-10-17 22:45:31
09:51:57,12.96,0.0,117,151632,卖盘,002185,2025-10-17 22:45:31
09:52:00,12.96,0.0,1173,1520208,卖盘,002185,2025-10-17 22:45:31
09:52:03,12.96,0.0,147,190512,卖盘,002185,2025-10-17 22:45:31
09:52:06,12.96,0.0,471,610416,卖盘,002185,2025-10-17 22:45:31
09:52:09,12.96,0.0,56,72576,卖盘,002185,2025-10-17 22:45:31
09:52:12,12.96,0.0,477,618192,卖盘,002185,2025-10-17 22:45:31
09:52:15,12.96,0.0,348,451008,卖盘,002185,2025-10-17 22:45:31
09:52:18,12.96,0.0,742,961632,卖盘,002185,2025-10-17 22:45:31
09:52:21,12.96,0.0,186,241523,卖盘,002185,2025-10-17 22:45:31
09:52:24,12.96,0.0,148,191989,卖盘,002185,2025-10-17 22:45:31
09:52:27,12.96,0.0,252,326592,卖盘,002185,2025-10-17 22:45:31
09:52:30,12.96,0.0,226,292896,卖盘,002185,2025-10-17 22:45:31
09:52:33,12.96,0.0,107,138672,卖盘,002185,2025-10-17 22:45:31
09:52:36,12.96,0.0,366,474258,卖盘,002185,2025-10-17 22:45:31
09:52:39,12.96,0.0,505,654480,卖盘,002185,2025-10-17 22:45:31
09:52:42,12.96,0.0,88,114048,卖盘,002185,2025-10-17 22:45:31
09:52:45,12.96,0.0,249,322704,卖盘,002185,2025-10-17 22:45:31
09:52:48,12.96,0.0,45,58320,卖盘,002185,2025-10-17 22:45:31
09:52:51,12.96,0.0,155,200880,卖盘,002185,2025-10-17 22:45:31
09:52:54,12.96,0.0,742,961632,卖盘,002185,2025-10-17 22:45:31
09:52:57,12.96,0.0,720,933120,卖盘,002185,2025-10-17 22:45:31
09:53:00,12.96,0.0,888,1150848,卖盘,002185,2025-10-17 22:45:31
09:53:03,12.96,0.0,73,94608,卖盘,002185,2025-10-17 22:45:31
09:53:06,12.96,0.0,377,488592,卖盘,002185,2025-10-17 22:45:31
09:53:09,12.96,0.0,630,816480,卖盘,002185,2025-10-17 22:45:31
09:53:12,12.96,0.0,246,318816,卖盘,002185,2025-10-17 22:45:31
09:53:15,12.96,0.0,448,580608,卖盘,002185,2025-10-17 22:45:31
09:53:18,12.96,0.0,403,522288,卖盘,002185,2025-10-17 22:45:31
09:53:21,12.96,0.0,347,449712,卖盘,002185,2025-10-17 22:45:31
09:53:24,12.96,0.0,345,447120,卖盘,002185,2025-10-17 22:45:31
09:53:27,12.96,0.0,157,203472,卖盘,002185,2025-10-17 22:45:31
09:53:30,12.96,0.0,476,616896,卖盘,002185,2025-10-17 22:45:31
09:53:33,12.96,0.0,622,806112,卖盘,002185,2025-10-17 22:45:31
09:53:36,12.96,0.0,262,339552,卖盘,002185,2025-10-17 22:45:31
09:53:39,12.96,0.0,453,587088,卖盘,002185,2025-10-17 22:45:31
09:53:42,12.96,0.0,376,487296,卖盘,002185,2025-10-17 22:45:31
09:53:45,12.96,0.0,67,86832,卖盘,002185,2025-10-17 22:45:31
09:53:48,12.96,0.0,143,185328,卖盘,002185,2025-10-17 22:45:31
09:53:51,12.96,0.0,135,174960,卖盘,002185,2025-10-17 22:45:31
09:53:54,12.96,0.0,604,782784,卖盘,002185,2025-10-17 22:45:31
09:53:57,12.96,0.0,1174,1521504,卖盘,002185,2025-10-17 22:45:31
09:54:00,12.96,0.0,320,414720,卖盘,002185,2025-10-17 22:45:31
09:54:03,12.96,0.0,75,97200,卖盘,002185,2025-10-17 22:45:31
09:54:06,12.96,0.0,838,1086048,卖盘,002185,2025-10-17 22:45:31
09:54:09,12.96,0.0,267,346032,卖盘,002185,2025-10-17 22:45:31
09:54:12,12.96,0.0,421,545616,卖盘,002185,2025-10-17 22:45:31
09:54:15,12.96,0.0,625,810000,卖盘,002185,2025-10-17 22:45:31
09:54:18,12.96,0.0,93,120528,卖盘,002185,2025-10-17 22:45:31
09:54:21,12.96,0.0,57,73872,卖盘,002185,2025-10-17 22:45:31
09:54:24,12.96,0.0,262,339552,卖盘,002185,2025-10-17 22:45:31
09:54:27,12.96,0.0,118,152928,卖盘,002185,2025-10-17 22:45:31
09:54:30,12.96,0.0,215,278640,卖盘,002185,2025-10-17 22:45:31
09:54:33,12.96,0.0,330,427680,卖盘,002185,2025-10-17 22:45:31
09:54:36,12.96,0.0,142,184032,卖盘,002185,2025-10-17 22:45:31
09:54:39,12.96,0.0,95,123120,卖盘,002185,2025-10-17 22:45:31
09:54:42,12.96,0.0,126,163296,卖盘,002185,2025-10-17 22:45:31
09:54:45,12.96,0.0,362,469152,卖盘,002185,2025-10-17 22:45:31
09:54:48,12.96,0.0,192,248832,卖盘,002185,2025-10-17 22:45:31
09:54:51,12.96,0.0,271,351216,卖盘,002185,2025-10-17 22:45:31
09:54:54,12.96,0.0,130,168480,卖盘,002185,2025-10-17 22:45:31
09:54:57,12.96,0.0,112,145152,卖盘,002185,2025-10-17 22:45:31
09:55:00,12.96,0.0,90,116640,卖盘,002185,2025-10-17 22:45:31
09:55:03,12.96,0.0,136,176256,卖盘,002185,2025-10-17 22:45:31
09:55:06,12.96,0.0,204,264384,卖盘,002185,2025-10-17 22:45:31
09:55:09,12.96,0.0,79,102384,卖盘,002185,2025-10-17 22:45:31
09:55:12,12.96,0.0,441,571536,卖盘,002185,2025-10-17 22:45:31
09:55:15,12.96,0.0,217,281232,卖盘,002185,2025-10-17 22:45:31
09:55:18,12.96,0.0,230,298080,卖盘,002185,2025-10-17 22:45:31
09:55:21,12.96,0.0,348,451008,卖盘,002185,2025-10-17 22:45:31
09:55:24,12.96,0.0,148,191808,卖盘,002185,2025-10-17 22:45:31
09:55:27,12.96,0.0,201,260496,卖盘,002185,2025-10-17 22:45:31
09:55:30,12.96,0.0,227,294192,卖盘,002185,2025-10-17 22:45:31
09:55:33,12.96,0.0,254,329521,卖盘,002185,2025-10-17 22:45:31
09:55:36,12.96,0.0,272,352512,卖盘,002185,2025-10-17 22:45:31
09:55:39,12.96,0.0,149,193104,卖盘,002185,2025-10-17 22:45:31
09:55:42,12.96,0.0,184,238464,卖盘,002185,2025-10-17 22:45:31
09:55:45,12.96,0.0,203,263088,卖盘,002185,2025-10-17 22:45:31
09:55:48,12.96,0.0,239,309744,卖盘,002185,2025-10-17 22:45:31
09:55:51,12.96,0.0,195,252720,卖盘,002185,2025-10-17 22:45:31
09:55:54,12.96,0.0,450,583200,卖盘,002185,2025-10-17 22:45:31
09:55:57,12.96,0.0,198,256608,卖盘,002185,2025-10-17 22:45:31
09:56:00,12.96,0.0,447,579312,卖盘,002185,2025-10-17 22:45:31
09:56:03,12.96,0.0,225,291600,卖盘,002185,2025-10-17 22:45:31
09:56:06,12.96,0.0,102,132192,卖盘,002185,2025-10-17 22:45:31
09:56:09,12.96,0.0,150,194400,卖盘,002185,2025-10-17 22:45:31
09:56:12,12.96,0.0,477,618192,卖盘,002185,2025-10-17 22:45:31
09:56:15,12.96,0.0,59,76464,卖盘,002185,2025-10-17 22:45:31
09:56:18,12.96,0.0,158,204768,卖盘,002185,2025-10-17 22:45:31
09:56:21,12.96,0.0,214,277344,卖盘,002185,2025-10-17 22:45:31
09:56:24,12.96,0.0,85,110160,卖盘,002185,2025-10-17 22:45:31
09:56:27,12.96,0.0,231,299376,卖盘,002185,2025-10-17 22:45:31
09:56:30,12.96,0.0,98,127008,卖盘,002185,2025-10-17 22:45:31
09:56:33,12.96,0.0,3213,4164048,卖盘,002185,2025-10-17 22:45:31
09:56:36,12.96,0.0,422,546912,卖盘,002185,2025-10-17 22:45:31
09:56:39,12.96,0.0,316,409536,卖盘,002185,2025-10-17 22:45:31
09:56:42,12.96,0.0,166,215136,卖盘,002185,2025-10-17 22:45:31
09:56:45,12.96,0.0,158,204768,卖盘,002185,2025-10-17 22:45:31
09:56:48,12.96,0.0,247,320488,卖盘,002185,2025-10-17 22:45:31
09:56:51,12.96,0.0,159,206064,卖盘,002185,2025-10-17 22:45:31
09:56:54,12.96,0.0,1280,1658880,卖盘,002185,2025-10-17 22:45:31
09:56:57,12.96,0.0,115,149040,卖盘,002185,2025-10-17 22:45:31
09:57:00,12.96,0.0,257,333072,卖盘,002185,2025-10-17 22:45:31
09:57:03,12.96,0.0,495,641520,卖盘,002185,2025-10-17 22:45:31
09:57:06,12.96,0.0,175,226800,卖盘,002185,2025-10-17 22:45:31
09:57:09,12.96,0.0,48,62208,卖盘,002185,2025-10-17 22:45:31
09:57:12,12.96,0.0,403,522288,卖盘,002185,2025-10-17 22:45:31
09:57:15,12.96,0.0,462,598752,卖盘,002185,2025-10-17 22:45:31
09:57:18,12.96,0.0,433,561168,卖盘,002185,2025-10-17 22:45:31
09:57:21,12.96,0.0,210,272160,卖盘,002185,2025-10-17 22:45:31
09:57:24,12.96,0.0,119,154224,卖盘,002185,2025-10-17 22:45:31
09:57:27,12.96,0.0,264,342144,卖盘,002185,2025-10-17 22:45:31
09:57:30,12.96,0.0,46,59616,卖盘,002185,2025-10-17 22:45:31
09:57:33,12.96,0.0,435,563760,卖盘,002185,2025-10-17 22:45:31
09:57:36,12.96,0.0,1149,1489104,卖盘,002185,2025-10-17 22:45:31
09:57:39,12.96,0.0,218,282528,卖盘,002185,2025-10-17 22:45:31
09:57:42,12.96,0.0,620,803520,卖盘,002185,2025-10-17 22:45:31
09:57:45,12.96,0.0,181,234576,卖盘,002185,2025-10-17 22:45:31
09:57:48,12.96,0.0,501,649296,卖盘,002185,2025-10-17 22:45:31
09:57:51,12.96,0.0,215,278640,卖盘,002185,2025-10-17 22:45:31
09:57:54,12.96,0.0,513,664848,卖盘,002185,2025-10-17 22:45:31
09:57:57,12.96,0.0,208,269568,卖盘,002185,2025-10-17 22:45:31
09:58:00,12.96,0.0,39,50544,卖盘,002185,2025-10-17 22:45:31
09:58:03,12.96,0.0,90,116640,卖盘,002185,2025-10-17 22:45:31
09:58:06,12.96,0.0,189,244296,卖盘,002185,2025-10-17 22:45:31
09:58:09,12.96,0.0,242,313632,卖盘,002185,2025-10-17 22:45:31
09:58:12,12.96,0.0,279,361584,卖盘,002185,2025-10-17 22:45:31
09:58:15,12.96,0.0,190,246240,卖盘,002185,2025-10-17 22:45:31
09:58:18,12.96,0.0,221,286416,卖盘,002185,2025-10-17 22:45:31
09:58:21,12.96,0.0,337,436752,卖盘,002185,2025-10-17 22:45:31
09:58:24,12.96,0.0,107,138672,卖盘,002185,2025-10-17 22:45:31
09:58:27,12.96,0.0,305,395280,卖盘,002185,2025-10-17 22:45:31
09:58:30,12.96,0.0,103,133488,卖盘,002185,2025-10-17 22:45:31
09:58:33,12.96,0.0,119,154224,卖盘,002185,2025-10-17 22:45:31
09:58:36,12.96,0.0,120,155520,卖盘,002185,2025-10-17 22:45:31
09:58:39,12.96,0.0,96,124416,卖盘,002185,2025-10-17 22:45:31
09:58:42,12.96,0.0,68,88128,卖盘,002185,2025-10-17 22:45:31
09:58:45,12.96,0.0,551,714096,卖盘,002185,2025-10-17 22:45:31
09:58:48,12.96,0.0,208,269568,卖盘,002185,2025-10-17 22:45:31
09:58:51,12.96,0.0,326,422496,卖盘,002185,2025-10-17 22:45:31
09:58:54,12.96,0.0,679,879699,卖盘,002185,2025-10-17 22:45:31
09:58:57,12.96,0.0,85,110160,卖盘,002185,2025-10-17 22:45:31
09:59:00,12.96,0.0,450,583200,卖盘,002185,2025-10-17 22:45:31
09:59:03,12.96,0.0,94,121824,卖盘,002185,2025-10-17 22:45:31
09:59:06,12.96,0.0,104,134784,卖盘,002185,2025-10-17 22:45:31
09:59:09,12.96,0.0,221,286416,卖盘,002185,2025-10-17 22:45:31
09:59:12,12.96,0.0,130,168480,卖盘,002185,2025-10-17 22:45:31
09:59:15,12.96,0.0,204,264384,卖盘,002185,2025-10-17 22:45:31
09:59:18,12.96,0.0,651,843696,卖盘,002185,2025-10-17 22:45:31
09:59:21,12.96,0.0,176,228096,卖盘,002185,2025-10-17 22:45:31
09:59:24,12.96,0.0,192,248832,卖盘,002185,2025-10-17 22:45:31
09:59:27,12.96,0.0,194,251424,卖盘,002185,2025-10-17 22:45:31
09:59:30,12.96,0.0,77,99792,卖盘,002185,2025-10-17 22:45:31
09:59:33,12.96,0.0,160,207360,卖盘,002185,2025-10-17 22:45:31
09:59:36,12.96,0.0,121,156816,卖盘,002185,2025-10-17 22:45:31
09:59:39,12.96,0.0,370,479520,卖盘,002185,2025-10-17 22:45:31
09:59:42,12.96,0.0,452,585792,卖盘,002185,2025-10-17 22:45:31
09:59:45,12.96,0.0,41,53136,卖盘,002185,2025-10-17 22:45:31
09:59:48,12.96,0.0,330,427680,卖盘,002185,2025-10-17 22:45:31
09:59:51,12.96,0.0,395,512464,卖盘,002185,2025-10-17 22:45:31
09:59:54,12.96,0.0,719,931824,卖盘,002185,2025-10-17 22:45:31
09:59:57,12.96,0.0,328,425088,卖盘,002185,2025-10-17 22:45:31
10:00:00,12.96,0.0,372,482112,卖盘,002185,2025-10-17 22:45:31
10:00:03,12.96,0.0,979,1268784,卖盘,002185,2025-10-17 22:45:31
10:00:06,12.96,0.0,176,228096,卖盘,002185,2025-10-17 22:45:31
10:00:09,12.96,0.0,217,281232,卖盘,002185,2025-10-17 22:45:31
10:00:12,12.96,0.0,494,640224,卖盘,002185,2025-10-17 22:45:31
10:00:15,12.96,0.0,593,768528,卖盘,002185,2025-10-17 22:45:31
10:00:18,12.96,0.0,605,784080,卖盘,002185,2025-10-17 22:45:31
10:00:21,12.96,0.0,1012,1311552,卖盘,002185,2025-10-17 22:45:31
10:00:24,12.96,0.0,10329,13386384,卖盘,002185,2025-10-17 22:45:31
10:00:27,12.96,0.0,1391,1802736,卖盘,002185,2025-10-17 22:45:31
10:00:30,12.96,0.0,727,942192,卖盘,002185,2025-10-17 22:45:31
10:00:33,12.96,0.0,1826,2366496,卖盘,002185,2025-10-17 22:45:31
10:00:36,12.96,0.0,14597,18917712,卖盘,002185,2025-10-17 22:45:31
10:00:39,12.96,0.0,21628,28030031,卖盘,002185,2025-10-17 22:45:31
10:00:42,12.96,0.0,24832,32182272,卖盘,002185,2025-10-17 22:45:31
10:00:45,12.96,0.0,11314,14662944,卖盘,002185,2025-10-17 22:45:31
10:00:48,12.96,0.0,23608,30595968,卖盘,002185,2025-10-17 22:45:31
10:00:51,12.96,0.0,25293,32779236,卖盘,002185,2025-10-17 22:45:31
10:00:54,12.96,0.0,15975,20703600,卖盘,002185,2025-10-17 22:45:31
10:00:57,12.93,-0.03,11874,15341850,卖盘,002185,2025-10-17 22:45:31
10:01:00,12.96,0.03,18366,23751395,买盘,002185,2025-10-17 22:45:31
10:01:03,12.96,0.0,41136,53291459,买盘,002185,2025-10-17 22:45:31
10:01:06,12.96,0.0,3568,4624128,卖盘,002185,2025-10-17 22:45:31
10:01:09,12.96,0.0,3270,4237920,卖盘,002185,2025-10-17 22:45:31
10:01:12,12.96,0.0,2395,3103920,卖盘,002185,2025-10-17 22:45:31
10:01:15,12.96,0.0,1672,2167171,卖盘,002185,2025-10-17 22:45:31
10:01:18,12.96,0.0,1352,1752192,卖盘,002185,2025-10-17 22:45:31
10:01:21,12.96,0.0,967,1253232,卖盘,002185,2025-10-17 22:45:31
10:01:24,12.96,0.0,1272,1648512,卖盘,002185,2025-10-17 22:45:31
10:01:27,12.96,0.0,1304,1689984,卖盘,002185,2025-10-17 22:45:31
10:01:30,12.96,0.0,488,632448,卖盘,002185,2025-10-17 22:45:31
10:01:33,12.96,0.0,2173,2816208,卖盘,002185,2025-10-17 22:45:31
10:01:36,12.96,0.0,1110,1438560,卖盘,002185,2025-10-17 22:45:31
10:01:39,12.96,0.0,1278,1656288,卖盘,002185,2025-10-17 22:45:31
10:01:42,12.96,0.0,1309,1696464,卖盘,002185,2025-10-17 22:45:31
10:01:45,12.96,0.0,1452,1881792,卖盘,002185,2025-10-17 22:45:31
10:01:48,12.96,0.0,486,629856,卖盘,002185,2025-10-17 22:45:31
10:01:51,12.96,0.0,427,553392,卖盘,002185,2025-10-17 22:45:31
10:01:54,12.96,0.0,1504,1949184,卖盘,002185,2025-10-17 22:45:31
10:01:57,12.96,0.0,1545,2002320,卖盘,002185,2025-10-17 22:45:31
10:02:00,12.96,0.0,1903,2466288,卖盘,002185,2025-10-17 22:45:31
10:02:03,12.96,0.0,867,1123632,卖盘,002185,2025-10-17 22:45:31
10:02:06,12.96,0.0,544,705024,卖盘,002185,2025-10-17 22:45:31
10:02:09,12.96,0.0,3400,4406400,卖盘,002185,2025-10-17 22:45:31
10:02:12,12.96,0.0,1116,1446336,卖盘,002185,2025-10-17 22:45:31
10:02:15,12.96,0.0,732,948672,卖盘,002185,2025-10-17 22:45:31
10:02:18,12.96,0.0,5572,7221312,卖盘,002185,2025-10-17 22:45:31
10:02:21,12.96,0.0,1471,1906416,卖盘,002185,2025-10-17 22:45:31
10:02:24,12.96,0.0,756,979776,卖盘,002185,2025-10-17 22:45:31
10:02:27,12.96,0.0,1452,1881792,卖盘,002185,2025-10-17 22:45:31
10:02:30,12.96,0.0,633,820368,卖盘,002185,2025-10-17 22:45:31
10:02:33,12.96,0.0,544,705024,卖盘,002185,2025-10-17 22:45:31
10:02:36,12.96,0.0,94,121824,卖盘,002185,2025-10-17 22:45:31
10:02:39,12.96,0.0,581,752976,卖盘,002185,2025-10-17 22:45:31
10:02:42,12.96,0.0,232,300672,卖盘,002185,2025-10-17 22:45:31
10:02:45,12.96,0.0,755,978480,卖盘,002185,2025-10-17 22:45:31
10:02:48,12.96,0.0,462,598752,卖盘,002185,2025-10-17 22:45:31
10:02:51,12.96,0.0,65,84240,卖盘,002185,2025-10-17 22:45:31
10:02:54,12.96,0.0,1313,1701648,卖盘,002185,2025-10-17 22:45:31
10:02:57,12.96,0.0,495,641520,卖盘,002185,2025-10-17 22:45:31
10:03:00,12.96,0.0,258,334368,卖盘,002185,2025-10-17 22:45:31
10:03:03,12.96,0.0,881,1141776,卖盘,002185,2025-10-17 22:45:31
10:03:06,12.96,0.0,674,873504,卖盘,002185,2025-10-17 22:45:31
10:03:09,12.96,0.0,5227,6774192,卖盘,002185,2025-10-17 22:45:31
10:03:12,12.96,0.0,861,1115856,卖盘,002185,2025-10-17 22:45:31
10:03:15,12.96,0.0,1033,1338768,卖盘,002185,2025-10-17 22:45:31
10:03:18,12.96,0.0,791,1025136,卖盘,002185,2025-10-17 22:45:31
10:03:21,12.96,0.0,284,368064,卖盘,002185,2025-10-17 22:45:31
10:03:24,12.96,0.0,661,856656,卖盘,002185,2025-10-17 22:45:31
10:03:27,12.96,0.0,1176,1524096,卖盘,002185,2025-10-17 22:45:31
10:03:30,12.96,0.0,164,212544,卖盘,002185,2025-10-17 22:45:31
10:03:33,12.96,0.0,131,169776,卖盘,002185,2025-10-17 22:45:31
10:03:36,12.96,0.0,218,282528,卖盘,002185,2025-10-17 22:45:31
10:03:39,12.96,0.0,313,405648,卖盘,002185,2025-10-17 22:45:31
10:03:42,12.96,0.0,134,173664,卖盘,002185,2025-10-17 22:45:31
10:03:45,12.96,0.0,238,308448,卖盘,002185,2025-10-17 22:45:31
10:03:48,12.96,0.0,416,539136,卖盘,002185,2025-10-17 22:45:31
10:03:51,12.96,0.0,94,121824,卖盘,002185,2025-10-17 22:45:31
10:03:54,12.96,0.0,240,311040,卖盘,002185,2025-10-17 22:45:31
10:03:57,12.96,0.0,313,405648,卖盘,002185,2025-10-17 22:45:31
10:04:00,12.96,0.0,464,601344,卖盘,002185,2025-10-17 22:45:31
10:04:03,12.96,0.0,310,401760,卖盘,002185,2025-10-17 22:45:31
10:04:06,12.96,0.0,5130,6648480,卖盘,002185,2025-10-17 22:45:31
10:04:09,12.96,0.0,129,167184,卖盘,002185,2025-10-17 22:45:31
10:04:12,12.96,0.0,8348,10819008,卖盘,002185,2025-10-17 22:45:31
10:04:15,12.96,0.0,172,222912,卖盘,002185,2025-10-17 22:45:31
10:04:18,12.96,0.0,199,257904,卖盘,002185,2025-10-17 22:45:31
10:04:21,12.96,0.0,165,213840,卖盘,002185,2025-10-17 22:45:31
10:04:24,12.96,0.0,5196,6734016,卖盘,002185,2025-10-17 22:45:31
10:04:27,12.96,0.0,153,198288,卖盘,002185,2025-10-17 22:45:31
10:04:30,12.96,0.0,369,478224,卖盘,002185,2025-10-17 22:45:31
10:04:33,12.96,0.0,2442,3164832,卖盘,002185,2025-10-17 22:45:31
10:04:36,12.96,0.0,685,887760,卖盘,002185,2025-10-17 22:45:31
10:04:39,12.96,0.0,8439,10936944,卖盘,002185,2025-10-17 22:45:31
10:04:42,12.96,0.0,1118,1448928,卖盘,002185,2025-10-17 22:45:31
10:04:45,12.96,0.0,2243,2906928,卖盘,002185,2025-10-17 22:45:31
10:04:48,12.96,0.0,1171,1517616,卖盘,002185,2025-10-17 22:45:31
10:04:51,12.96,0.0,2281,2956176,卖盘,002185,2025-10-17 22:45:31
10:04:54,12.96,0.0,11704,15168384,卖盘,002185,2025-10-17 22:45:31
10:04:57,12.96,0.0,557,721872,卖盘,002185,2025-10-17 22:45:31
10:05:00,12.96,0.0,2623,3399408,卖盘,002185,2025-10-17 22:45:31
10:05:03,12.96,0.0,3506,4543776,卖盘,002185,2025-10-17 22:45:31
10:05:06,12.96,0.0,7992,10357632,卖盘,002185,2025-10-17 22:45:31
10:05:09,12.96,0.0,628,813888,卖盘,002185,2025-10-17 22:45:31
10:05:12,12.96,0.0,1152,1492992,卖盘,002185,2025-10-17 22:45:31
10:05:15,12.96,0.0,600,777600,卖盘,002185,2025-10-17 22:45:31
10:05:18,12.96,0.0,503,651888,卖盘,002185,2025-10-17 22:45:31
10:05:21,12.96,0.0,358,463968,卖盘,002185,2025-10-17 22:45:31
10:05:24,12.96,0.0,565,732240,卖盘,002185,2025-10-17 22:45:31
10:05:27,12.96,0.0,534,692064,卖盘,002185,2025-10-17 22:45:31
10:05:30,12.96,0.0,1109,1437264,卖盘,002185,2025-10-17 22:45:31
10:05:33,12.96,0.0,289,374544,卖盘,002185,2025-10-17 22:45:31
10:05:36,12.96,0.0,341,441936,卖盘,002185,2025-10-17 22:45:31
10:05:39,12.96,0.0,367,475632,卖盘,002185,2025-10-17 22:45:31
10:05:42,12.96,0.0,493,638928,卖盘,002185,2025-10-17 22:45:31
10:05:45,12.96,0.0,4841,6273353,卖盘,002185,2025-10-17 22:45:31
10:05:48,12.96,0.0,283,366768,卖盘,002185,2025-10-17 22:45:31
10:05:51,12.96,0.0,297,384912,卖盘,002185,2025-10-17 22:45:31
10:05:54,12.96,0.0,609,789264,卖盘,002185,2025-10-17 22:45:31
10:05:57,12.96,0.0,776,1005696,卖盘,002185,2025-10-17 22:45:31
10:06:00,12.96,0.0,1544,2001024,卖盘,002185,2025-10-17 22:45:31
10:06:03,12.96,0.0,313,405648,卖盘,002185,2025-10-17 22:45:31
10:06:06,12.96,0.0,455,589680,卖盘,002185,2025-10-17 22:45:31
10:06:09,12.96,0.0,144,186624,卖盘,002185,2025-10-17 22:45:31
10:06:12,12.96,0.0,267,346032,卖盘,002185,2025-10-17 22:45:31
10:06:15,12.96,0.0,810,1049760,卖盘,002185,2025-10-17 22:45:31
10:06:18,12.96,0.0,137,177552,卖盘,002185,2025-10-17 22:45:31
10:06:21,12.96,0.0,259,335664,卖盘,002185,2025-10-17 22:45:31
10:06:24,12.96,0.0,366,474336,卖盘,002185,2025-10-17 22:45:31
10:06:27,12.96,0.0,1941,2515536,卖盘,002185,2025-10-17 22:45:31
10:06:30,12.96,0.0,427,553392,卖盘,002185,2025-10-17 22:45:31
10:06:33,12.96,0.0,508,658368,卖盘,002185,2025-10-17 22:45:31
10:06:36,12.96,0.0,370,479520,卖盘,002185,2025-10-17 22:45:31
10:06:39,12.96,0.0,283,366768,卖盘,002185,2025-10-17 22:45:31
10:06:42,12.96,0.0,604,782784,卖盘,002185,2025-10-17 22:45:31
10:06:45,12.96,0.0,365,473040,卖盘,002185,2025-10-17 22:45:31
10:06:48,12.96,0.0,222,287712,卖盘,002185,2025-10-17 22:45:31
10:06:51,12.96,0.0,422,546912,卖盘,002185,2025-10-17 22:45:31
10:06:54,12.96,0.0,180,233280,卖盘,002185,2025-10-17 22:45:31
10:06:57,12.96,0.0,393,509328,卖盘,002185,2025-10-17 22:45:31
10:07:00,12.96,0.0,255,330480,卖盘,002185,2025-10-17 22:45:31
10:07:03,12.96,0.0,548,710208,卖盘,002185,2025-10-17 22:45:31
10:07:06,12.96,0.0,254,329184,卖盘,002185,2025-10-17 22:45:31
10:07:09,12.96,0.0,192,248832,卖盘,002185,2025-10-17 22:45:31
10:07:12,12.96,0.0,251,325296,卖盘,002185,2025-10-17 22:45:31
10:07:15,12.96,0.0,91,117936,卖盘,002185,2025-10-17 22:45:31
10:07:18,12.96,0.0,131,169776,卖盘,002185,2025-10-17 22:45:31
10:07:21,12.96,0.0,113,146448,卖盘,002185,2025-10-17 22:45:31
10:07:24,12.96,0.0,874,1132704,卖盘,002185,2025-10-17 22:45:31
10:07:27,12.96,0.0,210,272160,卖盘,002185,2025-10-17 22:45:31
10:07:30,12.96,0.0,151,195696,卖盘,002185,2025-10-17 22:45:31
10:07:33,12.96,0.0,288,373248,卖盘,002185,2025-10-17 22:45:31
10:07:36,12.96,0.0,342,443232,卖盘,002185,2025-10-17 22:45:31
10:07:39,12.96,0.0,746,966816,卖盘,002185,2025-10-17 22:45:31
10:07:42,12.96,0.0,139,180144,卖盘,002185,2025-10-17 22:45:31
10:07:45,12.96,0.0,165,213840,卖盘,002185,2025-10-17 22:45:31
10:07:48,12.96,0.0,550,712800,卖盘,002185,2025-10-17 22:45:31
10:07:51,12.96,0.0,333,431568,卖盘,002185,2025-10-17 22:45:31
10:07:54,12.96,0.0,311,403056,卖盘,002185,2025-10-17 22:45:31
10:07:57,12.96,0.0,299,387504,卖盘,002185,2025-10-17 22:45:31
10:08:00,12.96,0.0,421,545616,卖盘,002185,2025-10-17 22:45:31
10:08:03,12.96,0.0,76,98496,卖盘,002185,2025-10-17 22:45:31
10:08:06,12.96,0.0,135,174960,卖盘,002185,2025-10-17 22:45:31
10:08:09,12.96,0.0,130,168480,卖盘,002185,2025-10-17 22:45:31
10:08:12,12.96,0.0,118,152928,卖盘,002185,2025-10-17 22:45:31
10:08:15,12.96,0.0,36,46656,卖盘,002185,2025-10-17 22:45:31
10:08:18,12.96,0.0,176,227940,卖盘,002185,2025-10-17 22:45:31
10:08:21,12.96,0.0,167,216432,卖盘,002185,2025-10-17 22:45:31
10:08:24,12.96,0.0,139,180144,卖盘,002185,2025-10-17 22:45:31
10:08:27,12.96,0.0,209,270864,卖盘,002185,2025-10-17 22:45:31
10:08:30,12.96,0.0,173,224208,卖盘,002185,2025-10-17 22:45:31
10:08:33,12.96,0.0,544,705024,卖盘,002185,2025-10-17 22:45:31
10:08:36,12.96,0.0,858,1111968,卖盘,002185,2025-10-17 22:45:31
10:08:39,12.96,0.0,2302,2983392,卖盘,002185,2025-10-17 22:45:31
10:08:42,12.96,0.0,552,715392,卖盘,002185,2025-10-17 22:45:31
10:08:45,12.96,0.0,408,528768,卖盘,002185,2025-10-17 22:45:31
10:08:48,12.96,0.0,207,268272,卖盘,002185,2025-10-17 22:45:31
10:08:51,12.96,0.0,327,423792,卖盘,002185,2025-10-17 22:45:31
10:08:54,12.96,0.0,700,907200,卖盘,002185,2025-10-17 22:45:31
10:08:57,12.96,0.0,291,377136,卖盘,002185,2025-10-17 22:45:31
10:09:00,12.96,0.0,564,730944,卖盘,002185,2025-10-17 22:45:31
10:09:03,12.96,0.0,1543,1999728,卖盘,002185,2025-10-17 22:45:31
10:09:06,12.96,0.0,203,263088,卖盘,002185,2025-10-17 22:45:31
10:09:09,12.96,0.0,500,648000,卖盘,002185,2025-10-17 22:45:31
10:09:12,12.96,0.0,382,495072,卖盘,002185,2025-10-17 22:45:31
10:09:15,12.96,0.0,564,730944,卖盘,002185,2025-10-17 22:45:31
10:09:18,12.96,0.0,243,314928,卖盘,002185,2025-10-17 22:45:31
10:09:21,12.96,0.0,288,373248,卖盘,002185,2025-10-17 22:45:31
10:09:24,12.96,0.0,152,196992,卖盘,002185,2025-10-17 22:45:31
10:09:27,12.96,0.0,516,668736,卖盘,002185,2025-10-17 22:45:31
10:09:30,12.96,0.0,189,244944,卖盘,002185,2025-10-17 22:45:31
10:09:33,12.96,0.0,738,956448,卖盘,002185,2025-10-17 22:45:31
10:09:36,12.96,0.0,442,572832,卖盘,002185,2025-10-17 22:45:31
10:09:39,12.96,0.0,71,92016,卖盘,002185,2025-10-17 22:45:31
10:09:42,12.96,0.0,400,518076,卖盘,002185,2025-10-17 22:45:31
10:09:45,12.96,0.0,402,520992,卖盘,002185,2025-10-17 22:45:31
10:09:48,12.96,0.0,309,400464,卖盘,002185,2025-10-17 22:45:31
10:09:51,12.96,0.0,147,190512,卖盘,002185,2025-10-17 22:45:31
10:09:54,12.96,0.0,73,94608,卖盘,002185,2025-10-17 22:45:31
10:09:57,12.96,0.0,53,68688,卖盘,002185,2025-10-17 22:45:31
10:10:00,12.96,0.0,89,115344,卖盘,002185,2025-10-17 22:45:31
10:10:03,12.96,0.0,968,1254528,卖盘,002185,2025-10-17 22:45:31
10:10:06,12.96,0.0,227,294192,卖盘,002185,2025-10-17 22:45:31
10:10:09,12.96,0.0,1523,1973808,卖盘,002185,2025-10-17 22:45:31
10:10:12,12.96,0.0,133,172368,卖盘,002185,2025-10-17 22:45:31
10:10:15,12.96,0.0,68,88128,卖盘,002185,2025-10-17 22:45:31
10:10:18,12.96,0.0,172,222912,卖盘,002185,2025-10-17 22:45:31
10:10:21,12.96,0.0,220,285120,卖盘,002185,2025-10-17 22:45:31
10:10:24,12.96,0.0,285,369360,卖盘,002185,2025-10-17 22:45:31
10:10:27,12.96,0.0,58,75168,卖盘,002185,2025-10-17 22:45:31
10:10:30,12.96,0.0,156,202176,卖盘,002185,2025-10-17 22:45:31
10:10:33,12.96,0.0,48,62208,卖盘,002185,2025-10-17 22:45:31
10:10:36,12.96,0.0,130,168480,卖盘,002185,2025-10-17 22:45:31
10:10:39,12.96,0.0,100,129600,卖盘,002185,2025-10-17 22:45:31
10:10:42,12.96,0.0,224,290304,卖盘,002185,2025-10-17 22:45:31
10:10:45,12.96,0.0,530,686880,卖盘,002185,2025-10-17 22:45:31
10:10:48,12.96,0.0,62,80352,卖盘,002185,2025-10-17 22:45:31
10:10:51,12.96,0.0,139,180144,卖盘,002185,2025-10-17 22:45:31
10:10:54,12.96,0.0,142,184032,卖盘,002185,2025-10-17 22:45:31
10:10:57,12.96,0.0,63,81648,卖盘,002185,2025-10-17 22:45:31
10:11:00,12.96,0.0,190,246240,卖盘,002185,2025-10-17 22:45:31
10:11:03,12.96,0.0,102,132192,卖盘,002185,2025-10-17 22:45:31
10:11:06,12.96,0.0,103,133488,卖盘,002185,2025-10-17 22:45:31
10:11:09,12.96,0.0,1141,1478736,卖盘,002185,2025-10-17 22:45:31
10:11:12,12.96,0.0,34,44064,卖盘,002185,2025-10-17 22:45:31
10:11:15,12.96,0.0,81,104976,卖盘,002185,2025-10-17 22:45:31
10:11:18,12.96,0.0,75,97200,卖盘,002185,2025-10-17 22:45:31
10:11:21,12.96,0.0,115,149040,卖盘,002185,2025-10-17 22:45:31
10:11:24,12.96,0.0,62,80352,卖盘,002185,2025-10-17 22:45:31
10:11:27,12.96,0.0,38,49248,卖盘,002185,2025-10-17 22:45:31
10:11:30,12.96,0.0,296,383616,卖盘,002185,2025-10-17 22:45:31
10:11:33,12.96,0.0,54,69984,卖盘,002185,2025-10-17 22:45:31
10:11:36,12.96,0.0,33,42768,卖盘,002185,2025-10-17 22:45:31
10:11:39,12.96,0.0,131,169776,卖盘,002185,2025-10-17 22:45:31
10:11:42,12.96,0.0,265,343440,卖盘,002185,2025-10-17 22:45:31
10:11:45,12.96,0.0,398,515808,卖盘,002185,2025-10-17 22:45:31
10:11:48,12.96,0.0,102,132192,卖盘,002185,2025-10-17 22:45:31
10:11:51,12.96,0.0,133,172368,卖盘,002185,2025-10-17 22:45:31
10:11:54,12.96,0.0,81,104976,卖盘,002185,2025-10-17 22:45:31
10:11:57,12.96,0.0,24,31104,卖盘,002185,2025-10-17 22:45:31
10:12:00,12.96,0.0,22,28512,卖盘,002185,2025-10-17 22:45:31
10:12:03,12.96,0.0,89,115344,卖盘,002185,2025-10-17 22:45:31
10:12:06,12.96,0.0,83,107568,卖盘,002185,2025-10-17 22:45:31
10:12:09,12.96,0.0,420,544320,卖盘,002185,2025-10-17 22:45:31
10:12:12,12.96,0.0,99,128304,卖盘,002185,2025-10-17 22:45:31
10:12:15,12.96,0.0,217,281232,卖盘,002185,2025-10-17 22:45:31
10:12:18,12.96,0.0,43,55728,卖盘,002185,2025-10-17 22:45:31
10:12:21,12.96,0.0,47,60912,卖盘,002185,2025-10-17 22:45:31
10:12:24,12.96,0.0,98,127008,卖盘,002185,2025-10-17 22:45:31
10:12:27,12.96,0.0,73,94608,卖盘,002185,2025-10-17 22:45:31
10:12:30,12.96,0.0,434,562464,卖盘,002185,2025-10-17 22:45:31
10:12:33,12.96,0.0,1195,1548720,卖盘,002185,2025-10-17 22:45:31
10:12:36,12.96,0.0,75,97200,卖盘,002185,2025-10-17 22:45:31
10:12:39,12.96,0.0,397,514512,卖盘,002185,2025-10-17 22:45:31
10:12:42,12.96,0.0,145,187920,卖盘,002185,2025-10-17 22:45:31
10:12:45,12.96,0.0,110,142560,卖盘,002185,2025-10-17 22:45:31
10:12:48,12.96,0.0,133,172368,卖盘,002185,2025-10-17 22:45:31
10:12:51,12.96,0.0,87,112752,卖盘,002185,2025-10-17 22:45:31
10:12:54,12.96,0.0,124,160704,卖盘,002185,2025-10-17 22:45:31
10:12:57,12.96,0.0,30,38880,卖盘,002185,2025-10-17 22:45:31
10:13:00,12.96,0.0,75,97200,卖盘,002185,2025-10-17 22:45:31
10:13:03,12.96,0.0,57,73872,卖盘,002185,2025-10-17 22:45:31
10:13:06,12.96,0.0,75,97200,卖盘,002185,2025-10-17 22:45:31
10:13:09,12.96,0.0,124,160704,卖盘,002185,2025-10-17 22:45:31
10:13:12,12.96,0.0,57,73872,卖盘,002185,2025-10-17 22:45:31
10:13:15,12.96,0.0,464,601344,卖盘,002185,2025-10-17 22:45:31
10:13:18,12.96,0.0,56,72576,卖盘,002185,2025-10-17 22:45:31
10:13:21,12.96,0.0,71,92016,卖盘,002185,2025-10-17 22:45:31
10:13:24,12.96,0.0,37,47952,卖盘,002185,2025-10-17 22:45:31
10:13:27,12.96,0.0,152,196992,卖盘,002185,2025-10-17 22:45:31
10:13:30,12.96,0.0,523,677808,卖盘,002185,2025-10-17 22:45:31
10:13:33,12.96,0.0,101,130896,卖盘,002185,2025-10-17 22:45:31
10:13:36,12.96,0.0,85,110160,卖盘,002185,2025-10-17 22:45:31
10:13:39,12.96,0.0,74,95904,卖盘,002185,2025-10-17 22:45:31
10:13:42,12.96,0.0,37,47952,卖盘,002185,2025-10-17 22:45:31
10:13:45,12.96,0.0,130,168480,卖盘,002185,2025-10-17 22:45:31
10:13:48,12.96,0.0,129,167184,卖盘,002185,2025-10-17 22:45:31
10:13:51,12.96,0.0,182,235872,卖盘,002185,2025-10-17 22:45:31
10:13:54,12.96,0.0,1,1296,卖盘,002185,2025-10-17 22:45:31
10:13:57,12.96,0.0,234,303264,卖盘,002185,2025-10-17 22:45:31
10:14:00,12.96,0.0,71,92016,卖盘,002185,2025-10-17 22:45:31
10:14:03,12.96,0.0,43,55728,卖盘,002185,2025-10-17 22:45:31
10:14:06,12.96,0.0,82,106272,卖盘,002185,2025-10-17 22:45:31
10:14:09,12.96,0.0,147,190512,卖盘,002185,2025-10-17 22:45:31
10:14:12,12.96,0.0,20,25920,卖盘,002185,2025-10-17 22:45:31
10:14:15,12.96,0.0,121,156816,卖盘,002185,2025-10-17 22:45:31
10:14:18,12.96,0.0,87,112752,卖盘,002185,2025-10-17 22:45:31
10:14:21,12.96,0.0,21,27216,卖盘,002185,2025-10-17 22:45:31
10:14:24,12.96,0.0,67,86832,卖盘,002185,2025-10-17 22:45:31
10:14:27,12.96,0.0,163,211248,卖盘,002185,2025-10-17 22:45:31
10:14:30,12.96,0.0,413,535248,卖盘,002185,2025-10-17 22:45:31
10:14:33,12.96,0.0,102,132192,卖盘,002185,2025-10-17 22:45:31
10:14:36,12.96,0.0,87,112752,卖盘,002185,2025-10-17 22:45:31
10:14:39,12.96,0.0,48,62208,卖盘,002185,2025-10-17 22:45:31
10:14:42,12.96,0.0,72,93312,卖盘,002185,2025-10-17 22:45:31
10:14:45,12.96,0.0,24,31104,卖盘,002185,2025-10-17 22:45:31
10:14:48,12.96,0.0,134,173664,卖盘,002185,2025-10-17 22:45:31
10:14:51,12.96,0.0,32,41472,卖盘,002185,2025-10-17 22:45:31
10:14:54,12.96,0.0,66,85536,卖盘,002185,2025-10-17 22:45:31
10:14:57,12.96,0.0,179,231984,卖盘,002185,2025-10-17 22:45:31
10:15:00,12.96,0.0,160,207360,卖盘,002185,2025-10-17 22:45:31
10:15:03,12.96,0.0,131,169776,卖盘,002185,2025-10-17 22:45:31
10:15:06,12.96,0.0,38,49248,卖盘,002185,2025-10-17 22:45:31
10:15:09,12.96,0.0,57,73872,卖盘,002185,2025-10-17 22:45:31
10:15:12,12.96,0.0,436,565056,卖盘,002185,2025-10-17 22:45:31
10:15:15,12.96,0.0,40,51840,卖盘,002185,2025-10-17 22:45:31
10:15:18,12.96,0.0,64,82944,卖盘,002185,2025-10-17 22:45:31
10:15:21,12.96,0.0,15,19440,卖盘,002185,2025-10-17 22:45:31
10:15:24,12.96,0.0,75,97200,卖盘,002185,2025-10-17 22:45:31
10:15:27,12.96,0.0,164,212544,卖盘,002185,2025-10-17 22:45:31
10:15:30,12.96,0.0,55,71280,卖盘,002185,2025-10-17 22:45:31
10:15:33,12.96,0.0,32,41472,卖盘,002185,2025-10-17 22:45:31
10:15:36,12.96,0.0,25,32400,卖盘,002185,2025-10-17 22:45:31
10:15:39,12.96,0.0,1,1296,卖盘,002185,2025-10-17 22:45:31
10:15:42,12.96,0.0,13,16848,卖盘,002185,2025-10-17 22:45:31
10:15:45,12.96,0.0,104,134784,卖盘,002185,2025-10-17 22:45:31
10:15:48,12.96,0.0,49,63504,卖盘,002185,2025-10-17 22:45:31
10:15:51,12.96,0.0,45,58320,卖盘,002185,2025-10-17 22:45:31
10:15:54,12.96,0.0,35,45360,卖盘,002185,2025-10-17 22:45:31
10:15:57,12.96,0.0,89,115344,卖盘,002185,2025-10-17 22:45:31
10:16:00,12.96,0.0,66,85536,卖盘,002185,2025-10-17 22:45:31
10:16:03,12.96,0.0,200,259200,卖盘,002185,2025-10-17 22:45:31
10:16:06,12.96,0.0,10,12960,卖盘,002185,2025-10-17 22:45:31
10:16:09,12.96,0.0,106,137376,卖盘,002185,2025-10-17 22:45:31
10:16:12,12.96,0.0,75,97200,卖盘,002185,2025-10-17 22:45:31
10:16:15,12.96,0.0,113,146448,卖盘,002185,2025-10-17 22:45:31
10:16:18,12.96,0.0,167,216432,卖盘,002185,2025-10-17 22:45:31
10:16:21,12.96,0.0,22,28512,卖盘,002185,2025-10-17 22:45:31
10:16:24,12.96,0.0,21,27216,卖盘,002185,2025-10-17 22:45:31
10:16:27,12.96,0.0,23,29808,卖盘,002185,2025-10-17 22:45:31
10:16:30,12.96,0.0,58,75168,卖盘,002185,2025-10-17 22:45:31
10:16:33,12.96,0.0,111,143856,卖盘,002185,2025-10-17 22:45:31
10:16:36,12.96,0.0,93,120528,卖盘,002185,2025-10-17 22:45:31
10:16:39,12.96,0.0,57,73872,卖盘,002185,2025-10-17 22:45:31
10:16:42,12.96,0.0,69,89424,卖盘,002185,2025-10-17 22:45:31
10:16:45,12.96,0.0,314,406452,卖盘,002185,2025-10-17 22:45:31
10:16:48,12.96,0.0,66,85536,卖盘,002185,2025-10-17 22:45:31
10:16:51,12.96,0.0,179,231984,卖盘,002185,2025-10-17 22:45:31
10:16:54,12.96,0.0,107,138672,卖盘,002185,2025-10-17 22:45:31
10:16:57,12.96,0.0,34,44064,卖盘,002185,2025-10-17 22:45:31
10:17:00,12.96,0.0,72,93312,卖盘,002185,2025-10-17 22:45:31
10:17:03,12.96,0.0,88,114048,卖盘,002185,2025-10-17 22:45:31
10:17:06,12.96,0.0,174,225504,卖盘,002185,2025-10-17 22:45:31
10:17:09,12.96,0.0,98,127008,卖盘,002185,2025-10-17 22:45:31
10:17:12,12.96,0.0,42,54432,卖盘,002185,2025-10-17 22:45:31
10:17:15,12.96,0.0,40,51840,卖盘,002185,2025-10-17 22:45:31
10:17:18,12.96,0.0,40,51840,卖盘,002185,2025-10-17 22:45:31
10:17:21,12.96,0.0,129,167184,卖盘,002185,2025-10-17 22:45:31
10:17:24,12.96,0.0,43,55728,卖盘,002185,2025-10-17 22:45:31
10:17:27,12.96,0.0,44,57024,卖盘,002185,2025-10-17 22:45:31
10:17:30,12.96,0.0,33,42768,卖盘,002185,2025-10-17 22:45:31
10:17:33,12.96,0.0,40,51840,卖盘,002185,2025-10-17 22:45:31
10:17:36,12.96,0.0,45,58320,卖盘,002185,2025-10-17 22:45:31
10:17:39,12.96,0.0,21,27216,卖盘,002185,2025-10-17 22:45:31
10:17:42,12.96,0.0,37,47952,卖盘,002185,2025-10-17 22:45:31
10:17:45,12.96,0.0,2,2592,卖盘,002185,2025-10-17 22:45:31
10:17:48,12.96,0.0,33,42768,卖盘,002185,2025-10-17 22:45:31
10:17:51,12.96,0.0,517,670032,卖盘,002185,2025-10-17 22:45:31
10:17:54,12.96,0.0,14,18144,卖盘,002185,2025-10-17 22:45:31
10:17:57,12.96,0.0,73,94608,卖盘,002185,2025-10-17 22:45:31
10:18:00,12.96,0.0,73,94608,卖盘,002185,2025-10-17 22:45:31
10:18:03,12.96,0.0,15,19440,卖盘,002185,2025-10-17 22:45:31
10:18:06,12.96,0.0,140,181440,卖盘,002185,2025-10-17 22:45:31
10:18:09,12.96,0.0,83,107568,卖盘,002185,2025-10-17 22:45:31
10:18:12,12.96,0.0,2,2592,卖盘,002185,2025-10-17 22:45:31
10:18:15,12.96,0.0,33,42768,卖盘,002185,2025-10-17 22:45:31
10:18:18,12.96,0.0,156,202176,卖盘,002185,2025-10-17 22:45:31
10:18:21,12.96,0.0,45,58320,卖盘,002185,2025-10-17 22:45:31
10:18:24,12.96,0.0,81,104976,卖盘,002185,2025-10-17 22:45:31
10:18:27,12.96,0.0,114,147744,卖盘,002185,2025-10-17 22:45:31
10:18:30,12.96,0.0,45,58320,卖盘,002185,2025-10-17 22:45:31
10:18:33,12.96,0.0,32,41472,卖盘,002185,2025-10-17 22:45:31
10:18:36,12.96,0.0,7,9072,卖盘,002185,2025-10-17 22:45:31
10:18:39,12.96,0.0,80,103680,卖盘,002185,2025-10-17 22:45:31
10:18:42,12.96,0.0,65,84240,卖盘,002185,2025-10-17 22:45:31
10:18:45,12.96,0.0,99,128304,卖盘,002185,2025-10-17 22:45:31
10:18:48,12.96,0.0,17,22032,卖盘,002185,2025-10-17 22:45:31
10:18:51,12.96,0.0,65,84240,卖盘,002185,2025-10-17 22:45:31
10:18:54,12.96,0.0,168,217728,卖盘,002185,2025-10-17 22:45:31
10:18:57,12.96,0.0,48,62208,卖盘,002185,2025-10-17 22:45:31
10:19:00,12.96,0.0,46,59616,卖盘,002185,2025-10-17 22:45:31
10:19:03,12.96,0.0,25,32400,卖盘,002185,2025-10-17 22:45:31
10:19:06,12.96,0.0,57,73872,卖盘,002185,2025-10-17 22:45:31
10:19:09,12.96,0.0,8,10368,卖盘,002185,2025-10-17 22:45:31
10:19:12,12.96,0.0,135,174960,卖盘,002185,2025-10-17 22:45:31
10:19:15,12.96,0.0,25,32400,卖盘,002185,2025-10-17 22:45:31
10:19:18,12.96,0.0,71,92016,卖盘,002185,2025-10-17 22:45:31
10:19:21,12.96,0.0,321,416016,卖盘,002185,2025-10-17 22:45:31
10:19:24,12.96,0.0,65,84240,卖盘,002185,2025-10-17 22:45:31
10:19:27,12.96,0.0,24,31104,卖盘,002185,2025-10-17 22:45:31
10:19:30,12.96,0.0,12,15552,卖盘,002185,2025-10-17 22:45:31
10:19:33,12.96,0.0,2,2592,卖盘,002185,2025-10-17 22:45:31
10:19:36,12.96,0.0,94,121824,卖盘,002185,2025-10-17 22:45:31
10:19:39,12.96,0.0,30,38880,卖盘,002185,2025-10-17 22:45:31
10:19:42,12.96,0.0,39,50544,卖盘,002185,2025-10-17 22:45:31
10:19:45,12.96,0.0,44,57024,卖盘,002185,2025-10-17 22:45:31
10:19:48,12.96,0.0,64,82944,卖盘,002185,2025-10-17 22:45:31
10:19:51,12.96,0.0,93,120528,卖盘,002185,2025-10-17 22:45:31
10:19:54,12.96,0.0,68,88128,卖盘,002185,2025-10-17 22:45:31
10:19:57,12.96,0.0,17,22032,卖盘,002185,2025-10-17 22:45:31
10:20:00,12.96,0.0,22,28512,卖盘,002185,2025-10-17 22:45:31
10:20:03,12.96,0.0,11,14256,卖盘,002185,2025-10-17 22:45:31
10:20:06,12.96,0.0,44,57024,卖盘,002185,2025-10-17 22:45:31
10:20:09,12.96,0.0,12,15552,卖盘,002185,2025-10-17 22:45:31
10:20:12,12.96,0.0,30,38880,卖盘,002185,2025-10-17 22:45:31
10:20:15,12.96,0.0,11,14256,卖盘,002185,2025-10-17 22:45:31
10:20:18,12.96,0.0,114,147744,卖盘,002185,2025-10-17 22:45:31
10:20:21,12.96,0.0,46,59616,卖盘,002185,2025-10-17 22:45:31
10:20:24,12.96,0.0,269,348624,卖盘,002185,2025-10-17 22:45:31
10:20:27,12.96,0.0,4,5184,卖盘,002185,2025-10-17 22:45:31
10:20:30,12.96,0.0,35,45360,卖盘,002185,2025-10-17 22:45:31
10:20:33,12.96,0.0,64,82944,卖盘,002185,2025-10-17 22:45:31
10:20:36,12.96,0.0,76,98496,卖盘,002185,2025-10-17 22:45:31
10:20:39,12.96,0.0,629,814795,卖盘,002185,2025-10-17 22:45:31
10:20:45,12.96,0.0,95,123120,卖盘,002185,2025-10-17 22:45:31
10:20:48,12.96,0.0,422,546912,卖盘,002185,2025-10-17 22:45:31
10:20:51,12.96,0.0,198,256608,卖盘,002185,2025-10-17 22:45:31
10:20:54,12.96,0.0,3,3888,卖盘,002185,2025-10-17 22:45:31
10:20:57,12.96,0.0,51,66096,卖盘,002185,2025-10-17 22:45:31
10:21:00,12.96,0.0,453,587088,卖盘,002185,2025-10-17 22:45:31
10:21:03,12.96,0.0,14,18144,卖盘,002185,2025-10-17 22:45:31
10:21:06,12.96,0.0,152,196992,卖盘,002185,2025-10-17 22:45:31
10:21:09,12.96,0.0,19,24624,卖盘,002185,2025-10-17 22:45:31
10:21:12,12.96,0.0,12,15552,卖盘,002185,2025-10-17 22:45:31
10:21:15,12.96,0.0,123,159408,卖盘,002185,2025-10-17 22:45:31
10:21:18,12.96,0.0,57,73872,卖盘,002185,2025-10-17 22:45:31
10:21:21,12.96,0.0,48,62208,卖盘,002185,2025-10-17 22:45:31
10:21:24,12.96,0.0,53,68688,卖盘,002185,2025-10-17 22:45:31
10:21:27,12.96,0.0,116,150336,卖盘,002185,2025-10-17 22:45:31
10:21:30,12.96,0.0,51,66096,卖盘,002185,2025-10-17 22:45:31
10:21:33,12.96,0.0,13,16848,卖盘,002185,2025-10-17 22:45:31
10:21:36,12.96,0.0,32,41472,卖盘,002185,2025-10-17 22:45:31
10:21:39,12.96,0.0,236,305856,卖盘,002185,2025-10-17 22:45:31
10:21:42,12.96,0.0,11,14256,卖盘,002185,2025-10-17 22:45:31
10:21:45,12.96,0.0,117,151632,卖盘,002185,2025-10-17 22:45:31
10:21:48,12.96,0.0,85,110160,卖盘,002185,2025-10-17 22:45:31
10:21:51,12.96,0.0,112,145152,卖盘,002185,2025-10-17 22:45:31
10:21:54,12.96,0.0,60,77760,卖盘,002185,2025-10-17 22:45:31
10:21:57,12.96,0.0,241,312336,卖盘,002185,2025-10-17 22:45:31
10:22:00,12.96,0.0,117,151632,卖盘,002185,2025-10-17 22:45:31
10:22:03,12.96,0.0,121,156816,卖盘,002185,2025-10-17 22:45:31
10:22:06,12.96,0.0,140,181440,卖盘,002185,2025-10-17 22:45:31
10:22:09,12.96,0.0,120,155520,卖盘,002185,2025-10-17 22:45:31
10:22:12,12.96,0.0,15,19440,卖盘,002185,2025-10-17 22:45:31
10:22:15,12.96,0.0,117,151632,卖盘,002185,2025-10-17 22:45:31
10:22:18,12.96,0.0,13,16848,卖盘,002185,2025-10-17 22:45:31
10:22:21,12.96,0.0,55,71280,卖盘,002185,2025-10-17 22:45:31
10:22:24,12.96,0.0,162,209952,卖盘,002185,2025-10-17 22:45:31
10:22:27,12.96,0.0,99,128304,卖盘,002185,2025-10-17 22:45:31
10:22:30,12.96,0.0,188,243648,卖盘,002185,2025-10-17 22:45:31
10:22:33,12.96,0.0,107,138672,卖盘,002185,2025-10-17 22:45:31
10:22:36,12.96,0.0,114,147744,卖盘,002185,2025-10-17 22:45:31
10:22:39,12.96,0.0,172,222912,卖盘,002185,2025-10-17 22:45:31
10:22:42,12.96,0.0,16,20736,卖盘,002185,2025-10-17 22:45:31
10:22:45,12.96,0.0,92,119232,卖盘,002185,2025-10-17 22:45:31
10:22:48,12.96,0.0,23,29808,卖盘,002185,2025-10-17 22:45:31
10:22:51,12.96,0.0,64,82944,卖盘,002185,2025-10-17 22:45:31
10:22:54,12.96,0.0,107,138672,卖盘,002185,2025-10-17 22:45:31
10:22:57,12.96,0.0,21,27216,卖盘,002185,2025-10-17 22:45:31
10:23:00,12.96,0.0,47,60912,卖盘,002185,2025-10-17 22:45:31
10:23:03,12.96,0.0,38,49248,卖盘,002185,2025-10-17 22:45:31
10:23:06,12.96,0.0,1,1296,卖盘,002185,2025-10-17 22:45:31
10:23:09,12.96,0.0,51,66096,卖盘,002185,2025-10-17 22:45:31
10:23:12,12.96,0.0,213,276048,卖盘,002185,2025-10-17 22:45:31
10:23:15,12.96,0.0,43,55728,卖盘,002185,2025-10-17 22:45:31
10:23:18,12.96,0.0,43,55728,卖盘,002185,2025-10-17 22:45:31
10:23:21,12.96,0.0,30,38880,卖盘,002185,2025-10-17 22:45:31
10:23:24,12.96,0.0,184,238464,卖盘,002185,2025-10-17 22:45:31
10:23:27,12.96,0.0,275,356400,卖盘,002185,2025-10-17 22:45:31
10:23:30,12.96,0.0,119,154224,卖盘,002185,2025-10-17 22:45:31
10:23:33,12.96,0.0,111,143856,卖盘,002185,2025-10-17 22:45:31
10:23:36,12.96,0.0,49,63504,卖盘,002185,2025-10-17 22:45:31
10:23:39,12.96,0.0,114,147744,卖盘,002185,2025-10-17 22:45:31
10:23:42,12.96,0.0,82,106272,卖盘,002185,2025-10-17 22:45:31
10:23:45,12.96,0.0,103,133488,卖盘,002185,2025-10-17 22:45:31
10:23:48,12.96,0.0,105,136080,卖盘,002185,2025-10-17 22:45:31
10:23:51,12.96,0.0,43,55728,卖盘,002185,2025-10-17 22:45:31
10:23:54,12.96,0.0,17,22032,卖盘,002185,2025-10-17 22:45:31
10:23:57,12.96,0.0,66,85536,卖盘,002185,2025-10-17 22:45:31
10:24:00,12.96,0.0,34,44064,卖盘,002185,2025-10-17 22:45:31
10:24:03,12.96,0.0,27,34992,卖盘,002185,2025-10-17 22:45:31
10:24:06,12.96,0.0,14,18144,卖盘,002185,2025-10-17 22:45:31
10:24:09,12.96,0.0,43,55728,卖盘,002185,2025-10-17 22:45:31
10:24:12,12.96,0.0,66,85536,卖盘,002185,2025-10-17 22:45:31
10:24:15,12.96,0.0,2,2592,卖盘,002185,2025-10-17 22:45:31
10:24:18,12.96,0.0,305,395280,卖盘,002185,2025-10-17 22:45:31
10:24:21,12.96,0.0,16,20736,卖盘,002185,2025-10-17 22:45:31
10:24:24,12.96,0.0,37,47952,卖盘,002185,2025-10-17 22:45:31
10:24:27,12.96,0.0,136,176256,卖盘,002185,2025-10-17 22:45:31
10:24:30,12.96,0.0,38,49248,卖盘,002185,2025-10-17 22:45:31
10:24:33,12.96,0.0,10,12960,卖盘,002185,2025-10-17 22:45:31
10:24:36,12.96,0.0,39,50544,卖盘,002185,2025-10-17 22:45:31
10:24:39,12.96,0.0,99,128304,卖盘,002185,2025-10-17 22:45:31
10:24:42,12.96,0.0,190,246240,卖盘,002185,2025-10-17 22:45:31
10:24:45,12.96,0.0,169,219024,卖盘,002185,2025-10-17 22:45:31
10:24:48,12.96,0.0,49,63504,卖盘,002185,2025-10-17 22:45:31
10:24:51,12.96,0.0,121,156816,卖盘,002185,2025-10-17 22:45:31
10:24:54,12.96,0.0,45,58320,卖盘,002185,2025-10-17 22:45:31
10:24:57,12.96,0.0,27,34992,卖盘,002185,2025-10-17 22:45:31
10:25:00,12.96,0.0,26,33696,卖盘,002185,2025-10-17 22:45:31
10:25:03,12.96,0.0,74,95904,卖盘,002185,2025-10-17 22:45:31
10:25:06,12.96,0.0,73,94608,卖盘,002185,2025-10-17 22:45:31
10:25:09,12.96,0.0,24,31104,卖盘,002185,2025-10-17 22:45:31
10:25:12,12.96,0.0,88,114048,卖盘,002185,2025-10-17 22:45:31
10:25:15,12.96,0.0,68,88128,卖盘,002185,2025-10-17 22:45:31
10:25:18,12.96,0.0,1,1296,卖盘,002185,2025-10-17 22:45:31
10:25:21,12.96,0.0,26,33696,卖盘,002185,2025-10-17 22:45:31
10:25:24,12.96,0.0,41,53136,卖盘,002185,2025-10-17 22:45:31
10:25:27,12.96,0.0,18,23328,卖盘,002185,2025-10-17 22:45:31
10:25:30,12.96,0.0,13,16848,卖盘,002185,2025-10-17 22:45:31
10:25:33,12.96,0.0,1,1296,卖盘,002185,2025-10-17 22:45:31
10:25:36,12.96,0.0,41,53136,卖盘,002185,2025-10-17 22:45:31
10:25:39,12.96,0.0,149,193104,卖盘,002185,2025-10-17 22:45:31
10:25:42,12.96,0.0,34,44064,卖盘,002185,2025-10-17 22:45:31
10:25:45,12.96,0.0,111,143856,卖盘,002185,2025-10-17 22:45:31
10:25:48,12.96,0.0,82,106272,卖盘,002185,2025-10-17 22:45:31
10:25:51,12.96,0.0,81,104976,卖盘,002185,2025-10-17 22:45:31
10:25:54,12.96,0.0,29,37584,卖盘,002185,2025-10-17 22:45:31
10:25:57,12.96,0.0,134,173664,卖盘,002185,2025-10-17 22:45:31
10:26:00,12.96,0.0,25,32400,卖盘,002185,2025-10-17 22:45:31
10:26:03,12.96,0.0,123,159408,卖盘,002185,2025-10-17 22:45:31
10:26:06,12.96,0.0,266,344736,卖盘,002185,2025-10-17 22:45:31
10:26:09,12.96,0.0,30,38880,卖盘,002185,2025-10-17 22:45:31
10:26:12,12.96,0.0,37,47952,卖盘,002185,2025-10-17 22:45:31
10:26:15,12.96,0.0,19,24624,卖盘,002185,2025-10-17 22:45:31
10:26:18,12.96,0.0,362,469152,卖盘,002185,2025-10-17 22:45:31
10:26:21,12.96,0.0,19,24624,卖盘,002185,2025-10-17 22:45:31
10:26:24,12.96,0.0,60,77760,卖盘,002185,2025-10-17 22:45:31
10:26:27,12.96,0.0,11,14256,卖盘,002185,2025-10-17 22:45:31
10:26:30,12.96,0.0,21,27216,卖盘,002185,2025-10-17 22:45:31
10:26:33,12.96,0.0,111,143856,卖盘,002185,2025-10-17 22:45:31
10:26:36,12.96,0.0,1,1296,卖盘,002185,2025-10-17 22:45:31
10:26:39,12.96,0.0,41,53136,卖盘,002185,2025-10-17 22:45:31
10:26:42,12.96,0.0,80,103291,卖盘,002185,2025-10-17 22:45:31
10:26:45,12.96,0.0,193,250128,卖盘,002185,2025-10-17 22:45:31
10:26:48,12.96,0.0,48,62208,卖盘,002185,2025-10-17 22:45:31
10:26:51,12.96,0.0,4,5184,卖盘,002185,2025-10-17 22:45:31
10:26:54,12.96,0.0,34,44064,卖盘,002185,2025-10-17 22:45:31
10:26:57,12.96,0.0,28,36288,卖盘,002185,2025-10-17 22:45:31
10:27:00,12.96,0.0,15,19440,卖盘,002185,2025-10-17 22:45:31
10:27:03,12.96,0.0,20,25920,卖盘,002185,2025-10-17 22:45:31
10:27:06,12.96,0.0,12,15552,卖盘,002185,2025-10-17 22:45:31
10:27:09,12.96,0.0,132,171072,卖盘,002185,2025-10-17 22:45:31
10:27:12,12.96,0.0,8,10368,卖盘,002185,2025-10-17 22:45:31
10:27:15,12.96,0.0,28,36288,卖盘,002185,2025-10-17 22:45:31
10:27:18,12.96,0.0,32,41472,卖盘,002185,2025-10-17 22:45:31
10:27:21,12.96,0.0,38,49248,卖盘,002185,2025-10-17 22:45:31
10:27:24,12.96,0.0,22,28512,卖盘,002185,2025-10-17 22:45:31
10:27:27,12.96,0.0,32,41472,卖盘,002185,2025-10-17 22:45:31
10:27:30,12.96,0.0,13,16848,卖盘,002185,2025-10-17 22:45:31
10:27:33,12.96,0.0,117,151632,卖盘,002185,2025-10-17 22:45:31
10:27:36,12.96,0.0,24,31104,卖盘,002185,2025-10-17 22:45:31
10:27:39,12.96,0.0,4,5184,卖盘,002185,2025-10-17 22:45:31
10:27:42,12.96,0.0,15,19440,卖盘,002185,2025-10-17 22:45:31
10:27:45,12.96,0.0,17,22032,卖盘,002185,2025-10-17 22:45:31
10:27:48,12.96,0.0,28,36288,卖盘,002185,2025-10-17 22:45:31
10:27:51,12.96,0.0,166,215136,卖盘,002185,2025-10-17 22:45:31
10:27:54,12.96,0.0,71,92016,卖盘,002185,2025-10-17 22:45:31
10:27:57,12.96,0.0,693,898128,卖盘,002185,2025-10-17 22:45:31
10:28:00,12.96,0.0,41,53136,卖盘,002185,2025-10-17 22:45:31
10:28:03,12.96,0.0,90,116640,卖盘,002185,2025-10-17 22:45:31
10:28:06,12.96,0.0,12,15552,卖盘,002185,2025-10-17 22:45:31
10:28:09,12.96,0.0,6,7776,卖盘,002185,2025-10-17 22:45:31
10:28:12,12.96,0.0,24,31104,卖盘,002185,2025-10-17 22:45:31
10:28:15,12.96,0.0,17,22032,卖盘,002185,2025-10-17 22:45:31
10:28:18,12.96,0.0,10,12960,卖盘,002185,2025-10-17 22:45:31
10:28:21,12.96,0.0,141,182736,卖盘,002185,2025-10-17 22:45:31
10:28:24,12.96,0.0,13,16848,卖盘,002185,2025-10-17 22:45:31
10:28:27,12.96,0.0,159,206064,卖盘,002185,2025-10-17 22:45:31
10:28:30,12.96,0.0,10,12960,卖盘,002185,2025-10-17 22:45:31
10:28:33,12.96,0.0,40,51840,卖盘,002185,2025-10-17 22:45:31
10:28:36,12.96,0.0,95,123120,卖盘,002185,2025-10-17 22:45:31
10:28:39,12.96,0.0,50,64800,卖盘,002185,2025-10-17 22:45:31
10:28:42,12.96,0.0,26,33696,卖盘,002185,2025-10-17 22:45:31
10:28:45,12.96,0.0,5,6480,卖盘,002185,2025-10-17 22:45:31
10:28:48,12.96,0.0,7,9072,卖盘,002185,2025-10-17 22:45:31
10:28:51,12.96,0.0,104,134784,卖盘,002185,2025-10-17 22:45:31
10:28:54,12.96,0.0,93,120528,卖盘,002185,2025-10-17 22:45:31
10:28:57,12.96,0.0,32,41472,卖盘,002185,2025-10-17 22:45:31
10:29:00,12.96,0.0,18,23328,卖盘,002185,2025-10-17 22:45:31
10:29:03,12.96,0.0,45,58320,卖盘,002185,2025-10-17 22:45:31
10:29:06,12.96,0.0,38,49248,卖盘,002185,2025-10-17 22:45:31
10:29:09,12.96,0.0,210,272160,卖盘,002185,2025-10-17 22:45:31
10:29:12,12.96,0.0,21,27216,卖盘,002185,2025-10-17 22:45:31
10:29:15,12.96,0.0,19,24624,卖盘,002185,2025-10-17 22:45:31
10:29:18,12.96,0.0,32,41472,卖盘,002185,2025-10-17 22:45:31
10:29:21,12.96,0.0,92,119232,卖盘,002185,2025-10-17 22:45:31
10:29:24,12.96,0.0,34,44064,卖盘,002185,2025-10-17 22:45:31
10:29:27,12.96,0.0,9,11664,卖盘,002185,2025-10-17 22:45:31
10:29:30,12.96,0.0,33,42768,卖盘,002185,2025-10-17 22:45:31
10:29:33,12.96,0.0,121,156816,卖盘,002185,2025-10-17 22:45:31
10:29:36,12.96,0.0,123,159408,卖盘,002185,2025-10-17 22:45:31
10:29:39,12.96,0.0,11,14256,卖盘,002185,2025-10-17 22:45:31
10:29:42,12.96,0.0,8,10368,卖盘,002185,2025-10-17 22:45:31
10:29:45,12.96,0.0,11,14256,卖盘,002185,2025-10-17 22:45:31
10:29:48,12.96,0.0,61,79056,卖盘,002185,2025-10-17 22:45:31
10:29:51,12.96,0.0,30,38880,卖盘,002185,2025-10-17 22:45:31
10:29:57,12.96,0.0,13,16848,卖盘,002185,2025-10-17 22:45:31
10:30:00,12.96,0.0,8,10368,卖盘,002185,2025-10-17 22:45:31
10:30:03,12.96,0.0,1,1296,卖盘,002185,2025-10-17 22:45:31
10:30:06,12.96,0.0,40,51840,卖盘,002185,2025-10-17 22:45:31
10:30:09,12.96,0.0,17,22032,卖盘,002185,2025-10-17 22:45:31
10:30:12,12.96,0.0,9,11664,卖盘,002185,2025-10-17 22:45:31
10:30:15,12.96,0.0,43,55728,卖盘,002185,2025-10-17 22:45:31
10:30:18,12.96,0.0,174,225504,卖盘,002185,2025-10-17 22:45:31
10:30:21,12.96,0.0,94,121824,卖盘,002185,2025-10-17 22:45:31
10:30:27,12.96,0.0,109,141264,卖盘,002185,2025-10-17 22:45:31
10:30:30,12.96,0.0,254,329184,卖盘,002185,2025-10-17 22:45:31
10:30:33,12.96,0.0,9,11664,卖盘,002185,2025-10-17 22:45:31
10:30:36,12.96,0.0,8,10368,卖盘,002185,2025-10-17 22:45:31
10:30:39,12.96,0.0,182,235872,卖盘,002185,2025-10-17 22:45:31
10:30:42,12.96,0.0,29,37584,卖盘,002185,2025-10-17 22:45:31
10:30:45,12.96,0.0,123,159408,卖盘,002185,2025-10-17 22:45:31
10:30:48,12.96,0.0,102,132192,卖盘,002185,2025-10-17 22:45:31
10:30:51,12.96,0.0,5,6480,卖盘,002185,2025-10-17 22:45:31
10:30:54,12.96,0.0,64,82944,卖盘,002185,2025-10-17 22:45:31
10:30:57,12.96,0.0,14,18144,卖盘,002185,2025-10-17 22:45:31
10:31:00,12.96,0.0,30,38880,卖盘,002185,2025-10-17 22:45:31
10:31:03,12.96,0.0,7,8670,卖盘,002185,2025-10-17 22:45:31
10:31:06,12.96,0.0,6,7776,卖盘,002185,2025-10-17 22:45:31
10:31:09,12.96,0.0,14,18144,卖盘,002185,2025-10-17 22:45:31
10:31:12,12.96,0.0,124,160704,卖盘,002185,2025-10-17 22:45:31
10:31:15,12.96,0.0,747,968112,卖盘,002185,2025-10-17 22:45:31
10:31:18,12.96,0.0,14,18144,卖盘,002185,2025-10-17 22:45:31
10:31:21,12.96,0.0,8,10368,卖盘,002185,2025-10-17 22:45:31
10:31:24,12.96,0.0,11,14256,卖盘,002185,2025-10-17 22:45:31
10:31:27,12.96,0.0,21,27216,卖盘,002185,2025-10-17 22:45:31
10:31:30,12.96,0.0,5,6480,卖盘,002185,2025-10-17 22:45:31
10:31:33,12.96,0.0,101,130896,卖盘,002185,2025-10-17 22:45:31
10:31:36,12.96,0.0,40,51840,卖盘,002185,2025-10-17 22:45:31
10:31:39,12.96,0.0,28,36288,卖盘,002185,2025-10-17 22:45:31
10:31:42,12.96,0.0,85,110160,卖盘,002185,2025-10-17 22:45:31
10:31:45,12.96,0.0,4,5184,卖盘,002185,2025-10-17 22:45:31
10:31:48,12.96,0.0,80,103680,卖盘,002185,2025-10-17 22:45:31
10:31:51,12.96,0.0,10,12960,卖盘,002185,2025-10-17 22:45:31
10:31:54,12.96,0.0,57,73872,卖盘,002185,2025-10-17 22:45:31
10:31:57,12.96,0.0,90,116640,卖盘,002185,2025-10-17 22:45:31
10:32:00,12.96,0.0,31,40176,卖盘,002185,2025-10-17 22:45:31
10:32:03,12.96,0.0,20,25920,卖盘,002185,2025-10-17 22:45:31
10:32:06,12.96,0.0,72,93312,卖盘,002185,2025-10-17 22:45:31
10:32:09,12.96,0.0,57,73872,卖盘,002185,2025-10-17 22:45:31
10:32:12,12.96,0.0,75,97200,卖盘,002185,2025-10-17 22:45:31
10:32:15,12.96,0.0,33,42768,卖盘,002185,2025-10-17 22:45:31
10:32:18,12.96,0.0,10,12960,卖盘,002185,2025-10-17 22:45:31
10:32:21,12.96,0.0,3,3888,卖盘,002185,2025-10-17 22:45:31
10:32:24,12.96,0.0,60,77760,卖盘,002185,2025-10-17 22:45:31
10:32:27,12.96,0.0,64,82944,卖盘,002185,2025-10-17 22:45:31
10:32:30,12.96,0.0,8,10368,卖盘,002185,2025-10-17 22:45:31
10:32:33,12.96,0.0,452,585792,卖盘,002185,2025-10-17 22:45:31
10:32:36,12.96,0.0,5,6480,卖盘,002185,2025-10-17 22:45:31
10:32:39,12.96,0.0,10,12960,卖盘,002185,2025-10-17 22:45:31
10:32:42,12.96,0.0,40,51840,卖盘,002185,2025-10-17 22:45:31
10:32:45,12.96,0.0,1,1296,卖盘,002185,2025-10-17 22:45:31
10:32:48,12.96,0.0,10,12960,卖盘,002185,2025-10-17 22:45:31
10:32:51,12.96,0.0,23,29808,卖盘,002185,2025-10-17 22:45:31
10:32:54,12.96,0.0,25,32400,卖盘,002185,2025-10-17 22:45:31
10:32:57,12.96,0.0,26,33696,卖盘,002185,2025-10-17 22:45:31
10:33:00,12.96,0.0,22,28512,卖盘,002185,2025-10-17 22:45:31
10:33:03,12.96,0.0,43,55728,卖盘,002185,2025-10-17 22:45:31
10:33:06,12.96,0.0,72,93312,卖盘,002185,2025-10-17 22:45:31
10:33:09,12.96,0.0,40,51840,卖盘,002185,2025-10-17 22:45:31
10:33:12,12.96,0.0,55,71280,卖盘,002185,2025-10-17 22:45:31
10:33:15,12.96,0.0,97,125712,卖盘,002185,2025-10-17 22:45:31
10:33:18,12.96,0.0,1,1296,卖盘,002185,2025-10-17 22:45:31
10:33:21,12.96,0.0,32,41472,卖盘,002185,2025-10-17 22:45:31
10:33:24,12.96,0.0,145,188140,卖盘,002185,2025-10-17 22:45:31
10:33:27,12.96,0.0,47,60912,卖盘,002185,2025-10-17 22:45:31
10:33:33,12.96,0.0,17,22032,卖盘,002185,2025-10-17 22:45:31
10:33:36,12.96,0.0,63,81648,卖盘,002185,2025-10-17 22:45:31
10:33:39,12.96,0.0,9,11664,卖盘,002185,2025-10-17 22:45:31
10:33:42,12.96,0.0,44,57024,卖盘,002185,2025-10-17 22:45:31
10:33:45,12.96,0.0,45,58320,卖盘,002185,2025-10-17 22:45:31
10:33:48,12.96,0.0,1,1296,卖盘,002185,2025-10-17 22:45:31
10:33:51,12.96,0.0,28,36288,卖盘,002185,2025-10-17 22:45:31
10:33:54,12.96,0.0,30,38880,卖盘,002185,2025-10-17 22:45:31
10:33:57,12.96,0.0,59,76464,卖盘,002185,2025-10-17 22:45:31
10:34:00,12.96,0.0,20,25920,卖盘,002185,2025-10-17 22:45:31
10:34:03,12.96,0.0,30,38880,卖盘,002185,2025-10-17 22:45:31
10:34:06,12.96,0.0,89,115344,卖盘,002185,2025-10-17 22:45:31
10:34:09,12.96,0.0,41,53136,卖盘,002185,2025-10-17 22:45:31
10:34:12,12.96,0.0,130,168480,卖盘,002185,2025-10-17 22:45:31
10:34:15,12.96,0.0,12,15552,卖盘,002185,2025-10-17 22:45:31
10:34:18,12.96,0.0,63,81648,卖盘,002185,2025-10-17 22:45:31
10:34:21,12.96,0.0,23,29808,卖盘,002185,2025-10-17 22:45:31
10:34:24,12.96,0.0,14,18144,卖盘,002185,2025-10-17 22:45:31
10:34:27,12.96,0.0,91,117936,卖盘,002185,2025-10-17 22:45:31
10:34:30,12.96,0.0,13,16848,卖盘,002185,2025-10-17 22:45:31
10:34:33,12.96,0.0,27,34992,卖盘,002185,2025-10-17 22:45:31
10:34:36,12.96,0.0,213,276048,卖盘,002185,2025-10-17 22:45:31
10:34:39,12.96,0.0,27,34992,卖盘,002185,2025-10-17 22:45:31
10:34:42,12.96,0.0,61,79056,卖盘,002185,2025-10-17 22:45:31
10:34:45,12.96,0.0,33,42768,卖盘,002185,2025-10-17 22:45:31
10:34:48,12.96,0.0,20,25920,卖盘,002185,2025-10-17 22:45:31
10:34:51,12.96,0.0,27,34992,卖盘,002185,2025-10-17 22:45:31
10:34:54,12.96,0.0,7,9072,卖盘,002185,2025-10-17 22:45:31
10:34:57,12.96,0.0,30,38880,卖盘,002185,2025-10-17 22:45:31
10:35:00,12.96,0.0,12,15552,卖盘,002185,2025-10-17 22:45:31
10:35:03,12.96,0.0,25,32400,卖盘,002185,2025-10-17 22:45:31
10:35:06,12.96,0.0,10,12960,卖盘,002185,2025-10-17 22:45:31
10:35:09,12.96,0.0,7,9072,卖盘,002185,2025-10-17 22:45:31
10:35:12,12.96,0.0,14,18144,卖盘,002185,2025-10-17 22:45:31
10:35:15,12.96,0.0,59,76464,卖盘,002185,2025-10-17 22:45:31
10:35:18,12.96,0.0,11,14256,卖盘,002185,2025-10-17 22:45:31
10:35:21,12.96,0.0,11,14256,卖盘,002185,2025-10-17 22:45:31
10:35:24,12.96,0.0,22,28512,卖盘,002185,2025-10-17 22:45:31
10:35:27,12.96,0.0,18,23328,卖盘,002185,2025-10-17 22:45:31
10:35:30,12.96,0.0,145,187920,卖盘,002185,2025-10-17 22:45:31
10:35:33,12.96,0.0,15,19440,卖盘,002185,2025-10-17 22:45:31
10:35:36,12.96,0.0,25,32400,卖盘,002185,2025-10-17 22:45:31
10:35:39,12.96,0.0,64,82944,卖盘,002185,2025-10-17 22:45:31
10:35:42,12.96,0.0,11,14256,卖盘,002185,2025-10-17 22:45:31
10:35:45,12.96,0.0,21,27216,卖盘,002185,2025-10-17 22:45:31
10:35:48,12.96,0.0,37,47952,卖盘,002185,2025-10-17 22:45:31
10:35:51,12.96,0.0,1,1296,卖盘,002185,2025-10-17 22:45:31
10:35:54,12.96,0.0,8,10368,卖盘,002185,2025-10-17 22:45:31
10:35:57,12.96,0.0,10,12960,卖盘,002185,2025-10-17 22:45:31
10:36:00,12.96,0.0,200,259200,卖盘,002185,2025-10-17 22:45:31
10:36:03,12.96,0.0,2,2592,卖盘,002185,2025-10-17 22:45:31
10:36:06,12.96,0.0,15,19440,卖盘,002185,2025-10-17 22:45:31
10:36:09,12.96,0.0,95,123120,卖盘,002185,2025-10-17 22:45:31
10:36:12,12.96,0.0,7,9072,卖盘,002185,2025-10-17 22:45:31
10:36:15,12.96,0.0,20,25920,卖盘,002185,2025-10-17 22:45:31
10:36:18,12.96,0.0,35,45360,卖盘,002185,2025-10-17 22:45:31
10:36:21,12.96,0.0,1,1296,卖盘,002185,2025-10-17 22:45:31
10:36:24,12.96,0.0,23,29808,卖盘,002185,2025-10-17 22:45:31
10:36:30,12.96,0.0,50,64800,卖盘,002185,2025-10-17 22:45:31
10:36:33,12.96,0.0,5,6480,卖盘,002185,2025-10-17 22:45:31
10:36:36,12.96,0.0,168,217728,卖盘,002185,2025-10-17 22:45:31
10:36:39,12.96,0.0,22,28512,卖盘,002185,2025-10-17 22:45:31
10:36:48,12.96,0.0,16,20736,卖盘,002185,2025-10-17 22:45:31
10:36:51,12.96,0.0,10,12960,卖盘,002185,2025-10-17 22:45:31
10:36:54,12.96,0.0,90,116640,卖盘,002185,2025-10-17 22:45:31
10:36:57,12.96,0.0,15,19440,卖盘,002185,2025-10-17 22:45:31
10:37:00,12.96,0.0,6,7776,卖盘,002185,2025-10-17 22:45:31
10:37:06,12.96,0.0,58,75168,卖盘,002185,2025-10-17 22:45:31
10:37:09,12.96,0.0,110,142560,卖盘,002185,2025-10-17 22:45:31
10:37:12,12.96,0.0,75,97200,卖盘,002185,2025-10-17 22:45:31
10:37:15,12.96,0.0,10,12960,卖盘,002185,2025-10-17 22:45:31
10:37:18,12.96,0.0,122,158112,卖盘,002185,2025-10-17 22:45:31
10:37:21,12.96,0.0,7,9072,卖盘,002185,2025-10-17 22:45:31
10:37:24,12.96,0.0,530,686880,卖盘,002185,2025-10-17 22:45:31
10:37:30,12.96,0.0,10,12960,卖盘,002185,2025-10-17 22:45:31
10:37:33,12.96,0.0,21,27216,卖盘,002185,2025-10-17 22:45:31
10:37:36,12.96,0.0,28,36288,卖盘,002185,2025-10-17 22:45:31
10:37:39,12.96,0.0,132,171072,卖盘,002185,2025-10-17 22:45:31
10:37:42,12.96,0.0,124,160704,卖盘,002185,2025-10-17 22:45:31
10:37:45,12.96,0.0,160,207360,卖盘,002185,2025-10-17 22:45:31
10:37:48,12.96,0.0,34,44064,卖盘,002185,2025-10-17 22:45:31
10:37:51,12.96,0.0,15,19440,卖盘,002185,2025-10-17 22:45:31
10:37:54,12.96,0.0,38,49248,卖盘,002185,2025-10-17 22:45:31
10:37:57,12.96,0.0,26,33696,卖盘,002185,2025-10-17 22:45:31
10:38:00,12.96,0.0,16,20736,卖盘,002185,2025-10-17 22:45:31
10:38:03,12.96,0.0,4,5184,卖盘,002185,2025-10-17 22:45:31
10:38:06,12.96,0.0,17,22032,卖盘,002185,2025-10-17 22:45:31
10:38:09,12.96,0.0,37,47952,卖盘,002185,2025-10-17 22:45:31
10:38:12,12.96,0.0,62,80352,卖盘,002185,2025-10-17 22:45:31
10:38:15,12.96,0.0,13,16848,卖盘,002185,2025-10-17 22:45:31
10:38:18,12.96,0.0,12,15552,卖盘,002185,2025-10-17 22:45:31
10:38:21,12.96,0.0,22,28512,卖盘,002185,2025-10-17 22:45:31
10:38:27,12.96,0.0,562,728546,卖盘,002185,2025-10-17 22:45:31
10:38:30,12.96,0.0,12,15552,卖盘,002185,2025-10-17 22:45:31
10:38:33,12.96,0.0,19,24624,卖盘,002185,2025-10-17 22:45:31
10:38:36,12.96,0.0,6,7776,卖盘,002185,2025-10-17 22:45:31
10:38:39,12.96,0.0,38,49248,卖盘,002185,2025-10-17 22:45:31
10:38:45,12.96,0.0,12,15552,卖盘,002185,2025-10-17 22:45:31
10:38:48,12.96,0.0,11,14256,卖盘,002185,2025-10-17 22:45:31
10:38:51,12.96,0.0,40,51840,卖盘,002185,2025-10-17 22:45:31
10:38:54,12.96,0.0,50,64800,卖盘,002185,2025-10-17 22:45:31
10:38:57,12.96,0.0,9,11664,卖盘,002185,2025-10-17 22:45:31
10:39:00,12.96,0.0,2,2592,卖盘,002185,2025-10-17 22:45:31
10:39:03,12.96,0.0,50,64800,卖盘,002185,2025-10-17 22:45:31
10:39:06,12.96,0.0,16,20736,卖盘,002185,2025-10-17 22:45:31
10:39:09,12.96,0.0,47,60912,卖盘,002185,2025-10-17 22:45:31
10:39:12,12.96,0.0,24,31104,卖盘,002185,2025-10-17 22:45:31
10:39:15,12.96,0.0,91,117936,卖盘,002185,2025-10-17 22:45:31
10:39:18,12.96,0.0,36,46656,卖盘,002185,2025-10-17 22:45:31
10:39:21,12.96,0.0,35,45360,卖盘,002185,2025-10-17 22:45:31
10:39:24,12.96,0.0,57,73872,卖盘,002185,2025-10-17 22:45:31
10:39:27,12.96,0.0,13,16848,卖盘,002185,2025-10-17 22:45:31
10:39:30,12.96,0.0,27,34992,卖盘,002185,2025-10-17 22:45:31
10:39:33,12.96,0.0,17,22032,卖盘,002185,2025-10-17 22:45:31
10:39:36,12.96,0.0,135,174960,卖盘,002185,2025-10-17 22:45:31
10:39:39,12.96,0.0,15,19440,卖盘,002185,2025-10-17 22:45:31
10:39:42,12.96,0.0,50,64800,卖盘,002185,2025-10-17 22:45:31
10:39:45,12.96,0.0,37,47952,卖盘,002185,2025-10-17 22:45:31
10:39:48,12.96,0.0,2,2592,卖盘,002185,2025-10-17 22:45:31
10:39:51,12.96,0.0,50,64800,卖盘,002185,2025-10-17 22:45:31
10:39:54,12.96,0.0,65,84240,卖盘,002185,2025-10-17 22:45:31
10:39:57,12.96,0.0,257,333072,卖盘,002185,2025-10-17 22:45:31
10:40:03,12.96,0.0,10,12960,卖盘,002185,2025-10-17 22:45:31
10:40:06,12.96,0.0,13,16848,卖盘,002185,2025-10-17 22:45:31
10:40:09,12.96,0.0,519,672624,卖盘,002185,2025-10-17 22:45:31
10:40:12,12.96,0.0,236,305856,卖盘,002185,2025-10-17 22:45:31
10:40:15,12.96,0.0,5,6480,卖盘,002185,2025-10-17 22:45:31
10:40:18,12.96,0.0,12,15552,卖盘,002185,2025-10-17 22:45:31
10:40:21,12.96,0.0,39,50544,卖盘,002185,2025-10-17 22:45:31
10:40:27,12.96,0.0,22,28512,卖盘,002185,2025-10-17 22:45:31
10:40:30,12.96,0.0,3,3888,卖盘,002185,2025-10-17 22:45:31
10:40:33,12.96,0.0,44,57024,卖盘,002185,2025-10-17 22:45:31
10:40:36,12.96,0.0,66,85536,卖盘,002185,2025-10-17 22:45:31
10:40:39,12.96,0.0,2,2592,卖盘,002185,2025-10-17 22:45:31
10:40:42,12.96,0.0,63,81648,卖盘,002185,2025-10-17 22:45:31
10:40:45,12.96,0.0,39,50544,卖盘,002185,2025-10-17 22:45:31
10:40:48,12.96,0.0,16,20736,卖盘,002185,2025-10-17 22:45:31
10:40:54,12.96,0.0,5,6480,卖盘,002185,2025-10-17 22:45:31
10:40:57,12.96,0.0,50,64800,卖盘,002185,2025-10-17 22:45:31
10:41:00,12.96,0.0,27,34992,卖盘,002185,2025-10-17 22:45:31
10:41:06,12.96,0.0,131,169776,卖盘,002185,2025-10-17 22:45:31
10:41:09,12.96,0.0,5,6480,卖盘,002185,2025-10-17 22:45:31
10:41:12,12.96,0.0,10,12960,卖盘,002185,2025-10-17 22:45:31
10:41:15,12.96,0.0,12,15552,卖盘,002185,2025-10-17 22:45:31
10:41:18,12.96,0.0,40,51840,卖盘,002185,2025-10-17 22:45:31
10:41:24,12.96,0.0,100,129600,卖盘,002185,2025-10-17 22:45:31
10:41:30,12.96,0.0,265,343440,卖盘,002185,2025-10-17 22:45:31
10:41:33,12.96,0.0,23,29808,卖盘,002185,2025-10-17 22:45:31
10:41:36,12.96,0.0,49,63504,卖盘,002185,2025-10-17 22:45:31
10:41:42,12.96,0.0,2,2592,卖盘,002185,2025-10-17 22:45:31
10:41:45,12.96,0.0,94,121824,卖盘,002185,2025-10-17 22:45:31
10:41:48,12.96,0.0,32,41472,卖盘,002185,2025-10-17 22:45:31
10:41:51,12.96,0.0,3,3888,卖盘,002185,2025-10-17 22:45:31
10:41:57,12.96,0.0,206,266976,卖盘,002185,2025-10-17 22:45:31
10:42:00,12.96,0.0,3,3888,卖盘,002185,2025-10-17 22:45:31
10:42:03,12.96,0.0,159,206064,卖盘,002185,2025-10-17 22:45:31
10:42:06,12.96,0.0,23,29808,卖盘,002185,2025-10-17 22:45:31
10:42:09,12.96,0.0,12,15552,卖盘,002185,2025-10-17 22:45:31
10:42:12,12.96,0.0,17,22032,卖盘,002185,2025-10-17 22:45:31
10:42:15,12.96,0.0,6,7776,卖盘,002185,2025-10-17 22:45:31
10:42:18,12.96,0.0,4,5184,卖盘,002185,2025-10-17 22:45:31
10:42:21,12.96,0.0,1,1296,卖盘,002185,2025-10-17 22:45:31
10:42:24,12.96,0.0,55,71280,卖盘,002185,2025-10-17 22:45:31
10:42:30,12.96,0.0,76,98496,卖盘,002185,2025-10-17 22:45:31
10:42:33,12.96,0.0,5,6480,卖盘,002185,2025-10-17 22:45:31
10:42:36,12.96,0.0,31,40176,卖盘,002185,2025-10-17 22:45:31
10:42:39,12.96,0.0,7,9072,卖盘,002185,2025-10-17 22:45:31
10:42:42,12.96,0.0,15,19440,卖盘,002185,2025-10-17 22:45:31
10:42:48,12.96,0.0,40,51840,卖盘,002185,2025-10-17 22:45:31
10:42:51,12.96,0.0,212,274752,卖盘,002185,2025-10-17 22:45:31
10:42:54,12.96,0.0,17,22032,卖盘,002185,2025-10-17 22:45:31
10:42:57,12.96,0.0,60,77760,卖盘,002185,2025-10-17 22:45:31
10:43:00,12.96,0.0,15,19440,卖盘,002185,2025-10-17 22:45:31
10:43:03,12.96,0.0,5,6480,卖盘,002185,2025-10-17 22:45:31
10:43:06,12.96,0.0,2,2592,卖盘,002185,2025-10-17 22:45:31
10:43:09,12.96,0.0,208,269568,卖盘,002185,2025-10-17 22:45:31
10:43:12,12.96,0.0,42,54432,卖盘,002185,2025-10-17 22:45:31
10:43:15,12.96,0.0,2,2592,卖盘,002185,2025-10-17 22:45:31
10:43:18,12.96,0.0,56,72576,卖盘,002185,2025-10-17 22:45:31
10:43:21,12.96,0.0,1,1296,卖盘,002185,2025-10-17 22:45:31
10:43:24,12.96,0.0,1,1296,卖盘,002185,2025-10-17 22:45:31
10:43:27,12.96,0.0,42,54432,卖盘,002185,2025-10-17 22:45:31
10:43:30,12.96,0.0,6,7776,卖盘,002185,2025-10-17 22:45:31
10:43:33,12.96,0.0,27,34992,卖盘,002185,2025-10-17 22:45:31
10:43:36,12.96,0.0,15,19440,卖盘,002185,2025-10-17 22:45:31
10:43:39,12.96,0.0,8,10368,卖盘,002185,2025-10-17 22:45:31
10:43:42,12.96,0.0,9,11664,卖盘,002185,2025-10-17 22:45:31
10:43:45,12.96,0.0,15,19440,卖盘,002185,2025-10-17 22:45:31
10:43:48,12.96,0.0,55,71280,卖盘,002185,2025-10-17 22:45:31
10:43:51,12.96,0.0,74,95904,卖盘,002185,2025-10-17 22:45:31
10:43:57,12.96,0.0,1,1296,卖盘,002185,2025-10-17 22:45:31
10:44:00,12.96,0.0,8,10575,卖盘,002185,2025-10-17 22:45:31
10:44:03,12.96,0.0,36,46656,卖盘,002185,2025-10-17 22:45:31
10:44:06,12.96,0.0,10,12960,卖盘,002185,2025-10-17 22:45:31
10:44:09,12.96,0.0,23,29808,卖盘,002185,2025-10-17 22:45:31
10:44:12,12.96,0.0,18,23328,卖盘,002185,2025-10-17 22:45:31
10:44:15,12.96,0.0,19,24624,卖盘,002185,2025-10-17 22:45:31
10:44:18,12.96,0.0,9,11664,卖盘,002185,2025-10-17 22:45:31
10:44:21,12.96,0.0,46,59616,卖盘,002185,2025-10-17 22:45:31
10:44:24,12.96,0.0,3,3888,卖盘,002185,2025-10-17 22:45:31
10:44:27,12.96,0.0,147,189864,卖盘,002185,2025-10-17 22:45:31
10:44:30,12.96,0.0,38,49248,卖盘,002185,2025-10-17 22:45:31
10:44:36,12.96,0.0,73,94608,卖盘,002185,2025-10-17 22:45:31
10:44:39,12.96,0.0,19,24624,卖盘,002185,2025-10-17 22:45:31
10:44:42,12.96,0.0,6,7776,卖盘,002185,2025-10-17 22:45:31
10:44:45,12.96,0.0,83,107568,卖盘,002185,2025-10-17 22:45:31
10:44:48,12.96,0.0,9,11664,卖盘,002185,2025-10-17 22:45:31
10:44:51,12.96,0.0,210,272160,卖盘,002185,2025-10-17 22:45:31
10:44:54,12.96,0.0,7,9072,卖盘,002185,2025-10-17 22:45:31
10:44:57,12.96,0.0,30,38880,卖盘,002185,2025-10-17 22:45:31
10:45:00,12.96,0.0,78,101088,卖盘,002185,2025-10-17 22:45:31
10:45:03,12.96,0.0,9,11664,卖盘,002185,2025-10-17 22:45:31
10:45:06,12.96,0.0,3,3888,卖盘,002185,2025-10-17 22:45:31
10:45:09,12.96,0.0,9,11664,卖盘,002185,2025-10-17 22:45:31
10:45:12,12.96,0.0,8,10368,卖盘,002185,2025-10-17 22:45:31
10:45:15,12.96,0.0,15,19440,卖盘,002185,2025-10-17 22:45:31
10:45:18,12.96,0.0,62,80352,卖盘,002185,2025-10-17 22:45:31
10:45:21,12.96,0.0,14,18144,卖盘,002185,2025-10-17 22:45:31
10:45:24,12.96,0.0,12,15552,卖盘,002185,2025-10-17 22:45:31
10:45:27,12.96,0.0,15,19518,卖盘,002185,2025-10-17 22:45:31
10:45:30,12.96,0.0,14,18144,卖盘,002185,2025-10-17 22:45:31
10:45:33,12.96,0.0,35,45360,卖盘,002185,2025-10-17 22:45:31
10:45:42,12.96,0.0,41,53136,卖盘,002185,2025-10-17 22:45:31
10:45:45,12.96,0.0,5,6480,卖盘,002185,2025-10-17 22:45:31
10:45:51,12.96,0.0,12,15552,卖盘,002185,2025-10-17 22:45:31
10:45:57,12.96,0.0,8,10368,卖盘,002185,2025-10-17 22:45:31
10:46:03,12.96,0.0,5,6480,卖盘,002185,2025-10-17 22:45:31
10:46:06,12.96,0.0,201,260496,卖盘,002185,2025-10-17 22:45:31
10:46:09,12.96,0.0,1,1296,卖盘,002185,2025-10-17 22:45:31
10:46:12,12.96,0.0,115,149040,卖盘,002185,2025-10-17 22:45:31
10:46:15,12.96,0.0,107,138672,卖盘,002185,2025-10-17 22:45:31
10:46:18,12.96,0.0,35,45360,卖盘,002185,2025-10-17 22:45:31
10:46:21,12.96,0.0,2,2592,卖盘,002185,2025-10-17 22:45:31
10:46:24,12.96,0.0,4,5184,卖盘,002185,2025-10-17 22:45:31
10:46:27,12.96,0.0,11,14256,卖盘,002185,2025-10-17 22:45:31
10:46:30,12.96,0.0,10,12960,卖盘,002185,2025-10-17 22:45:31
10:46:33,12.96,0.0,9,11664,卖盘,002185,2025-10-17 22:45:31
10:46:36,12.96,0.0,27,34992,卖盘,002185,2025-10-17 22:45:31
10:46:39,12.96,0.0,9,11664,卖盘,002185,2025-10-17 22:45:31
10:46:42,12.96,0.0,3,3888,卖盘,002185,2025-10-17 22:45:31
10:46:45,12.96,0.0,7,9072,卖盘,002185,2025-10-17 22:45:31
10:46:48,12.96,0.0,6,7776,卖盘,002185,2025-10-17 22:45:31
10:46:57,12.96,0.0,5,6480,卖盘,002185,2025-10-17 22:45:31
10:47:00,12.96,0.0,18,23328,卖盘,002185,2025-10-17 22:45:31
10:47:03,12.96,0.0,6,7776,卖盘,002185,2025-10-17 22:45:31
10:47:06,12.96,0.0,11,14256,卖盘,002185,2025-10-17 22:45:31
10:47:09,12.96,0.0,45,58320,卖盘,002185,2025-10-17 22:45:31
10:47:12,12.96,0.0,22,28512,卖盘,002185,2025-10-17 22:45:31
10:47:15,12.96,0.0,6,7776,卖盘,002185,2025-10-17 22:45:31
10:47:18,12.96,0.0,4,5184,卖盘,002185,2025-10-17 22:45:31
10:47:21,12.96,0.0,2,2592,卖盘,002185,2025-10-17 22:45:31
10:47:24,12.96,0.0,5,6480,卖盘,002185,2025-10-17 22:45:31
10:47:27,12.96,0.0,4,5184,卖盘,002185,2025-10-17 22:45:31
10:47:30,12.96,0.0,45,58320,卖盘,002185,2025-10-17 22:45:31
10:47:36,12.96,0.0,28,36288,卖盘,002185,2025-10-17 22:45:31
10:47:39,12.96,0.0,19,24624,卖盘,002185,2025-10-17 22:45:31
10:47:45,12.96,0.0,8,10368,卖盘,002185,2025-10-17 22:45:31
10:47:48,12.96,0.0,4,5184,卖盘,002185,2025-10-17 22:45:31
10:47:51,12.96,0.0,1002,1298592,卖盘,002185,2025-10-17 22:45:31
10:47:54,12.96,0.0,10,12960,卖盘,002185,2025-10-17 22:45:31
10:48:03,12.96,0.0,5,6480,卖盘,002185,2025-10-17 22:45:31
10:48:06,12.96,0.0,1,1296,卖盘,002185,2025-10-17 22:45:31
10:48:09,12.96,0.0,26,33696,卖盘,002185,2025-10-17 22:45:31
10:48:12,12.96,0.0,13,16848,卖盘,002185,2025-10-17 22:45:31
10:48:15,12.96,0.0,20,25920,卖盘,002185,2025-10-17 22:45:31
10:48:18,12.96,0.0,12,15552,卖盘,002185,2025-10-17 22:45:31
10:48:21,12.96,0.0,5,6480,卖盘,002185,2025-10-17 22:45:31
10:48:24,12.96,0.0,63,81648,卖盘,002185,2025-10-17 22:45:31
10:48:30,12.96,0.0,3,3888,卖盘,002185,2025-10-17 22:45:31
10:48:33,12.96,0.0,60,77760,卖盘,002185,2025-10-17 22:45:31
10:48:36,12.96,0.0,34,44064,卖盘,002185,2025-10-17 22:45:31
10:48:39,12.96,0.0,51,66096,卖盘,002185,2025-10-17 22:45:31
10:48:42,12.96,0.0,161,208656,卖盘,002185,2025-10-17 22:45:31
10:48:45,12.96,0.0,36,46656,卖盘,002185,2025-10-17 22:45:31
10:48:48,12.96,0.0,58,75168,卖盘,002185,2025-10-17 22:45:31
10:48:51,12.96,0.0,23,29808,卖盘,002185,2025-10-17 22:45:31
10:48:54,12.96,0.0,18,23328,卖盘,002185,2025-10-17 22:45:31
10:48:57,12.96,0.0,23,29808,卖盘,002185,2025-10-17 22:45:31
10:49:00,12.96,0.0,11,14256,卖盘,002185,2025-10-17 22:45:31
10:49:09,12.96,0.0,3,3888,卖盘,002185,2025-10-17 22:45:31
10:49:12,12.96,0.0,42,54432,卖盘,002185,2025-10-17 22:45:31
10:49:15,12.96,0.0,42,54432,卖盘,002185,2025-10-17 22:45:31
10:49:18,12.96,0.0,15,19440,卖盘,002185,2025-10-17 22:45:31
10:49:24,12.96,0.0,43,55728,卖盘,002185,2025-10-17 22:45:31
10:49:27,12.96,0.0,29,37584,卖盘,002185,2025-10-17 22:45:31
10:49:30,12.96,0.0,50,64800,卖盘,002185,2025-10-17 22:45:31
10:49:33,12.96,0.0,2,2592,卖盘,002185,2025-10-17 22:45:31
10:49:36,12.96,0.0,2,2592,卖盘,002185,2025-10-17 22:45:31
10:49:39,12.96,0.0,9,11664,卖盘,002185,2025-10-17 22:45:31
10:49:42,12.96,0.0,1,1296,卖盘,002185,2025-10-17 22:45:31
10:49:48,12.96,0.0,460,596160,卖盘,002185,2025-10-17 22:45:31
10:49:51,12.96,0.0,7,9072,卖盘,002185,2025-10-17 22:45:31
10:49:54,12.96,0.0,24,31104,卖盘,002185,2025-10-17 22:45:31
10:49:57,12.96,0.0,3,3888,卖盘,002185,2025-10-17 22:45:31
10:50:00,12.96,0.0,4,5184,卖盘,002185,2025-10-17 22:45:31
10:50:03,12.96,0.0,7,9072,卖盘,002185,2025-10-17 22:45:31
10:50:06,12.96,0.0,40,51840,卖盘,002185,2025-10-17 22:45:31
10:50:09,12.96,0.0,18,23328,卖盘,002185,2025-10-17 22:45:31
10:50:12,12.96,0.0,1,1296,卖盘,002185,2025-10-17 22:45:31
10:50:15,12.96,0.0,200,259200,卖盘,002185,2025-10-17 22:45:31
10:50:18,12.96,0.0,6,7776,卖盘,002185,2025-10-17 22:45:31
10:50:21,12.96,0.0,10,12960,卖盘,002185,2025-10-17 22:45:31
10:50:24,12.96,0.0,105,136080,卖盘,002185,2025-10-17 22:45:31
10:50:27,12.96,0.0,5,6480,卖盘,002185,2025-10-17 22:45:31
10:50:30,12.96,0.0,105,136080,卖盘,002185,2025-10-17 22:45:31
10:50:33,12.96,0.0,5,6480,卖盘,002185,2025-10-17 22:45:31
10:50:36,12.96,0.0,31,40319,卖盘,002185,2025-10-17 22:45:31
10:50:39,12.96,0.0,20,25920,卖盘,002185,2025-10-17 22:45:31
10:50:45,12.96,0.0,5,6480,卖盘,002185,2025-10-17 22:45:31
10:50:48,12.96,0.0,1,1296,卖盘,002185,2025-10-17 22:45:31
10:50:51,12.96,0.0,2,2592,卖盘,002185,2025-10-17 22:45:31
10:50:54,12.96,0.0,20,25920,卖盘,002185,2025-10-17 22:45:31
10:51:00,12.96,0.0,221,286416,卖盘,002185,2025-10-17 22:45:31
10:51:03,12.96,0.0,7,9072,卖盘,002185,2025-10-17 22:45:31
10:51:06,12.96,0.0,89,115344,卖盘,002185,2025-10-17 22:45:31
10:51:09,12.96,0.0,2,2592,卖盘,002185,2025-10-17 22:45:31
10:51:12,12.96,0.0,9,11664,卖盘,002185,2025-10-17 22:45:31
10:51:15,12.96,0.0,17,22032,卖盘,002185,2025-10-17 22:45:31
10:51:18,12.96,0.0,10,12960,卖盘,002185,2025-10-17 22:45:31
10:51:21,12.96,0.0,1,1296,卖盘,002185,2025-10-17 22:45:31
10:51:24,12.96,0.0,21,27216,卖盘,002185,2025-10-17 22:45:31
10:51:27,12.96,0.0,3,3888,卖盘,002185,2025-10-17 22:45:31
10:51:30,12.96,0.0,5,6480,卖盘,002185,2025-10-17 22:45:31
10:51:33,12.96,0.0,3,3888,卖盘,002185,2025-10-17 22:45:31
10:51:36,12.96,0.0,4,5184,卖盘,002185,2025-10-17 22:45:31
10:51:39,12.96,0.0,4,5184,卖盘,002185,2025-10-17 22:45:31
10:51:42,12.96,0.0,266,344736,卖盘,002185,2025-10-17 22:45:31
10:51:45,12.96,0.0,5,6480,卖盘,002185,2025-10-17 22:45:31
10:51:48,12.96,0.0,10,12960,卖盘,002185,2025-10-17 22:45:31
10:51:54,12.96,0.0,4,5184,卖盘,002185,2025-10-17 22:45:31
10:51:57,12.96,0.0,1,1296,卖盘,002185,2025-10-17 22:45:31
10:52:00,12.96,0.0,32,41472,卖盘,002185,2025-10-17 22:45:31
10:52:03,12.96,0.0,3,3888,卖盘,002185,2025-10-17 22:45:31
10:52:06,12.96,0.0,5,6480,卖盘,002185,2025-10-17 22:45:31
10:52:09,12.96,0.0,55,71280,卖盘,002185,2025-10-17 22:45:31
10:52:12,12.96,0.0,15,19440,卖盘,002185,2025-10-17 22:45:31
10:52:18,12.96,0.0,2,2592,卖盘,002185,2025-10-17 22:45:31
10:52:24,12.96,0.0,10,12960,卖盘,002185,2025-10-17 22:45:31
10:52:27,12.96,0.0,20,25920,卖盘,002185,2025-10-17 22:45:31
10:52:30,12.96,0.0,31,40176,卖盘,002185,2025-10-17 22:45:31
10:52:33,12.96,0.0,68,88128,卖盘,002185,2025-10-17 22:45:31
10:52:36,12.96,0.0,100,129600,卖盘,002185,2025-10-17 22:45:31
10:52:39,12.96,0.0,61,79056,卖盘,002185,2025-10-17 22:45:31
10:52:42,12.96,0.0,20,25920,卖盘,002185,2025-10-17 22:45:31
10:52:45,12.96,0.0,18,23328,卖盘,002185,2025-10-17 22:45:31
10:52:48,12.96,0.0,9,11664,卖盘,002185,2025-10-17 22:45:31
10:52:51,12.96,0.0,176,228096,卖盘,002185,2025-10-17 22:45:31
10:52:54,12.96,0.0,26,33696,卖盘,002185,2025-10-17 22:45:31
10:52:57,12.96,0.0,1,1296,卖盘,002185,2025-10-17 22:45:31
10:53:00,12.96,0.0,32,41472,卖盘,002185,2025-10-17 22:45:31
10:53:03,12.96,0.0,22,28512,卖盘,002185,2025-10-17 22:45:31
10:53:06,12.96,0.0,80,103680,卖盘,002185,2025-10-17 22:45:31
10:53:09,12.96,0.0,3,3888,卖盘,002185,2025-10-17 22:45:31
10:53:12,12.96,0.0,2,2592,卖盘,002185,2025-10-17 22:45:31
10:53:15,12.96,0.0,25,32400,卖盘,002185,2025-10-17 22:45:31
10:53:18,12.96,0.0,12,15552,卖盘,002185,2025-10-17 22:45:31
10:53:27,12.96,0.0,54,69984,卖盘,002185,2025-10-17 22:45:31
10:53:30,12.96,0.0,116,150336,卖盘,002185,2025-10-17 22:45:31
10:53:36,12.96,0.0,50,64800,卖盘,002185,2025-10-17 22:45:31
10:53:39,12.96,0.0,13,16848,卖盘,002185,2025-10-17 22:45:31
10:53:42,12.96,0.0,82,106272,卖盘,002185,2025-10-17 22:45:31
10:53:45,12.96,0.0,66,85536,卖盘,002185,2025-10-17 22:45:31
10:53:48,12.96,0.0,10,12960,卖盘,002185,2025-10-17 22:45:31
10:53:51,12.96,0.0,13,16848,卖盘,002185,2025-10-17 22:45:31
10:53:54,12.96,0.0,39,50544,卖盘,002185,2025-10-17 22:45:31
10:54:03,12.96,0.0,54,69984,卖盘,002185,2025-10-17 22:45:31
10:54:06,12.96,0.0,4,5184,卖盘,002185,2025-10-17 22:45:31
10:54:09,12.96,0.0,3,3888,卖盘,002185,2025-10-17 22:45:31
10:54:12,12.96,0.0,26,33696,卖盘,002185,2025-10-17 22:45:31
10:54:15,12.96,0.0,23,29808,卖盘,002185,2025-10-17 22:45:31
10:54:18,12.96,0.0,50,64800,卖盘,002185,2025-10-17 22:45:31
10:54:21,12.96,0.0,27,34992,卖盘,002185,2025-10-17 22:45:31
10:54:24,12.96,0.0,4,5184,卖盘,002185,2025-10-17 22:45:31
10:54:27,12.96,0.0,30,38880,卖盘,002185,2025-10-17 22:45:31
10:54:30,12.96,0.0,2,2592,卖盘,002185,2025-10-17 22:45:31
10:54:33,12.96,0.0,20,25920,卖盘,002185,2025-10-17 22:45:31
10:54:39,12.96,0.0,8,10368,卖盘,002185,2025-10-17 22:45:31
10:54:42,12.96,0.0,7,9072,卖盘,002185,2025-10-17 22:45:31
10:54:45,12.96,0.0,3,3888,卖盘,002185,2025-10-17 22:45:31
10:54:51,12.96,0.0,5,6480,卖盘,002185,2025-10-17 22:45:31
10:54:57,12.96,0.0,23,29808,卖盘,002185,2025-10-17 22:45:31
10:55:03,12.96,0.0,1,1296,卖盘,002185,2025-10-17 22:45:31
10:55:06,12.96,0.0,5,6480,卖盘,002185,2025-10-17 22:45:31
10:55:09,12.96,0.0,64,82944,卖盘,002185,2025-10-17 22:45:31
10:55:12,12.96,0.0,2,2592,卖盘,002185,2025-10-17 22:45:31
10:55:15,12.96,0.0,69,89424,卖盘,002185,2025-10-17 22:45:31
10:55:18,12.96,0.0,2,2592,卖盘,002185,2025-10-17 22:45:31
10:55:21,12.96,0.0,38,49248,卖盘,002185,2025-10-17 22:45:31
10:55:30,12.96,0.0,2,2592,卖盘,002185,2025-10-17 22:45:31
10:55:33,12.96,0.0,9,11664,卖盘,002185,2025-10-17 22:45:31
10:55:39,12.96,0.0,21,27216,卖盘,002185,2025-10-17 22:45:31
10:55:42,12.96,0.0,9,11664,卖盘,002185,2025-10-17 22:45:31
10:55:45,12.96,0.0,122,158112,卖盘,002185,2025-10-17 22:45:31
10:55:51,12.96,0.0,27,34992,卖盘,002185,2025-10-17 22:45:31
10:55:54,12.96,0.0,2,2592,卖盘,002185,2025-10-17 22:45:31
10:55:57,12.96,0.0,13,16848,卖盘,002185,2025-10-17 22:45:31
10:56:00,12.96,0.0,1100,1425600,卖盘,002185,2025-10-17 22:45:31
10:56:03,12.96,0.0,10,12960,卖盘,002185,2025-10-17 22:45:31
10:56:06,12.96,0.0,15,19440,卖盘,002185,2025-10-17 22:45:31
10:56:09,12.96,0.0,35,45360,卖盘,002185,2025-10-17 22:45:31
10:56:12,12.96,0.0,1,1296,卖盘,002185,2025-10-17 22:45:31
10:56:15,12.96,0.0,57,73872,卖盘,002185,2025-10-17 22:45:31
10:56:18,12.96,0.0,14,18144,卖盘,002185,2025-10-17 22:45:31
10:56:21,12.96,0.0,3,3888,卖盘,002185,2025-10-17 22:45:31
10:56:24,12.96,0.0,1,1296,卖盘,002185,2025-10-17 22:45:31
10:56:27,12.96,0.0,8,10368,卖盘,002185,2025-10-17 22:45:31
10:56:30,12.96,0.0,63,81648,卖盘,002185,2025-10-17 22:45:31
10:56:33,12.96,0.0,287,371952,卖盘,002185,2025-10-17 22:45:31
10:56:36,12.96,0.0,26,33696,卖盘,002185,2025-10-17 22:45:31
10:56:39,12.96,0.0,9,11664,卖盘,002185,2025-10-17 22:45:31
10:56:42,12.96,0.0,148,191808,卖盘,002185,2025-10-17 22:45:31
10:56:45,12.96,0.0,10,12960,卖盘,002185,2025-10-17 22:45:31
10:56:48,12.96,0.0,87,112752,卖盘,002185,2025-10-17 22:45:31
10:56:51,12.96,0.0,5,6480,卖盘,002185,2025-10-17 22:45:31
10:56:54,12.96,0.0,34,44064,卖盘,002185,2025-10-17 22:45:31
10:56:57,12.96,0.0,10,12960,卖盘,002185,2025-10-17 22:45:31
10:57:03,12.96,0.0,8,10368,卖盘,002185,2025-10-17 22:45:31
10:57:06,12.96,0.0,5,6480,卖盘,002185,2025-10-17 22:45:31
10:57:09,12.96,0.0,376,487296,卖盘,002185,2025-10-17 22:45:31
