时间,成交价,价格变动,成交量,成交额,买卖盘性质,股票代码,采集时间
09:25:00,7.74,0.03,2495,1931130,买盘,002177,2025-10-17 22:57:20
09:30:00,7.75,0.01,743,575901,买盘,002177,2025-10-17 22:57:20
09:30:03,7.75,0.0,1294,1003129,卖盘,002177,2025-10-17 22:57:20
09:30:06,7.75,0.0,232,179871,卖盘,002177,2025-10-17 22:57:20
09:30:09,7.76,0.01,79,61254,买盘,002177,2025-10-17 22:57:20
09:30:12,7.75,-0.01,488,378285,卖盘,002177,2025-10-17 22:57:20
09:30:15,7.76,0.01,165,127877,中性盘,002177,2025-10-17 22:57:20
09:30:18,7.75,-0.01,115,89177,卖盘,002177,2025-10-17 22:57:20
09:30:21,7.75,0.0,151,116903,买盘,002177,2025-10-17 22:57:20
09:30:24,7.74,-0.01,191,147834,卖盘,002177,2025-10-17 22:57:20
09:30:27,7.72,-0.02,386,298369,卖盘,002177,2025-10-17 22:57:20
09:30:30,7.7,-0.02,2829,2182234,卖盘,002177,2025-10-17 22:57:20
09:30:33,7.7,0.0,275,211845,卖盘,002177,2025-10-17 22:57:20
09:30:36,7.7,0.0,606,466728,卖盘,002177,2025-10-17 22:57:20
09:30:39,7.7,0.0,393,302644,卖盘,002177,2025-10-17 22:57:20
09:30:42,7.7,0.0,543,418131,卖盘,002177,2025-10-17 22:57:20
09:30:45,7.7,0.0,553,425864,卖盘,002177,2025-10-17 22:57:20
09:30:48,7.7,0.0,230,177100,卖盘,002177,2025-10-17 22:57:20
09:30:51,7.7,0.0,283,217898,买盘,002177,2025-10-17 22:57:20
09:30:54,7.69,-0.01,189,145540,卖盘,002177,2025-10-17 22:57:20
09:30:57,7.71,0.02,313,241079,买盘,002177,2025-10-17 22:57:20
09:31:00,7.71,0.0,384,295422,买盘,002177,2025-10-17 22:57:20
09:31:03,7.7,-0.01,127,97772,卖盘,002177,2025-10-17 22:57:20
09:31:06,7.7,0.0,117,90090,卖盘,002177,2025-10-17 22:57:20
09:31:09,7.7,0.0,272,209456,卖盘,002177,2025-10-17 22:57:20
09:31:12,7.7,0.0,286,220285,卖盘,002177,2025-10-17 22:57:20
09:31:15,7.7,0.0,192,147829,卖盘,002177,2025-10-17 22:57:20
09:31:18,7.73,0.03,1445,1114269,买盘,002177,2025-10-17 22:57:20
09:31:21,7.71,-0.02,218,168233,卖盘,002177,2025-10-17 22:57:20
09:31:24,7.72,0.01,216,166726,卖盘,002177,2025-10-17 22:57:20
09:31:27,7.73,0.01,17,13130,买盘,002177,2025-10-17 22:57:20
09:31:30,7.73,0.0,61,47110,买盘,002177,2025-10-17 22:57:20
09:31:33,7.73,0.0,165,127430,买盘,002177,2025-10-17 22:57:20
09:31:36,7.72,-0.01,85,65674,卖盘,002177,2025-10-17 22:57:20
09:31:39,7.71,-0.01,39,30094,卖盘,002177,2025-10-17 22:57:20
09:31:42,7.72,0.01,89,68731,买盘,002177,2025-10-17 22:57:20
09:31:45,7.73,0.01,138,106661,买盘,002177,2025-10-17 22:57:20
09:31:48,7.72,-0.01,822,634023,卖盘,002177,2025-10-17 22:57:20
09:31:51,7.73,0.01,48,37072,买盘,002177,2025-10-17 22:57:20
09:31:54,7.72,-0.01,162,125189,卖盘,002177,2025-10-17 22:57:20
09:31:57,7.74,0.02,870,673901,买盘,002177,2025-10-17 22:57:20
09:32:00,7.74,0.0,57,44119,卖盘,002177,2025-10-17 22:57:20
09:32:03,7.74,0.0,110,85140,卖盘,002177,2025-10-17 22:57:20
09:32:06,7.75,0.01,377,291643,买盘,002177,2025-10-17 22:57:20
09:32:09,7.76,0.01,84,65150,买盘,002177,2025-10-17 22:57:20
09:32:12,7.76,0.0,59,45763,买盘,002177,2025-10-17 22:57:20
09:32:15,7.76,0.0,241,187178,卖盘,002177,2025-10-17 22:57:20
09:32:18,7.77,0.01,302,234765,买盘,002177,2025-10-17 22:57:20
09:32:24,7.79,0.02,98,76246,买盘,002177,2025-10-17 22:57:20
09:32:27,7.77,-0.02,110,85498,卖盘,002177,2025-10-17 22:57:20
09:32:30,7.79,0.02,102,79386,买盘,002177,2025-10-17 22:57:20
09:32:33,7.78,-0.01,311,242022,卖盘,002177,2025-10-17 22:57:20
09:32:36,7.78,0.0,413,321354,中性盘,002177,2025-10-17 22:57:20
09:32:39,7.78,0.0,150,116678,买盘,002177,2025-10-17 22:57:20
09:32:42,7.78,0.0,969,753900,买盘,002177,2025-10-17 22:57:20
09:32:45,7.78,0.0,199,154817,卖盘,002177,2025-10-17 22:57:20
09:32:48,7.78,0.0,32,24898,卖盘,002177,2025-10-17 22:57:20
09:32:51,7.78,0.0,152,118346,卖盘,002177,2025-10-17 22:57:20
09:32:54,7.79,0.01,364,283353,买盘,002177,2025-10-17 22:57:20
09:32:57,7.79,0.0,228,177251,买盘,002177,2025-10-17 22:57:20
09:33:00,7.79,0.0,102,79774,卖盘,002177,2025-10-17 22:57:20
09:33:03,7.79,0.0,232,180637,买盘,002177,2025-10-17 22:57:20
09:33:06,7.77,-0.02,1031,801545,卖盘,002177,2025-10-17 22:57:20
09:33:09,7.79,0.02,106,82550,买盘,002177,2025-10-17 22:57:20
09:33:12,7.79,0.0,188,146256,买盘,002177,2025-10-17 22:57:20
09:33:15,7.79,0.0,154,119822,买盘,002177,2025-10-17 22:57:20
09:33:18,7.79,0.0,231,179879,买盘,002177,2025-10-17 22:57:20
09:33:21,7.78,-0.01,344,267712,卖盘,002177,2025-10-17 22:57:20
09:33:24,7.79,0.01,77,59956,买盘,002177,2025-10-17 22:57:20
09:33:27,7.79,0.0,103,80197,卖盘,002177,2025-10-17 22:57:20
09:33:30,7.78,-0.01,188,146404,卖盘,002177,2025-10-17 22:57:20
09:33:33,7.78,0.0,219,170253,中性盘,002177,2025-10-17 22:57:20
09:33:36,7.78,0.0,125,97264,买盘,002177,2025-10-17 22:57:20
09:33:39,7.79,0.01,201,156439,买盘,002177,2025-10-17 22:57:20
09:33:42,7.78,-0.01,10,7780,中性盘,002177,2025-10-17 22:57:20
09:33:45,7.78,0.0,191,148738,卖盘,002177,2025-10-17 22:57:20
09:33:48,7.78,0.0,365,283990,卖盘,002177,2025-10-17 22:57:20
09:33:51,7.78,0.0,315,245070,买盘,002177,2025-10-17 22:57:20
09:33:54,7.78,0.0,90,69963,买盘,002177,2025-10-17 22:57:20
09:33:57,7.78,0.0,40,31120,买盘,002177,2025-10-17 22:57:20
09:34:00,7.78,0.0,199,154683,买盘,002177,2025-10-17 22:57:20
09:34:03,7.77,-0.01,109,84778,卖盘,002177,2025-10-17 22:57:20
09:34:06,7.77,0.0,173,134474,卖盘,002177,2025-10-17 22:57:20
09:34:09,7.77,0.0,85,66045,卖盘,002177,2025-10-17 22:57:20
09:34:12,7.77,0.0,27,20979,买盘,002177,2025-10-17 22:57:20
09:34:15,7.77,0.0,22,17089,买盘,002177,2025-10-17 22:57:20
09:34:18,7.77,0.0,177,137533,买盘,002177,2025-10-17 22:57:20
09:34:21,7.77,0.0,112,87039,卖盘,002177,2025-10-17 22:57:20
09:34:24,7.77,0.0,210,163247,卖盘,002177,2025-10-17 22:57:20
09:34:27,7.78,0.01,180,140024,买盘,002177,2025-10-17 22:57:20
09:34:30,7.78,0.0,24,18656,卖盘,002177,2025-10-17 22:57:20
09:34:33,7.78,0.0,83,64570,卖盘,002177,2025-10-17 22:57:20
09:34:36,7.78,0.0,22,17096,买盘,002177,2025-10-17 22:57:20
09:34:39,7.78,0.0,63,49014,买盘,002177,2025-10-17 22:57:20
09:34:42,7.77,-0.01,54,42009,卖盘,002177,2025-10-17 22:57:20
09:34:45,7.79,0.02,332,258290,买盘,002177,2025-10-17 22:57:20
09:34:48,7.78,-0.01,194,150932,卖盘,002177,2025-10-17 22:57:20
09:34:51,7.78,0.0,71,55240,卖盘,002177,2025-10-17 22:57:20
09:34:54,7.79,0.01,89,69263,买盘,002177,2025-10-17 22:57:20
09:34:57,7.78,-0.01,103,80231,卖盘,002177,2025-10-17 22:57:20
09:35:00,7.78,0.0,632,491815,卖盘,002177,2025-10-17 22:57:20
09:35:03,7.79,0.01,160,124584,买盘,002177,2025-10-17 22:57:20
09:35:06,7.78,-0.01,131,101942,卖盘,002177,2025-10-17 22:57:20
09:35:09,7.78,0.0,213,165850,卖盘,002177,2025-10-17 22:57:20
09:35:12,7.78,0.0,12,9343,卖盘,002177,2025-10-17 22:57:20
09:35:15,7.79,0.01,252,196194,买盘,002177,2025-10-17 22:57:20
09:35:18,7.79,0.0,606,471868,卖盘,002177,2025-10-17 22:57:20
09:35:21,7.79,0.0,40,31160,买盘,002177,2025-10-17 22:57:20
09:35:24,7.79,0.0,301,234390,买盘,002177,2025-10-17 22:57:20
09:35:27,7.78,-0.01,68,52924,卖盘,002177,2025-10-17 22:57:20
09:35:30,7.79,0.01,238,185380,买盘,002177,2025-10-17 22:57:20
09:35:33,7.77,-0.02,135,105024,卖盘,002177,2025-10-17 22:57:20
09:35:36,7.78,0.01,192,149290,中性盘,002177,2025-10-17 22:57:20
09:35:39,7.77,-0.01,126,98002,卖盘,002177,2025-10-17 22:57:20
09:35:42,7.79,0.02,80,62276,买盘,002177,2025-10-17 22:57:20
09:35:45,7.78,-0.01,183,142421,卖盘,002177,2025-10-17 22:57:20
09:35:48,7.78,0.0,164,127591,买盘,002177,2025-10-17 22:57:20
09:35:51,7.78,0.0,85,66127,买盘,002177,2025-10-17 22:57:20
09:35:54,7.78,0.0,41,31898,卖盘,002177,2025-10-17 22:57:20
09:35:57,7.78,0.0,93,72354,卖盘,002177,2025-10-17 22:57:20
09:36:00,7.79,0.01,74,57602,买盘,002177,2025-10-17 22:57:20
09:36:03,7.78,-0.01,149,115937,卖盘,002177,2025-10-17 22:57:20
09:36:06,7.78,0.0,172,133836,中性盘,002177,2025-10-17 22:57:20
09:36:09,7.79,0.01,287,223216,买盘,002177,2025-10-17 22:57:20
09:36:12,7.79,0.0,96,74728,买盘,002177,2025-10-17 22:57:20
09:36:15,7.78,-0.01,2,1556,卖盘,002177,2025-10-17 22:57:20
09:36:18,7.79,0.01,86,66941,买盘,002177,2025-10-17 22:57:20
09:36:21,7.78,-0.01,30,23342,卖盘,002177,2025-10-17 22:57:20
09:36:24,7.79,0.01,298,232131,买盘,002177,2025-10-17 22:57:20
09:36:27,7.79,0.0,23,17917,买盘,002177,2025-10-17 22:57:20
09:36:30,7.79,0.0,198,154149,买盘,002177,2025-10-17 22:57:20
09:36:33,7.79,0.0,146,113726,买盘,002177,2025-10-17 22:57:20
09:36:36,7.78,-0.01,562,437266,卖盘,002177,2025-10-17 22:57:20
09:36:39,7.79,0.01,122,94929,买盘,002177,2025-10-17 22:57:20
09:36:42,7.79,0.0,107,83283,买盘,002177,2025-10-17 22:57:20
09:36:45,7.79,0.0,205,159582,买盘,002177,2025-10-17 22:57:20
09:36:48,7.79,0.0,296,230584,买盘,002177,2025-10-17 22:57:20
09:36:51,7.79,0.0,1174,915225,卖盘,002177,2025-10-17 22:57:20
09:36:54,7.79,0.0,154,120001,卖盘,002177,2025-10-17 22:57:20
09:36:57,7.8,0.01,26,20279,中性盘,002177,2025-10-17 22:57:20
09:37:00,7.8,0.0,134,104573,卖盘,002177,2025-10-17 22:57:20
09:37:03,7.79,-0.01,21,16362,卖盘,002177,2025-10-17 22:57:20
09:37:06,7.79,0.0,686,534442,卖盘,002177,2025-10-17 22:57:20
09:37:09,7.79,0.0,784,610330,买盘,002177,2025-10-17 22:57:20
09:37:12,7.79,0.0,251,195437,买盘,002177,2025-10-17 22:57:20
09:37:15,7.79,0.0,69,53743,买盘,002177,2025-10-17 22:57:20
09:37:18,7.78,-0.01,231,179753,卖盘,002177,2025-10-17 22:57:20
09:37:21,7.77,-0.01,87,67759,卖盘,002177,2025-10-17 22:57:20
09:37:24,7.78,0.01,209,162697,买盘,002177,2025-10-17 22:57:20
09:37:27,7.79,0.01,42,32680,买盘,002177,2025-10-17 22:57:20
09:37:30,7.78,-0.01,232,180624,卖盘,002177,2025-10-17 22:57:20
09:37:33,7.79,0.01,95,74005,中性盘,002177,2025-10-17 22:57:20
09:37:36,7.79,0.0,96,74814,卖盘,002177,2025-10-17 22:57:20
09:37:39,7.79,0.0,264,205655,卖盘,002177,2025-10-17 22:57:20
09:37:42,7.79,0.0,23,17917,买盘,002177,2025-10-17 22:57:20
09:37:45,7.79,0.0,223,173713,买盘,002177,2025-10-17 22:57:20
09:37:48,7.79,0.0,38,29587,买盘,002177,2025-10-17 22:57:20
09:37:51,7.79,0.0,19,14801,买盘,002177,2025-10-17 22:57:20
09:37:54,7.79,0.0,69,53749,买盘,002177,2025-10-17 22:57:20
09:37:57,7.79,0.0,5,3895,买盘,002177,2025-10-17 22:57:20
09:38:00,7.79,0.0,120,93473,买盘,002177,2025-10-17 22:57:20
09:38:03,7.79,0.0,291,226650,买盘,002177,2025-10-17 22:57:20
09:38:06,7.78,-0.01,51,39707,卖盘,002177,2025-10-17 22:57:20
09:38:09,7.79,0.01,458,356340,买盘,002177,2025-10-17 22:57:20
09:38:12,7.78,-0.01,95,73991,卖盘,002177,2025-10-17 22:57:20
09:38:15,7.78,0.0,45,35018,卖盘,002177,2025-10-17 22:57:20
09:38:18,7.78,0.0,109,84905,卖盘,002177,2025-10-17 22:57:20
09:38:21,7.79,0.01,75,58370,买盘,002177,2025-10-17 22:57:20
09:38:24,7.78,-0.01,148,115174,卖盘,002177,2025-10-17 22:57:20
09:38:27,7.79,0.01,887,690113,买盘,002177,2025-10-17 22:57:20
09:38:30,7.78,-0.01,132,102657,中性盘,002177,2025-10-17 22:57:20
09:38:33,7.78,0.0,176,136772,买盘,002177,2025-10-17 22:57:20
09:38:36,7.77,-0.01,60,46674,卖盘,002177,2025-10-17 22:57:20
09:38:39,7.77,0.0,1793,1393204,卖盘,002177,2025-10-17 22:57:20
09:38:42,7.77,0.0,176,136678,买盘,002177,2025-10-17 22:57:20
09:38:45,7.77,0.0,430,333815,买盘,002177,2025-10-17 22:57:20
09:38:48,7.76,-0.01,1381,1071710,卖盘,002177,2025-10-17 22:57:20
09:38:51,7.75,-0.01,2058,1594883,卖盘,002177,2025-10-17 22:57:20
09:38:54,7.75,0.0,139,107621,买盘,002177,2025-10-17 22:57:20
09:38:57,7.74,-0.01,101,78179,卖盘,002177,2025-10-17 22:57:20
09:39:00,7.75,0.01,236,182764,买盘,002177,2025-10-17 22:57:20
09:39:03,7.75,0.0,501,388313,卖盘,002177,2025-10-17 22:57:20
09:39:06,7.76,0.01,78,60454,买盘,002177,2025-10-17 22:57:20
09:39:09,7.75,-0.01,919,712209,卖盘,002177,2025-10-17 22:57:20
09:39:12,7.75,0.0,231,178778,买盘,002177,2025-10-17 22:57:20
09:39:15,7.74,-0.01,128,99153,卖盘,002177,2025-10-17 22:57:20
09:39:18,7.75,0.01,33,25547,买盘,002177,2025-10-17 22:57:20
09:39:21,7.74,-0.01,349,270161,卖盘,002177,2025-10-17 22:57:20
09:39:24,7.74,0.0,77,59609,卖盘,002177,2025-10-17 22:57:20
09:39:27,7.74,0.0,346,267814,中性盘,002177,2025-10-17 22:57:20
09:39:30,7.75,0.01,636,492271,买盘,002177,2025-10-17 22:57:20
09:39:33,7.75,0.0,529,410140,买盘,002177,2025-10-17 22:57:20
09:39:36,7.75,0.0,115,89125,卖盘,002177,2025-10-17 22:57:20
09:39:39,7.76,0.01,301,233310,中性盘,002177,2025-10-17 22:57:20
09:39:42,7.76,0.0,67,51992,卖盘,002177,2025-10-17 22:57:20
09:39:45,7.77,0.01,54,41938,买盘,002177,2025-10-17 22:57:20
09:39:48,7.77,0.0,341,264957,买盘,002177,2025-10-17 22:57:20
09:39:51,7.77,0.0,8,6216,卖盘,002177,2025-10-17 22:57:20
09:39:54,7.78,0.01,107,83160,买盘,002177,2025-10-17 22:57:20
09:39:57,7.78,0.0,215,167049,买盘,002177,2025-10-17 22:57:20
09:40:00,7.78,0.0,100,77795,买盘,002177,2025-10-17 22:57:20
09:40:03,7.76,-0.02,1,776,卖盘,002177,2025-10-17 22:57:20
09:40:06,7.77,0.01,25,19425,买盘,002177,2025-10-17 22:57:20
09:40:09,7.76,-0.01,61,47359,卖盘,002177,2025-10-17 22:57:20
09:40:12,7.76,0.0,22,17072,买盘,002177,2025-10-17 22:57:20
09:40:15,7.75,-0.01,169,131011,卖盘,002177,2025-10-17 22:57:20
09:40:18,7.75,0.0,43,33345,卖盘,002177,2025-10-17 22:57:20
09:40:21,7.76,0.01,35,27127,买盘,002177,2025-10-17 22:57:20
09:40:24,7.76,0.0,70,54287,买盘,002177,2025-10-17 22:57:20
09:40:27,7.75,-0.01,453,351083,卖盘,002177,2025-10-17 22:57:20
09:40:30,7.75,0.0,82,63503,买盘,002177,2025-10-17 22:57:20
09:40:33,7.74,-0.01,285,220917,卖盘,002177,2025-10-17 22:57:20
09:40:36,7.74,0.0,221,171093,卖盘,002177,2025-10-17 22:57:20
09:40:39,7.74,0.0,64,49553,卖盘,002177,2025-10-17 22:57:20
09:40:42,7.73,-0.01,869,671833,卖盘,002177,2025-10-17 22:57:20
09:40:45,7.73,0.0,30,23205,卖盘,002177,2025-10-17 22:57:20
09:40:48,7.73,0.0,382,295133,卖盘,002177,2025-10-17 22:57:20
09:40:51,7.72,-0.01,932,719235,卖盘,002177,2025-10-17 22:57:20
09:40:54,7.72,0.0,140,108080,卖盘,002177,2025-10-17 22:57:20
09:40:57,7.72,0.0,290,223909,卖盘,002177,2025-10-17 22:57:20
09:41:00,7.72,0.0,143,110401,卖盘,002177,2025-10-17 22:57:20
09:41:03,7.72,0.0,404,311808,卖盘,002177,2025-10-17 22:57:20
09:41:06,7.71,-0.01,346,266874,卖盘,002177,2025-10-17 22:57:20
09:41:09,7.71,0.0,161,124199,卖盘,002177,2025-10-17 22:57:20
09:41:12,7.71,0.0,656,505781,卖盘,002177,2025-10-17 22:57:20
09:41:15,7.7,-0.01,20,15415,卖盘,002177,2025-10-17 22:57:20
09:41:18,7.7,0.0,433,333416,卖盘,002177,2025-10-17 22:57:20
09:41:21,7.7,0.0,189,145544,卖盘,002177,2025-10-17 22:57:20
09:41:24,7.71,0.01,787,606004,买盘,002177,2025-10-17 22:57:20
09:41:27,7.71,0.0,261,200999,买盘,002177,2025-10-17 22:57:20
09:41:30,7.7,-0.01,320,246432,卖盘,002177,2025-10-17 22:57:20
09:41:33,7.7,0.0,143,110114,卖盘,002177,2025-10-17 22:57:20
09:41:36,7.7,0.0,1291,994562,卖盘,002177,2025-10-17 22:57:20
09:41:39,7.7,0.0,423,325730,卖盘,002177,2025-10-17 22:57:20
09:41:42,7.7,0.0,368,283384,买盘,002177,2025-10-17 22:57:20
09:41:45,7.7,0.0,179,137829,卖盘,002177,2025-10-17 22:57:20
09:41:48,7.7,0.0,1297,998810,卖盘,002177,2025-10-17 22:57:20
09:41:51,7.7,0.0,333,256410,卖盘,002177,2025-10-17 22:57:20
09:41:54,7.7,0.0,893,687612,卖盘,002177,2025-10-17 22:57:20
09:41:57,7.7,0.0,107,82390,卖盘,002177,2025-10-17 22:57:20
09:42:00,7.7,0.0,379,291860,卖盘,002177,2025-10-17 22:57:20
09:42:03,7.7,0.0,673,518707,卖盘,002177,2025-10-17 22:57:20
09:42:06,7.72,0.02,608,469121,买盘,002177,2025-10-17 22:57:20
09:42:09,7.71,-0.01,260,200773,卖盘,002177,2025-10-17 22:57:20
09:42:12,7.72,0.01,267,205802,中性盘,002177,2025-10-17 22:57:20
09:42:15,7.72,0.0,38,29337,卖盘,002177,2025-10-17 22:57:20
09:42:18,7.72,0.0,102,78744,卖盘,002177,2025-10-17 22:57:20
09:42:21,7.71,-0.01,129,99580,卖盘,002177,2025-10-17 22:57:20
09:42:24,7.71,0.0,192,148192,卖盘,002177,2025-10-17 22:57:20
09:42:27,7.71,0.0,17,13117,卖盘,002177,2025-10-17 22:57:20
09:42:30,7.71,0.0,234,180440,卖盘,002177,2025-10-17 22:57:20
09:42:33,7.71,0.0,65,50092,买盘,002177,2025-10-17 22:57:20
09:42:36,7.71,0.0,106,81726,买盘,002177,2025-10-17 22:57:20
09:42:39,7.71,0.0,1900,1463142,买盘,002177,2025-10-17 22:57:20
09:42:42,7.71,0.0,282,217333,买盘,002177,2025-10-17 22:57:20
09:42:45,7.71,0.0,319,245647,买盘,002177,2025-10-17 22:57:20
09:42:48,7.71,0.0,673,518283,买盘,002177,2025-10-17 22:57:20
09:42:51,7.71,0.0,738,568714,买盘,002177,2025-10-17 22:57:20
09:42:54,7.71,0.0,73,56283,卖盘,002177,2025-10-17 22:57:20
09:42:57,7.71,0.0,93,71703,卖盘,002177,2025-10-17 22:57:20
09:43:00,7.71,0.0,49,37779,卖盘,002177,2025-10-17 22:57:20
09:43:03,7.71,0.0,55,42405,买盘,002177,2025-10-17 22:57:20
09:43:06,7.7,-0.01,456,351158,卖盘,002177,2025-10-17 22:57:20
09:43:09,7.69,-0.01,318,244821,卖盘,002177,2025-10-17 22:57:20
09:43:12,7.69,0.0,87,66978,卖盘,002177,2025-10-17 22:57:20
09:43:15,7.7,0.01,347,267178,中性盘,002177,2025-10-17 22:57:20
09:43:18,7.69,-0.01,562,432251,卖盘,002177,2025-10-17 22:57:20
09:43:21,7.69,0.0,385,296162,卖盘,002177,2025-10-17 22:57:20
09:43:24,7.7,0.01,213,163802,买盘,002177,2025-10-17 22:57:20
09:43:27,7.69,-0.01,884,679806,卖盘,002177,2025-10-17 22:57:20
09:43:30,7.69,0.0,148,113812,买盘,002177,2025-10-17 22:57:20
09:43:33,7.68,-0.01,615,472374,卖盘,002177,2025-10-17 22:57:20
09:43:36,7.68,0.0,255,195974,卖盘,002177,2025-10-17 22:57:20
09:43:39,7.68,0.0,157,120618,卖盘,002177,2025-10-17 22:57:20
09:43:42,7.68,0.0,759,582912,卖盘,002177,2025-10-17 22:57:20
09:43:45,7.68,0.0,329,252676,卖盘,002177,2025-10-17 22:57:20
09:43:48,7.68,0.0,1943,1492224,卖盘,002177,2025-10-17 22:57:20
09:43:51,7.69,0.01,1520,1168514,买盘,002177,2025-10-17 22:57:20
09:43:54,7.7,0.01,415,319217,买盘,002177,2025-10-17 22:57:20
09:43:57,7.69,-0.01,472,363377,卖盘,002177,2025-10-17 22:57:20
09:44:00,7.69,0.0,186,143134,卖盘,002177,2025-10-17 22:57:20
09:44:03,7.7,0.01,996,767175,中性盘,002177,2025-10-17 22:57:20
09:44:06,7.71,0.01,1549,1194646,中性盘,002177,2025-10-17 22:57:20
09:44:09,7.73,0.02,1384,1067478,买盘,002177,2025-10-17 22:57:20
09:44:12,7.74,0.01,400,309586,买盘,002177,2025-10-17 22:57:20
09:44:15,7.74,0.0,75,58008,买盘,002177,2025-10-17 22:57:20
09:44:18,7.73,-0.01,65,50292,卖盘,002177,2025-10-17 22:57:20
09:44:21,7.74,0.01,223,172491,中性盘,002177,2025-10-17 22:57:20
09:44:24,7.74,0.0,30,23204,卖盘,002177,2025-10-17 22:57:20
09:44:27,7.74,0.0,28,21648,买盘,002177,2025-10-17 22:57:20
09:44:30,7.73,-0.01,46,35576,卖盘,002177,2025-10-17 22:57:20
09:44:33,7.73,0.0,69,53337,卖盘,002177,2025-10-17 22:57:20
09:44:36,7.74,0.01,81,62670,买盘,002177,2025-10-17 22:57:20
09:44:39,7.73,-0.01,114,88132,卖盘,002177,2025-10-17 22:57:20
09:44:42,7.73,0.0,23,17781,卖盘,002177,2025-10-17 22:57:20
09:44:45,7.74,0.01,117,90485,买盘,002177,2025-10-17 22:57:20
09:44:48,7.73,-0.01,362,279933,卖盘,002177,2025-10-17 22:57:20
09:44:51,7.74,0.01,92,71146,买盘,002177,2025-10-17 22:57:20
09:44:54,7.73,-0.01,191,147645,卖盘,002177,2025-10-17 22:57:20
09:44:57,7.74,0.01,385,297985,买盘,002177,2025-10-17 22:57:20
09:45:00,7.74,0.0,32,24745,买盘,002177,2025-10-17 22:57:20
09:45:03,7.74,0.0,330,255145,买盘,002177,2025-10-17 22:57:20
09:45:06,7.77,0.03,3467,2686222,买盘,002177,2025-10-17 22:57:20
09:45:09,7.78,0.01,893,693607,买盘,002177,2025-10-17 22:57:20
09:45:12,7.78,0.0,1154,897225,买盘,002177,2025-10-17 22:57:20
09:45:15,7.77,-0.01,213,165647,卖盘,002177,2025-10-17 22:57:20
09:45:18,7.77,0.0,32,24862,买盘,002177,2025-10-17 22:57:20
09:45:21,7.75,-0.02,42,32550,卖盘,002177,2025-10-17 22:57:20
09:45:24,7.77,0.02,220,170701,买盘,002177,2025-10-17 22:57:20
09:45:27,7.76,-0.01,226,175168,买盘,002177,2025-10-17 22:57:20
09:45:30,7.76,0.0,7,5432,买盘,002177,2025-10-17 22:57:20
09:45:33,7.76,0.0,566,439199,买盘,002177,2025-10-17 22:57:20
09:45:36,7.76,0.0,474,367997,买盘,002177,2025-10-17 22:57:20
09:45:39,7.79,0.03,742,577048,买盘,002177,2025-10-17 22:57:20
09:45:42,7.78,-0.01,529,411943,卖盘,002177,2025-10-17 22:57:20
09:45:45,7.8,0.02,747,581773,买盘,002177,2025-10-17 22:57:20
09:45:48,7.81,0.01,3059,2387027,买盘,002177,2025-10-17 22:57:20
09:45:51,7.83,0.02,690,538769,买盘,002177,2025-10-17 22:57:20
09:45:54,7.83,0.0,456,357046,买盘,002177,2025-10-17 22:57:20
09:45:57,7.86,0.03,1572,1233311,买盘,002177,2025-10-17 22:57:20
09:46:00,7.88,0.02,1140,896669,买盘,002177,2025-10-17 22:57:20
09:46:03,7.86,-0.02,572,450420,卖盘,002177,2025-10-17 22:57:20
09:46:06,7.86,0.0,938,738381,卖盘,002177,2025-10-17 22:57:20
09:46:09,7.88,0.02,2223,1751963,买盘,002177,2025-10-17 22:57:20
09:46:12,7.87,-0.01,1629,1283573,卖盘,002177,2025-10-17 22:57:20
09:46:15,7.88,0.01,831,654180,买盘,002177,2025-10-17 22:57:20
09:46:18,7.88,0.0,937,738152,买盘,002177,2025-10-17 22:57:20
09:46:21,7.89,0.01,3200,2525353,买盘,002177,2025-10-17 22:57:20
09:46:24,7.91,0.02,1386,1093900,买盘,002177,2025-10-17 22:57:20
09:46:27,7.91,0.0,1060,838807,卖盘,002177,2025-10-17 22:57:20
09:46:30,7.93,0.02,2765,2189630,买盘,002177,2025-10-17 22:57:20
09:46:33,7.96,0.03,2793,2221750,买盘,002177,2025-10-17 22:57:20
09:46:36,7.99,0.03,1712,1364941,买盘,002177,2025-10-17 22:57:20
09:46:39,7.98,-0.01,2164,1727969,卖盘,002177,2025-10-17 22:57:20
09:46:42,7.98,0.0,2403,1920071,卖盘,002177,2025-10-17 22:57:20
09:46:45,7.98,0.0,2379,1898294,卖盘,002177,2025-10-17 22:57:20
09:46:48,7.97,-0.01,1758,1401518,中性盘,002177,2025-10-17 22:57:20
09:46:51,7.97,0.0,1965,1567337,买盘,002177,2025-10-17 22:57:20
09:46:54,7.96,-0.01,2308,1839753,中性盘,002177,2025-10-17 22:57:20
09:46:57,7.95,-0.01,1528,1216912,中性盘,002177,2025-10-17 22:57:20
09:47:00,7.95,0.0,826,656458,买盘,002177,2025-10-17 22:57:20
09:47:03,7.96,0.01,2388,1900682,买盘,002177,2025-10-17 22:57:20
09:47:06,7.96,0.0,1122,892496,卖盘,002177,2025-10-17 22:57:20
09:47:09,7.96,0.0,1470,1170261,卖盘,002177,2025-10-17 22:57:20
09:47:12,7.96,0.0,1220,971485,卖盘,002177,2025-10-17 22:57:20
09:47:15,7.96,0.0,545,433702,买盘,002177,2025-10-17 22:57:20
09:47:18,7.95,-0.01,969,770938,中性盘,002177,2025-10-17 22:57:20
09:47:21,7.94,-0.01,1307,1038952,卖盘,002177,2025-10-17 22:57:20
09:47:24,7.93,-0.01,446,354128,卖盘,002177,2025-10-17 22:57:20
09:47:27,7.92,-0.01,148,117423,卖盘,002177,2025-10-17 22:57:20
09:47:30,7.93,0.01,494,391632,买盘,002177,2025-10-17 22:57:20
09:47:33,7.92,-0.01,572,453041,卖盘,002177,2025-10-17 22:57:20
09:47:36,7.91,-0.01,628,497296,卖盘,002177,2025-10-17 22:57:20
09:47:39,7.92,0.01,609,482221,买盘,002177,2025-10-17 22:57:20
09:47:42,7.92,0.0,530,419556,卖盘,002177,2025-10-17 22:57:20
09:47:45,7.91,-0.01,1286,1018671,卖盘,002177,2025-10-17 22:57:20
09:47:48,7.93,0.02,1571,1245771,买盘,002177,2025-10-17 22:57:20
09:47:51,7.94,0.01,457,362330,买盘,002177,2025-10-17 22:57:20
09:47:54,7.94,0.0,694,550787,买盘,002177,2025-10-17 22:57:20
09:47:57,7.94,0.0,461,366247,买盘,002177,2025-10-17 22:57:20
09:48:00,7.95,0.01,514,408333,买盘,002177,2025-10-17 22:57:20
09:48:03,7.95,0.0,438,348306,买盘,002177,2025-10-17 22:57:20
09:48:06,7.95,0.0,967,769048,卖盘,002177,2025-10-17 22:57:20
09:48:09,7.96,0.01,810,644602,买盘,002177,2025-10-17 22:57:20
09:48:12,7.96,0.0,969,771324,买盘,002177,2025-10-17 22:57:20
09:48:15,7.96,0.0,766,610288,卖盘,002177,2025-10-17 22:57:20
09:48:18,7.97,0.01,1849,1472987,买盘,002177,2025-10-17 22:57:20
09:48:21,7.98,0.01,1237,986399,买盘,002177,2025-10-17 22:57:20
09:48:24,7.98,0.0,2516,2007417,买盘,002177,2025-10-17 22:57:20
09:48:27,7.98,0.0,1411,1126486,卖盘,002177,2025-10-17 22:57:20
09:48:30,7.99,0.01,1727,1378834,买盘,002177,2025-10-17 22:57:20
09:48:33,7.99,0.0,1934,1544386,买盘,002177,2025-10-17 22:57:20
09:48:36,7.99,0.0,2008,1603729,买盘,002177,2025-10-17 22:57:20
09:48:39,7.99,0.0,2620,2093364,买盘,002177,2025-10-17 22:57:20
09:48:42,7.99,0.0,2118,1691519,中性盘,002177,2025-10-17 22:57:20
09:48:45,7.98,-0.01,1439,1149080,卖盘,002177,2025-10-17 22:57:20
09:48:48,7.99,0.01,2709,2164253,买盘,002177,2025-10-17 22:57:20
09:48:51,7.99,0.0,2619,2091191,买盘,002177,2025-10-17 22:57:20
09:48:54,7.99,0.0,1943,1552703,买盘,002177,2025-10-17 22:57:20
09:48:57,7.98,-0.01,2057,1643093,卖盘,002177,2025-10-17 22:57:20
09:49:00,7.99,0.01,2061,1646540,买盘,002177,2025-10-17 22:57:20
09:49:03,7.99,0.0,2563,2048655,卖盘,002177,2025-10-17 22:57:20
09:49:06,7.99,0.0,1213,969490,卖盘,002177,2025-10-17 22:57:20
09:49:09,7.99,0.0,2433,1943792,买盘,002177,2025-10-17 22:57:20
09:49:12,7.97,-0.02,1482,1183839,卖盘,002177,2025-10-17 22:57:20
09:49:15,8.0,0.03,2191,1751029,买盘,002177,2025-10-17 22:57:20
09:49:18,7.98,-0.02,988,789523,卖盘,002177,2025-10-17 22:57:20
09:49:21,7.99,0.01,1179,941796,买盘,002177,2025-10-17 22:57:20
09:49:24,7.99,0.0,741,592046,买盘,002177,2025-10-17 22:57:20
09:49:27,7.99,0.0,794,634541,卖盘,002177,2025-10-17 22:57:20
09:49:30,7.99,0.0,1286,1028202,卖盘,002177,2025-10-17 22:57:20
09:49:33,7.99,0.0,1085,867601,卖盘,002177,2025-10-17 22:57:20
09:49:36,8.0,0.01,1629,1302504,买盘,002177,2025-10-17 22:57:20
09:49:39,8.0,0.0,896,716612,买盘,002177,2025-10-17 22:57:20
09:49:42,8.0,0.0,1143,914406,买盘,002177,2025-10-17 22:57:20
09:49:45,8.01,0.01,542,433751,买盘,002177,2025-10-17 22:57:20
09:49:48,8.01,0.0,803,643055,买盘,002177,2025-10-17 22:57:20
09:49:51,8.01,0.0,780,624775,买盘,002177,2025-10-17 22:57:20
09:49:54,8.02,0.01,816,653828,买盘,002177,2025-10-17 22:57:20
09:49:57,8.02,0.0,836,670335,买盘,002177,2025-10-17 22:57:20
09:50:00,8.02,0.0,299,239743,买盘,002177,2025-10-17 22:57:20
09:50:03,8.03,0.01,905,726466,买盘,002177,2025-10-17 22:57:20
09:50:06,8.03,0.0,1507,1209130,买盘,002177,2025-10-17 22:57:20
09:50:09,8.04,0.01,1080,867738,买盘,002177,2025-10-17 22:57:20
09:50:12,8.05,0.01,2162,1738401,买盘,002177,2025-10-17 22:57:20
09:50:15,8.05,0.0,930,748171,买盘,002177,2025-10-17 22:57:20
09:50:18,8.06,0.01,2820,2268971,买盘,002177,2025-10-17 22:57:20
09:50:21,8.06,0.0,1469,1182891,买盘,002177,2025-10-17 22:57:20
09:50:24,8.06,0.0,1842,1484535,买盘,002177,2025-10-17 22:57:20
09:50:27,8.06,0.0,3399,2738292,卖盘,002177,2025-10-17 22:57:20
09:50:30,8.07,0.01,1566,1262679,中性盘,002177,2025-10-17 22:57:20
09:50:33,8.07,0.0,1458,1176312,买盘,002177,2025-10-17 22:57:20
09:50:36,8.08,0.01,1653,1334655,买盘,002177,2025-10-17 22:57:20
09:50:39,8.07,-0.01,2447,1973163,卖盘,002177,2025-10-17 22:57:20
09:50:42,8.07,0.0,1439,1161734,买盘,002177,2025-10-17 22:57:20
09:50:45,8.06,-0.01,1577,1272568,卖盘,002177,2025-10-17 22:57:20
09:50:48,8.05,-0.01,1575,1268658,卖盘,002177,2025-10-17 22:57:20
09:50:51,8.05,0.0,897,722465,买盘,002177,2025-10-17 22:57:20
09:50:54,8.05,0.0,1118,899332,买盘,002177,2025-10-17 22:57:20
09:50:57,8.04,-0.01,1171,941530,中性盘,002177,2025-10-17 22:57:20
09:51:00,8.04,0.0,724,581784,买盘,002177,2025-10-17 22:57:20
09:51:03,8.03,-0.01,1252,1005855,卖盘,002177,2025-10-17 22:57:20
09:51:06,8.03,0.0,1123,901542,买盘,002177,2025-10-17 22:57:20
09:51:09,8.03,0.0,1071,859709,买盘,002177,2025-10-17 22:57:20
09:51:12,8.02,-0.01,1122,900577,卖盘,002177,2025-10-17 22:57:20
09:51:15,8.02,0.0,849,681109,卖盘,002177,2025-10-17 22:57:20
09:51:18,8.02,0.0,564,452035,买盘,002177,2025-10-17 22:57:20
09:51:21,8.01,-0.01,745,596900,卖盘,002177,2025-10-17 22:57:20
09:51:24,8.0,-0.01,414,331531,卖盘,002177,2025-10-17 22:57:20
09:51:27,8.0,0.0,894,715791,卖盘,002177,2025-10-17 22:57:20
09:51:30,8.0,0.0,1714,1372599,卖盘,002177,2025-10-17 22:57:20
09:51:33,8.0,0.0,1281,1025028,卖盘,002177,2025-10-17 22:57:20
09:51:36,7.99,-0.01,375,299925,卖盘,002177,2025-10-17 22:57:20
09:51:39,8.0,0.01,240,191941,买盘,002177,2025-10-17 22:57:20
09:51:42,8.0,0.0,468,374091,买盘,002177,2025-10-17 22:57:20
09:51:45,8.0,0.0,492,393292,买盘,002177,2025-10-17 22:57:20
09:51:48,7.99,-0.01,157,125458,中性盘,002177,2025-10-17 22:57:20
09:51:51,7.99,0.0,178,142120,买盘,002177,2025-10-17 22:57:20
09:51:54,7.98,-0.01,251,200412,卖盘,002177,2025-10-17 22:57:20
09:51:57,7.98,0.0,650,518978,卖盘,002177,2025-10-17 22:57:20
09:52:00,7.98,0.0,1196,954211,卖盘,002177,2025-10-17 22:57:20
09:52:03,7.98,0.0,586,467809,卖盘,002177,2025-10-17 22:57:20
09:52:06,7.98,0.0,371,296042,卖盘,002177,2025-10-17 22:57:20
09:52:09,7.98,0.0,311,248164,买盘,002177,2025-10-17 22:57:20
09:52:12,7.97,-0.01,202,161179,卖盘,002177,2025-10-17 22:57:20
09:52:15,7.98,0.01,137,109303,买盘,002177,2025-10-17 22:57:20
09:52:18,7.98,0.0,310,247155,买盘,002177,2025-10-17 22:57:20
09:52:21,7.98,0.0,263,209808,买盘,002177,2025-10-17 22:57:20
09:52:24,7.98,0.0,588,469146,买盘,002177,2025-10-17 22:57:20
09:52:27,7.97,-0.01,395,315205,卖盘,002177,2025-10-17 22:57:20
09:52:30,7.98,0.01,504,402211,卖盘,002177,2025-10-17 22:57:20
09:52:33,7.99,0.01,810,646413,买盘,002177,2025-10-17 22:57:20
09:52:36,7.99,0.0,462,369080,买盘,002177,2025-10-17 22:57:20
09:52:39,7.99,0.0,365,291777,卖盘,002177,2025-10-17 22:57:20
09:52:42,8.0,0.01,201,160700,买盘,002177,2025-10-17 22:57:20
09:52:45,7.99,-0.01,595,475896,卖盘,002177,2025-10-17 22:57:20
09:52:48,8.0,0.01,1204,963159,买盘,002177,2025-10-17 22:57:20
09:52:51,8.0,0.0,214,171181,卖盘,002177,2025-10-17 22:57:20
09:52:54,8.0,0.0,1067,853318,买盘,002177,2025-10-17 22:57:20
09:52:57,8.01,0.01,460,368103,买盘,002177,2025-10-17 22:57:20
09:53:00,8.01,0.0,238,190564,买盘,002177,2025-10-17 22:57:20
09:53:03,8.01,0.0,355,284284,买盘,002177,2025-10-17 22:57:20
09:53:06,8.02,0.01,472,377928,买盘,002177,2025-10-17 22:57:20
09:53:09,8.02,0.0,260,208331,买盘,002177,2025-10-17 22:57:20
09:53:12,8.02,0.0,827,662813,买盘,002177,2025-10-17 22:57:20
09:53:15,8.02,0.0,391,313400,买盘,002177,2025-10-17 22:57:20
09:53:18,8.02,0.0,540,432948,买盘,002177,2025-10-17 22:57:20
09:53:21,8.01,-0.01,314,251767,卖盘,002177,2025-10-17 22:57:20
09:53:24,8.02,0.01,220,176440,中性盘,002177,2025-10-17 22:57:20
09:53:27,8.03,0.01,664,532636,买盘,002177,2025-10-17 22:57:20
09:53:30,8.02,-0.01,465,373216,买盘,002177,2025-10-17 22:57:20
09:53:33,8.03,0.01,376,301617,买盘,002177,2025-10-17 22:57:20
09:53:36,8.02,-0.01,727,583491,卖盘,002177,2025-10-17 22:57:20
09:53:39,8.03,0.01,416,333929,买盘,002177,2025-10-17 22:57:20
09:53:42,8.03,0.0,694,557165,买盘,002177,2025-10-17 22:57:20
09:53:45,8.03,0.0,339,272180,买盘,002177,2025-10-17 22:57:20
09:53:48,8.02,-0.01,335,268934,卖盘,002177,2025-10-17 22:57:20
09:53:51,8.03,0.01,798,640206,买盘,002177,2025-10-17 22:57:20
09:53:54,8.02,-0.01,472,378954,卖盘,002177,2025-10-17 22:57:20
09:53:57,8.03,0.01,445,357041,买盘,002177,2025-10-17 22:57:20
09:54:00,8.02,-0.01,793,636139,卖盘,002177,2025-10-17 22:57:20
09:54:03,8.03,0.01,484,388472,买盘,002177,2025-10-17 22:57:20
09:54:06,8.03,0.0,264,211844,买盘,002177,2025-10-17 22:57:20
09:54:09,8.02,-0.01,769,616950,卖盘,002177,2025-10-17 22:57:20
09:54:12,8.02,0.0,836,670881,卖盘,002177,2025-10-17 22:57:20
09:54:15,8.01,-0.01,378,303144,卖盘,002177,2025-10-17 22:57:20
09:54:18,8.01,0.0,397,318350,卖盘,002177,2025-10-17 22:57:20
09:54:21,8.01,0.0,454,363767,卖盘,002177,2025-10-17 22:57:20
09:54:24,8.01,0.0,687,550287,卖盘,002177,2025-10-17 22:57:20
09:54:27,7.98,-0.03,2087,1667874,卖盘,002177,2025-10-17 22:57:20
09:54:30,8.01,0.03,58,46369,买盘,002177,2025-10-17 22:57:20
09:54:33,8.0,-0.01,352,281490,卖盘,002177,2025-10-17 22:57:20
09:54:36,8.0,0.0,92,73600,买盘,002177,2025-10-17 22:57:20
09:54:39,7.99,-0.01,73,58272,中性盘,002177,2025-10-17 22:57:20
09:54:42,7.98,-0.01,1341,1068827,卖盘,002177,2025-10-17 22:57:20
09:54:45,7.98,0.0,22,17539,买盘,002177,2025-10-17 22:57:20
09:54:48,7.98,0.0,333,265746,买盘,002177,2025-10-17 22:57:20
09:54:51,7.98,0.0,250,199272,卖盘,002177,2025-10-17 22:57:20
09:54:54,7.96,-0.02,269,214410,卖盘,002177,2025-10-17 22:57:20
09:54:57,7.96,0.0,122,97173,卖盘,002177,2025-10-17 22:57:20
09:55:00,7.96,0.0,97,77332,买盘,002177,2025-10-17 22:57:20
09:55:03,7.98,0.02,838,668275,买盘,002177,2025-10-17 22:57:20
09:55:06,7.96,-0.02,407,324673,卖盘,002177,2025-10-17 22:57:20
09:55:09,7.97,0.01,94,74843,中性盘,002177,2025-10-17 22:57:20
09:55:12,7.96,-0.01,272,216703,卖盘,002177,2025-10-17 22:57:20
09:55:15,7.97,0.01,133,105890,买盘,002177,2025-10-17 22:57:20
09:55:18,7.96,-0.01,238,189499,卖盘,002177,2025-10-17 22:57:20
09:55:21,7.96,0.0,186,148275,卖盘,002177,2025-10-17 22:57:20
09:55:24,7.97,0.01,328,261100,买盘,002177,2025-10-17 22:57:20
09:55:27,7.96,-0.01,347,276459,卖盘,002177,2025-10-17 22:57:20
09:55:30,7.97,0.01,79,62907,买盘,002177,2025-10-17 22:57:20
09:55:33,7.97,0.0,833,663181,买盘,002177,2025-10-17 22:57:20
09:55:36,7.96,-0.01,202,160829,卖盘,002177,2025-10-17 22:57:20
09:55:39,7.96,0.0,57,45372,买盘,002177,2025-10-17 22:57:20
09:55:42,7.96,0.0,218,173510,买盘,002177,2025-10-17 22:57:20
09:55:45,7.95,-0.01,153,121721,卖盘,002177,2025-10-17 22:57:20
09:55:48,7.96,0.01,578,459688,买盘,002177,2025-10-17 22:57:20
09:55:51,7.96,0.0,440,350240,卖盘,002177,2025-10-17 22:57:20
09:55:54,7.95,-0.01,427,339846,卖盘,002177,2025-10-17 22:57:20
09:55:57,7.96,0.01,561,446545,买盘,002177,2025-10-17 22:57:20
09:56:00,7.96,0.0,674,536377,买盘,002177,2025-10-17 22:57:20
09:56:03,7.96,0.0,252,200383,买盘,002177,2025-10-17 22:57:20
09:56:06,7.95,-0.01,303,240994,卖盘,002177,2025-10-17 22:57:20
09:56:09,7.95,0.0,354,281508,卖盘,002177,2025-10-17 22:57:20
09:56:12,7.96,0.01,649,516114,买盘,002177,2025-10-17 22:57:20
09:56:15,7.95,-0.01,378,300659,卖盘,002177,2025-10-17 22:57:20
09:56:18,7.95,0.0,230,182850,买盘,002177,2025-10-17 22:57:20
09:56:21,7.96,0.01,271,215437,买盘,002177,2025-10-17 22:57:20
09:56:24,7.95,-0.01,200,159109,卖盘,002177,2025-10-17 22:57:20
09:56:27,7.96,0.01,115,91426,买盘,002177,2025-10-17 22:57:20
09:56:30,7.95,-0.01,204,162180,卖盘,002177,2025-10-17 22:57:20
09:56:33,7.95,0.0,110,87462,卖盘,002177,2025-10-17 22:57:20
09:56:36,7.95,0.0,117,93018,卖盘,002177,2025-10-17 22:57:20
09:56:39,7.95,0.0,291,231384,买盘,002177,2025-10-17 22:57:20
09:56:42,7.96,0.01,385,306370,买盘,002177,2025-10-17 22:57:20
09:56:45,7.96,0.0,697,554705,买盘,002177,2025-10-17 22:57:20
09:56:48,7.95,-0.01,425,338157,卖盘,002177,2025-10-17 22:57:20
09:56:51,7.96,0.01,278,221258,买盘,002177,2025-10-17 22:57:20
09:56:54,7.95,-0.01,208,165432,卖盘,002177,2025-10-17 22:57:20
09:56:57,7.95,0.0,78,62024,卖盘,002177,2025-10-17 22:57:20
09:57:00,7.95,0.0,229,182096,卖盘,002177,2025-10-17 22:57:20
09:57:03,7.95,0.0,194,154237,卖盘,002177,2025-10-17 22:57:20
09:57:06,7.95,0.0,167,132775,卖盘,002177,2025-10-17 22:57:20
09:57:09,7.95,0.0,313,248840,卖盘,002177,2025-10-17 22:57:20
09:57:12,7.95,0.0,99,78706,卖盘,002177,2025-10-17 22:57:20
09:57:15,7.95,0.0,149,118462,卖盘,002177,2025-10-17 22:57:20
09:57:18,7.96,0.01,215,171009,买盘,002177,2025-10-17 22:57:20
09:57:21,7.95,-0.01,183,145510,卖盘,002177,2025-10-17 22:57:20
09:57:24,7.96,0.01,118,93869,买盘,002177,2025-10-17 22:57:20
09:57:27,7.96,0.0,352,279980,买盘,002177,2025-10-17 22:57:20
09:57:30,7.96,0.0,288,229117,买盘,002177,2025-10-17 22:57:20
09:57:33,7.96,0.0,483,384342,买盘,002177,2025-10-17 22:57:20
09:57:36,7.96,0.0,73,58108,买盘,002177,2025-10-17 22:57:20
09:57:39,7.96,0.0,105,83580,卖盘,002177,2025-10-17 22:57:20
09:57:42,7.96,0.0,120,95556,卖盘,002177,2025-10-17 22:57:20
09:57:45,7.96,0.0,127,101092,卖盘,002177,2025-10-17 22:57:20
09:57:48,7.96,0.0,229,182481,卖盘,002177,2025-10-17 22:57:20
09:57:51,7.97,0.01,153,121941,买盘,002177,2025-10-17 22:57:20
09:57:54,7.97,0.0,93,74063,买盘,002177,2025-10-17 22:57:20
09:57:57,7.97,0.0,65,51795,买盘,002177,2025-10-17 22:57:20
09:58:00,7.98,0.01,28,22317,买盘,002177,2025-10-17 22:57:20
09:58:03,7.98,0.0,32,25528,买盘,002177,2025-10-17 22:57:20
09:58:06,7.98,0.0,306,244186,买盘,002177,2025-10-17 22:57:20
09:58:09,7.99,0.01,41,32732,买盘,002177,2025-10-17 22:57:20
09:58:12,7.99,0.0,103,82278,买盘,002177,2025-10-17 22:57:20
09:58:15,7.99,0.0,903,721487,买盘,002177,2025-10-17 22:57:20
09:58:18,8.0,0.01,17,13591,买盘,002177,2025-10-17 22:57:20
09:58:21,8.0,0.0,213,170347,买盘,002177,2025-10-17 22:57:20
09:58:24,8.0,0.0,247,197526,买盘,002177,2025-10-17 22:57:20
09:58:27,7.99,-0.01,1253,1002056,卖盘,002177,2025-10-17 22:57:20
09:58:30,8.0,0.01,335,267891,买盘,002177,2025-10-17 22:57:20
09:58:33,8.0,0.0,432,345500,买盘,002177,2025-10-17 22:57:20
09:58:36,8.0,0.0,313,250390,买盘,002177,2025-10-17 22:57:20
09:58:39,8.0,0.0,233,186400,卖盘,002177,2025-10-17 22:57:20
09:58:42,8.0,0.0,142,113620,卖盘,002177,2025-10-17 22:57:20
09:58:45,8.01,0.01,503,402797,买盘,002177,2025-10-17 22:57:20
09:58:48,8.01,0.0,123,98448,买盘,002177,2025-10-17 22:57:20
09:58:51,8.0,-0.01,374,299441,卖盘,002177,2025-10-17 22:57:20
09:58:54,8.01,0.01,610,488580,买盘,002177,2025-10-17 22:57:20
09:58:57,8.01,0.0,1220,977167,买盘,002177,2025-10-17 22:57:20
09:59:00,8.0,-0.01,440,352371,卖盘,002177,2025-10-17 22:57:20
09:59:03,8.01,0.01,129,103319,买盘,002177,2025-10-17 22:57:20
09:59:06,8.01,0.0,299,239499,卖盘,002177,2025-10-17 22:57:20
09:59:09,8.01,0.0,256,205002,卖盘,002177,2025-10-17 22:57:20
09:59:12,8.01,0.0,124,99318,买盘,002177,2025-10-17 22:57:20
09:59:15,8.0,-0.01,49,39225,卖盘,002177,2025-10-17 22:57:20
09:59:18,8.0,0.0,265,212253,卖盘,002177,2025-10-17 22:57:20
09:59:21,8.01,0.01,154,123242,买盘,002177,2025-10-17 22:57:20
09:59:24,8.01,0.0,384,307247,买盘,002177,2025-10-17 22:57:20
09:59:27,8.0,-0.01,809,647398,卖盘,002177,2025-10-17 22:57:20
09:59:30,8.0,0.0,511,409246,卖盘,002177,2025-10-17 22:57:20
09:59:33,8.0,0.0,331,265011,卖盘,002177,2025-10-17 22:57:20
09:59:36,8.0,0.0,536,428821,卖盘,002177,2025-10-17 22:57:20
09:59:39,8.0,0.0,473,378402,卖盘,002177,2025-10-17 22:57:20
09:59:42,8.01,0.01,947,758026,买盘,002177,2025-10-17 22:57:20
09:59:45,8.0,-0.01,556,444917,卖盘,002177,2025-10-17 22:57:20
09:59:48,8.0,0.0,467,373621,卖盘,002177,2025-10-17 22:57:20
09:59:51,8.0,0.0,530,424327,卖盘,002177,2025-10-17 22:57:20
09:59:54,8.0,0.0,154,123200,卖盘,002177,2025-10-17 22:57:20
09:59:57,8.0,0.0,43,34400,买盘,002177,2025-10-17 22:57:20
10:00:00,8.0,0.0,316,252797,买盘,002177,2025-10-17 22:57:20
10:00:03,8.0,0.0,473,378013,买盘,002177,2025-10-17 22:57:20
10:00:06,8.0,0.0,106,84735,买盘,002177,2025-10-17 22:57:20
10:00:09,7.99,-0.01,162,129468,卖盘,002177,2025-10-17 22:57:20
10:00:12,7.99,0.0,143,114360,卖盘,002177,2025-10-17 22:57:20
10:00:15,8.0,0.01,889,710403,买盘,002177,2025-10-17 22:57:20
10:00:18,7.99,-0.01,240,191862,卖盘,002177,2025-10-17 22:57:20
10:00:21,7.99,0.0,311,248489,卖盘,002177,2025-10-17 22:57:20
10:00:24,7.99,0.0,526,420557,卖盘,002177,2025-10-17 22:57:20
10:00:27,7.99,0.0,102,81478,买盘,002177,2025-10-17 22:57:20
10:00:30,7.99,0.0,94,75065,买盘,002177,2025-10-17 22:57:20
10:00:33,8.0,0.01,1041,831957,买盘,002177,2025-10-17 22:57:20
10:00:36,7.99,-0.01,531,424645,卖盘,002177,2025-10-17 22:57:20
10:00:39,7.99,0.0,149,119051,卖盘,002177,2025-10-17 22:57:20
10:00:42,7.99,0.0,123,98297,卖盘,002177,2025-10-17 22:57:20
10:00:45,7.99,0.0,489,390993,卖盘,002177,2025-10-17 22:57:20
10:00:48,7.99,0.0,114,91132,卖盘,002177,2025-10-17 22:57:20
10:00:51,7.99,0.0,175,139825,卖盘,002177,2025-10-17 22:57:20
10:00:54,8.0,0.01,34,27183,买盘,002177,2025-10-17 22:57:20
10:00:57,7.99,-0.01,284,226973,卖盘,002177,2025-10-17 22:57:20
10:01:00,7.99,0.0,776,620024,卖盘,002177,2025-10-17 22:57:20
10:01:03,7.99,0.0,134,107127,卖盘,002177,2025-10-17 22:57:20
10:01:06,7.99,0.0,656,524215,卖盘,002177,2025-10-17 22:57:20
10:01:09,7.99,0.0,688,549720,卖盘,002177,2025-10-17 22:57:20
10:01:12,7.99,0.0,87,69513,买盘,002177,2025-10-17 22:57:20
10:01:15,7.98,-0.01,162,129277,卖盘,002177,2025-10-17 22:57:20
10:01:18,7.99,0.01,136,108614,买盘,002177,2025-10-17 22:57:20
10:01:21,7.99,0.0,333,266021,买盘,002177,2025-10-17 22:57:20
10:01:24,7.98,-0.01,37,29540,卖盘,002177,2025-10-17 22:57:20
10:01:27,7.99,0.01,83,66290,买盘,002177,2025-10-17 22:57:20
10:01:30,7.99,0.0,58,46323,买盘,002177,2025-10-17 22:57:20
10:01:33,7.99,0.0,165,131743,买盘,002177,2025-10-17 22:57:20
10:01:36,7.98,-0.01,228,182031,卖盘,002177,2025-10-17 22:57:20
10:01:39,7.99,0.01,129,103042,买盘,002177,2025-10-17 22:57:20
10:01:42,7.98,-0.01,237,189126,卖盘,002177,2025-10-17 22:57:20
10:01:45,7.98,0.0,52,41496,买盘,002177,2025-10-17 22:57:20
10:01:48,7.98,0.0,137,109285,买盘,002177,2025-10-17 22:57:20
10:01:51,7.97,-0.01,686,546752,卖盘,002177,2025-10-17 22:57:20
10:01:54,7.97,0.0,108,86122,买盘,002177,2025-10-17 22:57:20
10:01:57,7.96,-0.01,60,47783,卖盘,002177,2025-10-17 22:57:20
10:02:00,7.97,0.01,266,211868,买盘,002177,2025-10-17 22:57:20
10:02:03,7.96,-0.01,233,185550,卖盘,002177,2025-10-17 22:57:20
10:02:06,7.96,0.0,114,90727,卖盘,002177,2025-10-17 22:57:20
10:02:09,7.96,0.0,150,119405,卖盘,002177,2025-10-17 22:57:20
10:02:12,7.96,0.0,340,270780,卖盘,002177,2025-10-17 22:57:20
10:02:15,7.96,0.0,59,46964,卖盘,002177,2025-10-17 22:57:20
10:02:18,7.96,0.0,295,234812,买盘,002177,2025-10-17 22:57:20
10:02:21,7.95,-0.01,148,117741,卖盘,002177,2025-10-17 22:57:20
10:02:24,7.95,0.0,46,36570,卖盘,002177,2025-10-17 22:57:20
10:02:27,7.95,0.0,186,147900,卖盘,002177,2025-10-17 22:57:20
10:02:30,7.95,0.0,411,326790,卖盘,002177,2025-10-17 22:57:20
10:02:33,7.96,0.01,302,240136,买盘,002177,2025-10-17 22:57:20
10:02:36,7.96,0.0,117,93038,买盘,002177,2025-10-17 22:57:20
10:02:39,7.95,-0.01,90,71550,卖盘,002177,2025-10-17 22:57:20
10:02:42,7.96,0.01,141,112189,买盘,002177,2025-10-17 22:57:20
10:02:45,7.95,-0.01,605,481516,卖盘,002177,2025-10-17 22:57:20
10:02:48,7.96,0.01,434,345819,中性盘,002177,2025-10-17 22:57:20
10:02:51,7.96,0.0,202,160800,卖盘,002177,2025-10-17 22:57:20
10:02:54,7.96,0.0,190,151404,卖盘,002177,2025-10-17 22:57:20
10:02:57,7.96,0.0,67,53357,卖盘,002177,2025-10-17 22:57:20
10:03:00,7.98,0.02,144,114815,买盘,002177,2025-10-17 22:57:20
10:03:03,7.97,-0.01,78,62166,卖盘,002177,2025-10-17 22:57:20
10:03:06,7.98,0.01,13,10364,买盘,002177,2025-10-17 22:57:20
10:03:09,7.98,0.0,245,195499,买盘,002177,2025-10-17 22:57:20
10:03:12,7.98,0.0,567,452461,买盘,002177,2025-10-17 22:57:20
10:03:15,7.99,0.01,2195,1753689,买盘,002177,2025-10-17 22:57:20
10:03:18,7.99,0.0,34,27154,买盘,002177,2025-10-17 22:57:20
10:03:21,7.99,0.0,166,132632,买盘,002177,2025-10-17 22:57:20
10:03:24,7.99,0.0,216,172580,买盘,002177,2025-10-17 22:57:20
10:03:27,7.99,0.0,140,111879,卖盘,002177,2025-10-17 22:57:20
10:03:30,8.0,0.01,84,67145,买盘,002177,2025-10-17 22:57:20
10:03:33,7.99,-0.01,137,109480,卖盘,002177,2025-10-17 22:57:20
10:03:36,7.99,0.0,84,67190,卖盘,002177,2025-10-17 22:57:20
10:03:39,8.0,0.01,203,162339,买盘,002177,2025-10-17 22:57:20
10:03:42,7.99,-0.01,260,207960,卖盘,002177,2025-10-17 22:57:20
10:03:45,8.0,0.01,581,464740,买盘,002177,2025-10-17 22:57:20
10:03:48,8.0,0.0,80,63987,买盘,002177,2025-10-17 22:57:20
10:03:51,7.99,-0.01,318,254099,卖盘,002177,2025-10-17 22:57:20
10:03:54,8.0,0.01,220,175876,买盘,002177,2025-10-17 22:57:20
10:03:57,8.0,0.0,6719,5376451,买盘,002177,2025-10-17 22:57:20
10:04:00,8.0,0.0,225,180067,卖盘,002177,2025-10-17 22:57:20
10:04:03,8.0,0.0,245,196061,卖盘,002177,2025-10-17 22:57:20
10:04:06,8.0,0.0,526,421172,卖盘,002177,2025-10-17 22:57:20
10:04:09,8.02,0.02,2781,2229462,买盘,002177,2025-10-17 22:57:20
10:04:12,8.03,0.01,5189,4168609,买盘,002177,2025-10-17 22:57:20
10:04:15,8.04,0.01,252,202511,买盘,002177,2025-10-17 22:57:20
10:04:18,8.04,0.0,836,672092,买盘,002177,2025-10-17 22:57:20
10:04:21,8.04,0.0,577,463806,买盘,002177,2025-10-17 22:57:20
10:04:24,8.04,0.0,786,631900,买盘,002177,2025-10-17 22:57:20
10:04:27,8.04,0.0,596,479132,买盘,002177,2025-10-17 22:57:20
10:04:30,8.05,0.01,3248,2613054,买盘,002177,2025-10-17 22:57:20
10:04:33,8.05,0.0,701,564165,买盘,002177,2025-10-17 22:57:20
10:04:36,8.05,0.0,1196,962699,买盘,002177,2025-10-17 22:57:20
10:04:39,8.05,0.0,1885,1517395,买盘,002177,2025-10-17 22:57:20
10:04:42,8.06,0.01,1263,1017349,买盘,002177,2025-10-17 22:57:20
10:04:45,8.06,0.0,449,361563,买盘,002177,2025-10-17 22:57:20
10:04:48,8.06,0.0,618,497828,买盘,002177,2025-10-17 22:57:20
10:04:51,8.06,0.0,658,530146,买盘,002177,2025-10-17 22:57:20
10:04:54,8.06,0.0,1170,942964,买盘,002177,2025-10-17 22:57:20
10:04:57,8.07,0.01,2056,1657524,买盘,002177,2025-10-17 22:57:20
10:05:00,8.06,-0.01,519,418386,卖盘,002177,2025-10-17 22:57:20
10:05:03,8.07,0.01,1909,1540534,买盘,002177,2025-10-17 22:57:20
10:05:06,8.08,0.01,1508,1217969,买盘,002177,2025-10-17 22:57:20
10:05:09,8.07,-0.01,2098,1694145,卖盘,002177,2025-10-17 22:57:20
10:05:12,8.07,0.0,1134,915823,卖盘,002177,2025-10-17 22:57:20
10:05:15,8.08,0.01,651,525813,买盘,002177,2025-10-17 22:57:20
10:05:18,8.08,0.0,2761,2228779,买盘,002177,2025-10-17 22:57:20
10:05:21,8.08,0.0,1980,1598434,买盘,002177,2025-10-17 22:57:20
10:05:24,8.08,0.0,661,533722,买盘,002177,2025-10-17 22:57:20
10:05:27,8.08,0.0,662,534838,买盘,002177,2025-10-17 22:57:20
10:05:30,8.08,0.0,921,743895,买盘,002177,2025-10-17 22:57:20
10:05:33,8.08,0.0,1210,977384,买盘,002177,2025-10-17 22:57:20
10:05:36,8.08,0.0,586,473198,买盘,002177,2025-10-17 22:57:20
10:05:39,8.07,-0.01,206,166240,卖盘,002177,2025-10-17 22:57:20
10:05:42,8.06,-0.01,180,145252,卖盘,002177,2025-10-17 22:57:20
10:05:45,8.07,0.01,378,304785,买盘,002177,2025-10-17 22:57:20
10:05:48,8.06,-0.01,765,617305,卖盘,002177,2025-10-17 22:57:20
10:05:51,8.06,0.0,443,357254,卖盘,002177,2025-10-17 22:57:20
10:05:54,8.07,0.01,550,443366,买盘,002177,2025-10-17 22:57:20
10:05:57,8.06,-0.01,1086,875421,卖盘,002177,2025-10-17 22:57:20
10:06:00,8.06,0.0,231,186186,买盘,002177,2025-10-17 22:57:20
10:06:03,8.06,0.0,495,398858,买盘,002177,2025-10-17 22:57:20
10:06:06,8.05,-0.01,311,250520,卖盘,002177,2025-10-17 22:57:20
10:06:09,8.05,0.0,335,269823,卖盘,002177,2025-10-17 22:57:20
10:06:12,8.04,-0.01,60,48294,卖盘,002177,2025-10-17 22:57:20
10:06:15,8.05,0.01,645,518667,买盘,002177,2025-10-17 22:57:20
10:06:18,8.04,-0.01,283,227561,卖盘,002177,2025-10-17 22:57:20
10:06:21,8.04,0.0,70,56280,买盘,002177,2025-10-17 22:57:20
10:06:24,8.05,0.01,1379,1109923,买盘,002177,2025-10-17 22:57:20
10:06:27,8.05,0.0,365,293809,卖盘,002177,2025-10-17 22:57:20
10:06:30,8.05,0.0,265,213209,卖盘,002177,2025-10-17 22:57:20
10:06:33,8.05,0.0,58,46686,买盘,002177,2025-10-17 22:57:20
10:06:36,8.05,0.0,107,86107,买盘,002177,2025-10-17 22:57:20
10:06:39,8.04,-0.01,487,391856,卖盘,002177,2025-10-17 22:57:20
10:06:42,8.04,0.0,135,108628,卖盘,002177,2025-10-17 22:57:20
10:06:45,8.04,0.0,153,123083,卖盘,002177,2025-10-17 22:57:20
10:06:48,8.04,0.0,305,245443,卖盘,002177,2025-10-17 22:57:20
10:06:51,8.04,0.0,219,176234,卖盘,002177,2025-10-17 22:57:20
10:06:54,8.04,0.0,139,111741,卖盘,002177,2025-10-17 22:57:20
10:07:00,8.03,-0.01,88,70705,卖盘,002177,2025-10-17 22:57:20
10:07:03,8.03,0.0,26,20876,买盘,002177,2025-10-17 22:57:20
10:07:06,8.03,0.0,118,94667,买盘,002177,2025-10-17 22:57:20
10:07:09,8.02,-0.01,152,121938,卖盘,002177,2025-10-17 22:57:20
10:07:12,8.02,0.0,88,70592,买盘,002177,2025-10-17 22:57:20
10:07:15,8.03,0.01,199,159571,买盘,002177,2025-10-17 22:57:20
10:07:18,8.03,0.0,1169,936456,买盘,002177,2025-10-17 22:57:20
10:07:21,8.03,0.0,102,81896,买盘,002177,2025-10-17 22:57:20
10:07:24,8.02,-0.01,132,105866,卖盘,002177,2025-10-17 22:57:20
10:07:27,8.02,0.0,149,119557,卖盘,002177,2025-10-17 22:57:20
10:07:30,8.03,0.01,72,57815,买盘,002177,2025-10-17 22:57:20
10:07:33,8.03,0.0,254,203736,买盘,002177,2025-10-17 22:57:20
10:07:36,8.03,0.0,29,23269,买盘,002177,2025-10-17 22:57:20
10:07:39,8.03,0.0,58,46535,买盘,002177,2025-10-17 22:57:20
10:07:42,8.03,0.0,348,279382,买盘,002177,2025-10-17 22:57:20
10:07:45,8.02,-0.01,337,270338,卖盘,002177,2025-10-17 22:57:20
10:07:48,8.03,0.01,181,145292,买盘,002177,2025-10-17 22:57:20
10:07:51,8.03,0.0,102,81872,买盘,002177,2025-10-17 22:57:20
10:07:54,8.02,-0.01,70,56171,卖盘,002177,2025-10-17 22:57:20
10:07:57,8.03,0.01,146,117114,买盘,002177,2025-10-17 22:57:20
10:08:00,8.03,0.0,143,114706,买盘,002177,2025-10-17 22:57:20
10:08:03,8.02,-0.01,10,8020,卖盘,002177,2025-10-17 22:57:20
10:08:06,8.03,0.01,150,120415,买盘,002177,2025-10-17 22:57:20
10:08:09,8.03,0.0,464,372259,买盘,002177,2025-10-17 22:57:20
10:08:12,8.02,-0.01,499,400660,卖盘,002177,2025-10-17 22:57:20
10:08:15,8.02,0.0,120,96275,卖盘,002177,2025-10-17 22:57:20
10:08:18,8.02,0.0,59,47322,买盘,002177,2025-10-17 22:57:20
10:08:21,8.02,0.0,56,44912,买盘,002177,2025-10-17 22:57:20
10:08:24,8.02,0.0,74,59338,卖盘,002177,2025-10-17 22:57:20
10:08:27,8.02,0.0,378,303043,买盘,002177,2025-10-17 22:57:20
10:08:30,8.02,0.0,212,169877,买盘,002177,2025-10-17 22:57:20
10:08:33,8.02,0.0,161,129122,买盘,002177,2025-10-17 22:57:20
10:08:36,8.02,0.0,334,267990,卖盘,002177,2025-10-17 22:57:20
10:08:39,8.02,0.0,113,90675,卖盘,002177,2025-10-17 22:57:20
10:08:42,8.02,0.0,139,111478,卖盘,002177,2025-10-17 22:57:20
10:08:45,8.02,0.0,693,555787,卖盘,002177,2025-10-17 22:57:20
10:08:48,8.02,0.0,211,169222,卖盘,002177,2025-10-17 22:57:20
10:08:51,8.02,0.0,169,135538,买盘,002177,2025-10-17 22:57:20
10:08:54,8.02,0.0,90,72180,买盘,002177,2025-10-17 22:57:20
10:08:57,8.02,0.0,48,38496,卖盘,002177,2025-10-17 22:57:20
10:09:00,8.03,0.01,68,54587,买盘,002177,2025-10-17 22:57:20
10:09:03,8.03,0.0,123,98698,买盘,002177,2025-10-17 22:57:20
10:09:06,8.03,0.0,73,58580,买盘,002177,2025-10-17 22:57:20
10:09:09,8.03,0.0,50,40150,买盘,002177,2025-10-17 22:57:20
10:09:12,8.02,-0.01,77,61768,卖盘,002177,2025-10-17 22:57:20
10:09:15,8.02,0.0,72,57767,卖盘,002177,2025-10-17 22:57:20
10:09:18,8.02,0.0,135,108291,卖盘,002177,2025-10-17 22:57:20
10:09:21,8.01,-0.01,240,192503,卖盘,002177,2025-10-17 22:57:20
10:09:24,8.02,0.01,94,75388,买盘,002177,2025-10-17 22:57:20
10:09:27,8.02,0.0,130,104249,买盘,002177,2025-10-17 22:57:20
10:09:30,8.02,0.0,35,28070,买盘,002177,2025-10-17 22:57:20
10:09:33,8.01,-0.01,197,157922,卖盘,002177,2025-10-17 22:57:20
10:09:36,8.01,0.0,247,198090,卖盘,002177,2025-10-17 22:57:20
10:09:39,8.01,0.0,58,46498,卖盘,002177,2025-10-17 22:57:20
10:09:42,8.02,0.01,85,68151,买盘,002177,2025-10-17 22:57:20
10:09:45,8.01,-0.01,399,319782,卖盘,002177,2025-10-17 22:57:20
10:09:48,8.02,0.01,42,33670,买盘,002177,2025-10-17 22:57:20
10:09:51,8.02,0.0,36,28857,买盘,002177,2025-10-17 22:57:20
10:09:54,8.02,0.0,76,60945,买盘,002177,2025-10-17 22:57:20
10:09:57,8.02,0.0,508,407192,买盘,002177,2025-10-17 22:57:20
10:10:00,8.02,0.0,92,73774,买盘,002177,2025-10-17 22:57:20
10:10:03,8.01,-0.01,29,23245,卖盘,002177,2025-10-17 22:57:20
10:10:06,8.02,0.01,162,129934,买盘,002177,2025-10-17 22:57:20
10:10:09,8.02,0.0,817,655989,卖盘,002177,2025-10-17 22:57:20
10:10:12,8.02,0.0,47,37694,卖盘,002177,2025-10-17 22:57:20
10:10:15,8.02,0.0,111,89042,卖盘,002177,2025-10-17 22:57:20
10:10:18,8.02,0.0,35,28067,卖盘,002177,2025-10-17 22:57:20
10:10:21,8.02,0.0,136,109072,买盘,002177,2025-10-17 22:57:20
10:10:24,8.02,0.0,126,101058,卖盘,002177,2025-10-17 22:57:20
10:10:27,8.02,0.0,22,17641,买盘,002177,2025-10-17 22:57:20
10:10:30,8.01,-0.01,226,181247,卖盘,002177,2025-10-17 22:57:20
10:10:33,8.01,0.0,212,169847,卖盘,002177,2025-10-17 22:57:20
10:10:36,8.01,0.0,60,48065,卖盘,002177,2025-10-17 22:57:20
10:10:39,8.01,0.0,130,104135,卖盘,002177,2025-10-17 22:57:20
10:10:42,8.01,0.0,91,72892,卖盘,002177,2025-10-17 22:57:20
10:10:45,8.02,0.01,344,275575,买盘,002177,2025-10-17 22:57:20
10:10:48,8.01,-0.01,92,73698,卖盘,002177,2025-10-17 22:57:20
10:10:51,8.01,0.0,263,210768,卖盘,002177,2025-10-17 22:57:20
10:10:54,8.01,0.0,131,104963,卖盘,002177,2025-10-17 22:57:20
10:10:57,8.01,0.0,200,160220,卖盘,002177,2025-10-17 22:57:20
10:11:00,8.01,0.0,92,73693,卖盘,002177,2025-10-17 22:57:20
10:11:03,8.02,0.01,122,97725,买盘,002177,2025-10-17 22:57:20
10:11:06,8.01,-0.01,530,424530,卖盘,002177,2025-10-17 22:57:20
10:11:09,8.01,0.0,25,20025,买盘,002177,2025-10-17 22:57:20
10:11:12,8.01,0.0,272,217854,买盘,002177,2025-10-17 22:57:20
10:11:15,8.01,0.0,69,55214,买盘,002177,2025-10-17 22:57:20
10:11:18,8.01,0.0,90,72044,买盘,002177,2025-10-17 22:57:20
10:11:21,8.0,-0.01,101,80880,卖盘,002177,2025-10-17 22:57:20
10:11:24,8.0,0.0,43,34401,卖盘,002177,2025-10-17 22:57:20
10:11:27,8.0,0.0,123,98401,卖盘,002177,2025-10-17 22:57:20
10:11:30,8.0,0.0,201,160804,卖盘,002177,2025-10-17 22:57:20
10:11:33,8.01,0.01,249,199211,买盘,002177,2025-10-17 22:57:20
10:11:36,8.0,-0.01,70,56010,卖盘,002177,2025-10-17 22:57:20
10:11:39,8.0,0.0,180,144133,卖盘,002177,2025-10-17 22:57:20
10:11:42,8.0,0.0,139,111225,卖盘,002177,2025-10-17 22:57:20
10:11:45,8.0,0.0,175,140000,卖盘,002177,2025-10-17 22:57:20
10:11:48,8.0,0.0,24,19200,卖盘,002177,2025-10-17 22:57:20
10:11:51,8.0,0.0,352,281601,卖盘,002177,2025-10-17 22:57:20
10:11:54,8.0,0.0,100,80000,卖盘,002177,2025-10-17 22:57:20
10:11:57,8.0,0.0,717,573608,卖盘,002177,2025-10-17 22:57:20
10:12:00,8.0,0.0,215,172000,买盘,002177,2025-10-17 22:57:20
10:12:03,8.0,0.0,99,79184,买盘,002177,2025-10-17 22:57:20
10:12:06,7.99,-0.01,231,184782,卖盘,002177,2025-10-17 22:57:20
10:12:09,7.99,0.0,313,250090,卖盘,002177,2025-10-17 22:57:20
10:12:12,8.0,0.01,142,113600,买盘,002177,2025-10-17 22:57:20
10:12:15,8.0,0.0,48,38364,买盘,002177,2025-10-17 22:57:20
10:12:18,7.99,-0.01,99,79175,卖盘,002177,2025-10-17 22:57:20
10:12:21,8.0,0.01,21,16783,买盘,002177,2025-10-17 22:57:20
10:12:24,7.99,-0.01,93,74327,卖盘,002177,2025-10-17 22:57:20
10:12:27,7.99,0.0,39,31169,卖盘,002177,2025-10-17 22:57:20
10:12:30,7.99,0.0,182,145446,卖盘,002177,2025-10-17 22:57:20
10:12:33,7.99,0.0,64,51149,买盘,002177,2025-10-17 22:57:20
10:12:36,7.99,0.0,138,110192,买盘,002177,2025-10-17 22:57:20
10:12:39,7.99,0.0,75,59925,卖盘,002177,2025-10-17 22:57:20
10:12:42,7.99,0.0,19,15172,买盘,002177,2025-10-17 22:57:20
10:12:45,7.99,0.0,59,47141,买盘,002177,2025-10-17 22:57:20
10:12:48,7.99,0.0,79,63160,卖盘,002177,2025-10-17 22:57:20
10:12:51,7.99,0.0,188,150279,卖盘,002177,2025-10-17 22:57:20
10:12:54,7.99,0.0,189,151048,卖盘,002177,2025-10-17 22:57:20
10:12:57,8.0,0.01,332,265314,买盘,002177,2025-10-17 22:57:20
10:13:00,7.99,-0.01,876,700599,卖盘,002177,2025-10-17 22:57:20
10:13:03,8.0,0.01,189,151117,买盘,002177,2025-10-17 22:57:20
10:13:06,7.99,-0.01,83,66320,卖盘,002177,2025-10-17 22:57:20
10:13:09,8.0,0.01,263,210375,买盘,002177,2025-10-17 22:57:20
10:13:12,7.99,-0.01,344,274946,卖盘,002177,2025-10-17 22:57:20
10:13:15,8.0,0.01,114,91143,买盘,002177,2025-10-17 22:57:20
10:13:18,7.99,-0.01,98,78302,卖盘,002177,2025-10-17 22:57:20
10:13:21,8.0,0.01,75,59933,买盘,002177,2025-10-17 22:57:20
10:13:24,7.99,-0.01,81,64732,卖盘,002177,2025-10-17 22:57:20
10:13:27,8.0,0.01,2783,2228445,买盘,002177,2025-10-17 22:57:20
10:13:30,8.01,0.01,59,47259,卖盘,002177,2025-10-17 22:57:20
10:13:33,8.01,0.0,64,51276,卖盘,002177,2025-10-17 22:57:20
10:13:36,8.02,0.01,260,208457,买盘,002177,2025-10-17 22:57:20
10:13:39,8.01,-0.01,564,452006,卖盘,002177,2025-10-17 22:57:20
10:13:42,8.02,0.01,218,174798,买盘,002177,2025-10-17 22:57:20
10:13:45,8.02,0.0,423,339246,买盘,002177,2025-10-17 22:57:20
10:13:48,8.02,0.0,34,27268,卖盘,002177,2025-10-17 22:57:20
10:13:51,8.02,0.0,967,776407,卖盘,002177,2025-10-17 22:57:20
10:13:54,8.02,0.0,442,354549,卖盘,002177,2025-10-17 22:57:20
10:13:57,8.03,0.01,127,101981,买盘,002177,2025-10-17 22:57:20
10:14:00,8.04,0.01,2004,1611183,买盘,002177,2025-10-17 22:57:20
10:14:03,8.04,0.0,138,111016,中性盘,002177,2025-10-17 22:57:20
10:14:06,8.05,0.01,7,5635,买盘,002177,2025-10-17 22:57:20
10:14:09,8.15,0.1,35047,28357571,买盘,002177,2025-10-17 22:57:20
10:14:12,8.16,0.01,3321,2707828,买盘,002177,2025-10-17 22:57:20
10:14:15,8.18,0.02,3560,2908746,买盘,002177,2025-10-17 22:57:20
10:14:18,8.18,0.0,997,815471,买盘,002177,2025-10-17 22:57:20
10:14:21,8.19,0.01,4316,3533110,买盘,002177,2025-10-17 22:57:20
10:14:24,8.19,0.0,1818,1489588,买盘,002177,2025-10-17 22:57:20
10:14:27,8.2,0.01,1099,900888,买盘,002177,2025-10-17 22:57:20
10:14:30,8.2,0.0,3806,3120608,买盘,002177,2025-10-17 22:57:20
10:14:33,8.2,0.0,3378,2769762,买盘,002177,2025-10-17 22:57:20
10:14:36,8.21,0.01,2142,1757038,买盘,002177,2025-10-17 22:57:20
10:14:39,8.21,0.0,1106,907433,买盘,002177,2025-10-17 22:57:20
10:14:42,8.22,0.01,1061,872243,买盘,002177,2025-10-17 22:57:20
10:14:45,8.23,0.01,1182,972281,买盘,002177,2025-10-17 22:57:20
10:14:48,8.24,0.01,796,655739,买盘,002177,2025-10-17 22:57:20
10:14:51,8.24,0.0,2268,1869114,买盘,002177,2025-10-17 22:57:20
10:14:54,8.24,0.0,1441,1188134,卖盘,002177,2025-10-17 22:57:20
10:14:57,8.25,0.01,2526,2083210,买盘,002177,2025-10-17 22:57:20
10:15:00,8.25,0.0,3187,2628361,买盘,002177,2025-10-17 22:57:20
10:15:03,8.25,0.0,1782,1471190,卖盘,002177,2025-10-17 22:57:20
10:15:06,8.25,0.0,1949,1610838,卖盘,002177,2025-10-17 22:57:20
10:15:09,8.25,0.0,1048,866076,卖盘,002177,2025-10-17 22:57:20
10:15:12,8.26,0.01,1682,1388309,买盘,002177,2025-10-17 22:57:20
10:15:15,8.26,0.0,1293,1067890,卖盘,002177,2025-10-17 22:57:20
10:15:18,8.25,-0.01,1132,934988,卖盘,002177,2025-10-17 22:57:20
10:15:21,8.25,0.0,2115,1746277,卖盘,002177,2025-10-17 22:57:20
10:15:24,8.24,-0.01,1067,880437,卖盘,002177,2025-10-17 22:57:20
10:15:27,8.24,0.0,1185,977767,卖盘,002177,2025-10-17 22:57:20
10:15:30,8.23,-0.01,868,715027,卖盘,002177,2025-10-17 22:57:20
10:15:33,8.24,0.01,2853,2350101,买盘,002177,2025-10-17 22:57:20
10:15:36,8.22,-0.02,784,644909,卖盘,002177,2025-10-17 22:57:20
10:15:39,8.22,0.0,476,391401,卖盘,002177,2025-10-17 22:57:20
10:15:42,8.21,-0.01,599,492232,卖盘,002177,2025-10-17 22:57:20
10:15:45,8.2,-0.01,350,287119,卖盘,002177,2025-10-17 22:57:20
10:15:48,8.2,0.0,778,637963,卖盘,002177,2025-10-17 22:57:20
10:15:51,8.2,0.0,550,450617,买盘,002177,2025-10-17 22:57:20
10:15:54,8.19,-0.01,651,533399,买盘,002177,2025-10-17 22:57:20
10:15:57,8.17,-0.02,883,723192,卖盘,002177,2025-10-17 22:57:20
10:16:00,8.17,0.0,378,308976,卖盘,002177,2025-10-17 22:57:20
10:16:03,8.17,0.0,627,512469,卖盘,002177,2025-10-17 22:57:20
10:16:06,8.17,0.0,241,196869,卖盘,002177,2025-10-17 22:57:20
10:16:09,8.16,-0.01,467,381425,卖盘,002177,2025-10-17 22:57:20
10:16:12,8.17,0.01,491,401014,买盘,002177,2025-10-17 22:57:20
10:16:15,8.17,0.0,1083,884305,买盘,002177,2025-10-17 22:57:20
10:16:18,8.18,0.01,1432,1169725,买盘,002177,2025-10-17 22:57:20
10:16:21,8.19,0.01,693,567084,买盘,002177,2025-10-17 22:57:20
10:16:24,8.2,0.01,765,626483,买盘,002177,2025-10-17 22:57:20
10:16:27,8.2,0.0,1572,1288900,买盘,002177,2025-10-17 22:57:20
10:16:30,8.21,0.01,938,769231,买盘,002177,2025-10-17 22:57:20
10:16:33,8.22,0.01,461,378503,买盘,002177,2025-10-17 22:57:20
10:16:36,8.23,0.01,890,731748,买盘,002177,2025-10-17 22:57:20
10:16:39,8.23,0.0,611,502704,买盘,002177,2025-10-17 22:57:20
10:16:42,8.24,0.01,2330,1916156,买盘,002177,2025-10-17 22:57:20
10:16:45,8.24,0.0,945,778411,买盘,002177,2025-10-17 22:57:20
10:16:48,8.24,0.0,3273,2697775,买盘,002177,2025-10-17 22:57:20
10:16:51,8.24,0.0,818,674298,卖盘,002177,2025-10-17 22:57:20
10:16:54,8.25,0.01,2022,1667610,买盘,002177,2025-10-17 22:57:20
10:16:57,8.25,0.0,999,824292,买盘,002177,2025-10-17 22:57:20
10:17:00,8.26,0.01,1125,928364,买盘,002177,2025-10-17 22:57:20
10:17:03,8.26,0.0,1674,1382500,买盘,002177,2025-10-17 22:57:20
10:17:06,8.26,0.0,1587,1310658,买盘,002177,2025-10-17 22:57:20
10:17:09,8.26,0.0,808,667736,卖盘,002177,2025-10-17 22:57:20
10:17:12,8.27,0.01,1383,1142967,买盘,002177,2025-10-17 22:57:20
10:17:15,8.27,0.0,1945,1607818,买盘,002177,2025-10-17 22:57:20
10:17:18,8.27,0.0,1339,1106464,买盘,002177,2025-10-17 22:57:20
10:17:21,8.27,0.0,1862,1538518,买盘,002177,2025-10-17 22:57:20
10:17:24,8.26,-0.01,697,576075,卖盘,002177,2025-10-17 22:57:20
10:17:27,8.25,-0.01,729,602261,卖盘,002177,2025-10-17 22:57:20
10:17:30,8.25,0.0,984,812351,卖盘,002177,2025-10-17 22:57:20
10:17:33,8.25,0.0,421,347188,买盘,002177,2025-10-17 22:57:20
10:17:36,8.25,0.0,836,689481,买盘,002177,2025-10-17 22:57:20
10:17:39,8.24,-0.01,1281,1055837,买盘,002177,2025-10-17 22:57:20
10:17:42,8.24,0.0,805,663079,买盘,002177,2025-10-17 22:57:20
10:17:45,8.24,0.0,499,410755,买盘,002177,2025-10-17 22:57:20
10:17:48,8.24,0.0,949,781503,买盘,002177,2025-10-17 22:57:20
10:17:51,8.24,0.0,358,294804,卖盘,002177,2025-10-17 22:57:20
10:17:54,8.23,-0.01,434,357534,卖盘,002177,2025-10-17 22:57:20
10:17:57,8.24,0.01,331,272559,买盘,002177,2025-10-17 22:57:20
10:18:00,8.22,-0.02,256,210668,卖盘,002177,2025-10-17 22:57:20
10:18:03,8.23,0.01,361,296743,买盘,002177,2025-10-17 22:57:20
10:18:06,8.22,-0.01,139,114188,中性盘,002177,2025-10-17 22:57:20
10:18:09,8.22,0.0,177,145426,买盘,002177,2025-10-17 22:57:20
10:18:12,8.22,0.0,602,494431,买盘,002177,2025-10-17 22:57:20
10:18:15,8.21,-0.01,345,283121,卖盘,002177,2025-10-17 22:57:20
10:18:18,8.21,0.0,387,317800,买盘,002177,2025-10-17 22:57:20
10:18:21,8.21,0.0,175,143603,买盘,002177,2025-10-17 22:57:20
10:18:24,8.2,-0.01,915,750459,卖盘,002177,2025-10-17 22:57:20
10:18:27,8.2,0.0,415,340461,卖盘,002177,2025-10-17 22:57:20
10:18:30,8.2,0.0,311,255017,买盘,002177,2025-10-17 22:57:20
10:18:33,8.2,0.0,218,178590,买盘,002177,2025-10-17 22:57:20
10:18:36,8.19,-0.01,523,428717,卖盘,002177,2025-10-17 22:57:20
10:18:39,8.19,0.0,650,532504,卖盘,002177,2025-10-17 22:57:20
10:18:42,8.19,0.0,211,172890,卖盘,002177,2025-10-17 22:57:20
10:18:45,8.19,0.0,140,114660,买盘,002177,2025-10-17 22:57:20
10:18:48,8.19,0.0,160,131000,买盘,002177,2025-10-17 22:57:20
10:18:51,8.19,0.0,254,207943,买盘,002177,2025-10-17 22:57:20
10:18:54,8.19,0.0,286,234101,买盘,002177,2025-10-17 22:57:20
10:18:57,8.18,-0.01,415,339650,卖盘,002177,2025-10-17 22:57:20
10:19:00,8.18,0.0,577,472091,卖盘,002177,2025-10-17 22:57:20
10:19:03,8.18,0.0,362,296186,卖盘,002177,2025-10-17 22:57:20
10:19:06,8.18,0.0,326,266789,卖盘,002177,2025-10-17 22:57:20
10:19:09,8.18,0.0,489,400142,买盘,002177,2025-10-17 22:57:20
10:19:12,8.18,0.0,490,400620,卖盘,002177,2025-10-17 22:57:20
10:19:15,8.18,0.0,368,301082,买盘,002177,2025-10-17 22:57:20
10:19:18,8.19,0.01,242,198020,买盘,002177,2025-10-17 22:57:20
10:19:21,8.19,0.0,313,256191,买盘,002177,2025-10-17 22:57:20
10:19:24,8.18,-0.01,308,252084,卖盘,002177,2025-10-17 22:57:20
10:19:27,8.19,0.01,347,284193,买盘,002177,2025-10-17 22:57:20
10:19:30,8.19,0.0,290,237543,卖盘,002177,2025-10-17 22:57:20
10:19:33,8.2,0.01,467,382765,买盘,002177,2025-10-17 22:57:20
10:19:36,8.19,-0.01,311,254803,卖盘,002177,2025-10-17 22:57:20
10:19:39,8.2,0.01,601,492792,买盘,002177,2025-10-17 22:57:20
10:19:42,8.2,0.0,718,588604,买盘,002177,2025-10-17 22:57:20
10:19:45,8.2,0.0,1227,1005981,买盘,002177,2025-10-17 22:57:20
10:19:48,8.21,0.01,217,178006,买盘,002177,2025-10-17 22:57:20
10:19:51,8.21,0.0,277,227189,买盘,002177,2025-10-17 22:57:20
10:19:54,8.21,0.0,1235,1013961,买盘,002177,2025-10-17 22:57:20
10:19:57,8.22,0.01,172,141301,买盘,002177,2025-10-17 22:57:20
10:20:00,8.21,-0.01,577,473987,卖盘,002177,2025-10-17 22:57:20
10:20:03,8.22,0.01,359,295061,买盘,002177,2025-10-17 22:57:20
10:20:06,8.22,0.0,359,294989,买盘,002177,2025-10-17 22:57:20
10:20:09,8.22,0.0,154,126545,买盘,002177,2025-10-17 22:57:20
10:20:12,8.21,-0.01,499,410093,卖盘,002177,2025-10-17 22:57:20
10:20:15,8.22,0.01,349,286933,买盘,002177,2025-10-17 22:57:20
10:20:18,8.22,0.0,321,263731,买盘,002177,2025-10-17 22:57:20
10:20:21,8.21,-0.01,449,369083,卖盘,002177,2025-10-17 22:57:20
10:20:24,8.22,0.01,330,271232,买盘,002177,2025-10-17 22:57:20
10:20:27,8.21,-0.01,247,202891,卖盘,002177,2025-10-17 22:57:20
10:20:30,8.22,0.01,532,437308,买盘,002177,2025-10-17 22:57:20
10:20:33,8.21,-0.01,247,202976,卖盘,002177,2025-10-17 22:57:20
10:20:36,8.22,0.01,305,250697,买盘,002177,2025-10-17 22:57:20
10:20:39,8.22,0.0,415,341130,买盘,002177,2025-10-17 22:57:20
10:20:42,8.22,0.0,343,282054,买盘,002177,2025-10-17 22:57:20
10:20:45,8.22,0.0,405,332823,买盘,002177,2025-10-17 22:57:20
10:20:48,8.21,-0.01,200,164394,卖盘,002177,2025-10-17 22:57:20
10:20:51,8.21,0.0,1194,981648,卖盘,002177,2025-10-17 22:57:20
10:20:54,8.21,0.0,91,74766,卖盘,002177,2025-10-17 22:57:20
10:20:57,8.21,0.0,114,93630,卖盘,002177,2025-10-17 22:57:20
10:21:00,8.22,0.01,699,574117,买盘,002177,2025-10-17 22:57:20
10:21:03,8.21,-0.01,805,661099,卖盘,002177,2025-10-17 22:57:20
10:21:06,8.22,0.01,145,119055,买盘,002177,2025-10-17 22:57:20
10:21:09,8.22,0.0,365,299685,买盘,002177,2025-10-17 22:57:20
10:21:12,8.21,-0.01,195,160099,卖盘,002177,2025-10-17 22:57:20
10:21:15,8.21,0.0,438,359808,卖盘,002177,2025-10-17 22:57:20
10:21:18,8.21,0.0,256,210222,卖盘,002177,2025-10-17 22:57:20
10:21:21,8.2,-0.01,404,331729,卖盘,002177,2025-10-17 22:57:20
10:21:24,8.21,0.01,274,224954,买盘,002177,2025-10-17 22:57:20
10:21:27,8.21,0.0,351,288208,卖盘,002177,2025-10-17 22:57:20
10:21:30,8.21,0.0,349,286539,卖盘,002177,2025-10-17 22:57:20
10:21:33,8.21,0.0,290,238087,卖盘,002177,2025-10-17 22:57:20
10:21:36,8.2,-0.01,774,635384,卖盘,002177,2025-10-17 22:57:20
10:21:39,8.21,0.01,545,447715,买盘,002177,2025-10-17 22:57:20
10:21:42,8.2,-0.01,634,520504,卖盘,002177,2025-10-17 22:57:20
10:21:45,8.21,0.01,809,664139,买盘,002177,2025-10-17 22:57:20
10:21:48,8.21,0.0,169,138625,买盘,002177,2025-10-17 22:57:20
10:21:51,8.21,0.0,207,169857,买盘,002177,2025-10-17 22:57:20
10:21:54,8.2,-0.01,2358,1933601,卖盘,002177,2025-10-17 22:57:20
10:21:57,8.19,-0.01,110,90192,卖盘,002177,2025-10-17 22:57:20
10:22:00,8.2,0.01,36,29515,买盘,002177,2025-10-17 22:57:20
10:22:03,8.19,-0.01,89,72911,卖盘,002177,2025-10-17 22:57:20
10:22:06,8.19,0.0,142,116335,卖盘,002177,2025-10-17 22:57:20
10:22:09,8.19,0.0,476,389846,卖盘,002177,2025-10-17 22:57:20
10:22:12,8.19,0.0,113,92547,买盘,002177,2025-10-17 22:57:20
10:22:15,8.18,-0.01,204,166946,卖盘,002177,2025-10-17 22:57:20
10:22:18,8.19,0.01,300,245569,买盘,002177,2025-10-17 22:57:20
10:22:21,8.19,0.0,713,583462,买盘,002177,2025-10-17 22:57:20
10:22:24,8.19,0.0,442,361766,买盘,002177,2025-10-17 22:57:20
10:22:27,8.18,-0.01,284,232548,卖盘,002177,2025-10-17 22:57:20
10:22:30,8.18,0.0,581,475258,卖盘,002177,2025-10-17 22:57:20
10:22:33,8.18,0.0,308,252002,卖盘,002177,2025-10-17 22:57:20
10:22:36,8.18,0.0,93,76057,买盘,002177,2025-10-17 22:57:20
10:22:39,8.17,-0.01,234,191351,卖盘,002177,2025-10-17 22:57:20
10:22:42,8.17,0.0,161,131579,卖盘,002177,2025-10-17 22:57:20
10:22:45,8.18,0.01,102,83371,买盘,002177,2025-10-17 22:57:20
10:22:48,8.17,-0.01,168,137270,卖盘,002177,2025-10-17 22:57:20
10:22:51,8.16,-0.01,219,178799,卖盘,002177,2025-10-17 22:57:20
10:22:54,8.16,0.0,221,180377,卖盘,002177,2025-10-17 22:57:20
10:22:57,8.16,0.0,667,544277,卖盘,002177,2025-10-17 22:57:20
10:23:00,8.16,0.0,84,68547,卖盘,002177,2025-10-17 22:57:20
10:23:03,8.15,-0.01,194,158297,卖盘,002177,2025-10-17 22:57:20
10:23:06,8.16,0.01,354,288734,买盘,002177,2025-10-17 22:57:20
10:23:09,8.15,-0.01,286,233180,卖盘,002177,2025-10-17 22:57:20
10:23:12,8.15,0.0,410,334266,卖盘,002177,2025-10-17 22:57:20
10:23:15,8.15,0.0,177,144360,卖盘,002177,2025-10-17 22:57:20
10:23:18,8.16,0.01,391,318883,买盘,002177,2025-10-17 22:57:20
10:23:21,8.15,-0.01,694,565793,卖盘,002177,2025-10-17 22:57:20
10:23:24,8.15,0.0,88,71710,买盘,002177,2025-10-17 22:57:20
10:23:27,8.14,-0.01,270,219820,卖盘,002177,2025-10-17 22:57:20
10:23:30,8.14,0.0,113,91932,买盘,002177,2025-10-17 22:57:20
10:23:33,8.13,-0.01,315,256155,卖盘,002177,2025-10-17 22:57:20
10:23:36,8.16,0.03,2270,1850683,买盘,002177,2025-10-17 22:57:20
10:23:39,8.16,0.0,285,232567,卖盘,002177,2025-10-17 22:57:20
10:23:42,8.16,0.0,249,203233,卖盘,002177,2025-10-17 22:57:20
10:23:45,8.16,0.0,418,341049,卖盘,002177,2025-10-17 22:57:20
10:23:48,8.16,0.0,157,128123,买盘,002177,2025-10-17 22:57:20
10:23:51,8.16,0.0,254,207417,买盘,002177,2025-10-17 22:57:20
10:23:54,8.16,0.0,126,102810,买盘,002177,2025-10-17 22:57:20
10:23:57,8.16,0.0,87,70988,卖盘,002177,2025-10-17 22:57:20
10:24:00,8.16,0.0,224,182897,卖盘,002177,2025-10-17 22:57:20
10:24:03,8.16,0.0,301,245724,卖盘,002177,2025-10-17 22:57:20
10:24:06,8.16,0.0,376,306824,卖盘,002177,2025-10-17 22:57:20
10:24:09,8.16,0.0,44,35910,买盘,002177,2025-10-17 22:57:20
10:24:12,8.16,0.0,179,146133,卖盘,002177,2025-10-17 22:57:20
10:24:15,8.16,0.0,121,98803,卖盘,002177,2025-10-17 22:57:20
10:24:18,8.17,0.01,282,230596,买盘,002177,2025-10-17 22:57:20
10:24:21,8.17,0.0,44,35949,卖盘,002177,2025-10-17 22:57:20
10:24:24,8.17,0.0,55,44957,卖盘,002177,2025-10-17 22:57:20
10:24:27,8.16,-0.01,124,101308,卖盘,002177,2025-10-17 22:57:20
10:24:30,8.17,0.01,153,125001,买盘,002177,2025-10-17 22:57:20
10:24:33,8.17,0.0,74,60453,买盘,002177,2025-10-17 22:57:20
10:24:36,8.17,0.0,290,236836,买盘,002177,2025-10-17 22:57:20
10:24:39,8.17,0.0,152,124092,买盘,002177,2025-10-17 22:57:20
10:24:42,8.17,0.0,600,489699,买盘,002177,2025-10-17 22:57:20
10:24:45,8.17,0.0,59,48203,卖盘,002177,2025-10-17 22:57:20
10:24:48,8.17,0.0,81,66180,卖盘,002177,2025-10-17 22:57:20
10:24:51,8.17,0.0,119,97220,买盘,002177,2025-10-17 22:57:20
10:24:54,8.17,0.0,26,21242,卖盘,002177,2025-10-17 22:57:20
10:24:57,8.17,0.0,46,37591,卖盘,002177,2025-10-17 22:57:20
10:25:00,8.18,0.01,46,37600,买盘,002177,2025-10-17 22:57:20
10:25:03,8.17,-0.01,177,144715,卖盘,002177,2025-10-17 22:57:20
10:25:06,8.18,0.01,738,603646,买盘,002177,2025-10-17 22:57:20
10:25:09,8.18,0.0,324,264941,卖盘,002177,2025-10-17 22:57:20
10:25:12,8.18,0.0,174,142210,买盘,002177,2025-10-17 22:57:20
10:25:15,8.18,0.0,74,60518,买盘,002177,2025-10-17 22:57:20
10:25:18,8.18,0.0,154,125957,买盘,002177,2025-10-17 22:57:20
10:25:21,8.17,-0.01,105,85880,卖盘,002177,2025-10-17 22:57:20
10:25:24,8.18,0.01,335,274028,买盘,002177,2025-10-17 22:57:20
10:25:27,8.17,-0.01,25,20435,卖盘,002177,2025-10-17 22:57:20
10:25:30,8.17,0.0,294,240434,卖盘,002177,2025-10-17 22:57:20
10:25:33,8.18,0.01,94,76869,买盘,002177,2025-10-17 22:57:20
10:25:36,8.17,-0.01,127,103799,卖盘,002177,2025-10-17 22:57:20
10:25:39,8.18,0.01,125,102134,买盘,002177,2025-10-17 22:57:20
10:25:42,8.18,0.0,36,29428,买盘,002177,2025-10-17 22:57:20
10:25:45,8.17,-0.01,405,331053,卖盘,002177,2025-10-17 22:57:20
10:25:48,8.17,0.0,129,105393,买盘,002177,2025-10-17 22:57:20
10:25:51,8.18,0.01,151,123489,买盘,002177,2025-10-17 22:57:20
10:25:54,8.17,-0.01,70,57211,卖盘,002177,2025-10-17 22:57:20
10:25:57,8.18,0.01,49,40037,买盘,002177,2025-10-17 22:57:20
10:26:00,8.17,-0.01,195,159329,卖盘,002177,2025-10-17 22:57:20
10:26:03,8.18,0.01,51,41698,买盘,002177,2025-10-17 22:57:20
10:26:06,8.18,0.0,155,126698,买盘,002177,2025-10-17 22:57:20
10:26:09,8.18,0.0,44,35972,买盘,002177,2025-10-17 22:57:20
10:26:12,8.18,0.0,95,77698,买盘,002177,2025-10-17 22:57:20
10:26:15,8.17,-0.01,64,52344,卖盘,002177,2025-10-17 22:57:20
10:26:18,8.17,0.0,256,209201,卖盘,002177,2025-10-17 22:57:20
10:26:21,8.17,0.0,37,30249,卖盘,002177,2025-10-17 22:57:20
10:26:24,8.17,0.0,264,215711,卖盘,002177,2025-10-17 22:57:20
10:26:27,8.18,0.01,332,271293,买盘,002177,2025-10-17 22:57:20
10:26:30,8.17,-0.01,193,157681,卖盘,002177,2025-10-17 22:57:20
10:26:33,8.16,-0.01,149,121719,卖盘,002177,2025-10-17 22:57:20
10:26:36,8.16,0.0,179,146074,卖盘,002177,2025-10-17 22:57:20
10:26:39,8.16,0.0,108,88191,卖盘,002177,2025-10-17 22:57:20
10:26:42,8.16,0.0,94,76765,卖盘,002177,2025-10-17 22:57:20
10:26:45,8.16,0.0,321,261952,卖盘,002177,2025-10-17 22:57:20
10:26:48,8.17,0.01,157,128209,买盘,002177,2025-10-17 22:57:20
10:26:51,8.16,-0.01,68,55489,卖盘,002177,2025-10-17 22:57:20
10:26:54,8.16,0.0,300,244943,卖盘,002177,2025-10-17 22:57:20
10:26:57,8.16,0.0,190,155093,卖盘,002177,2025-10-17 22:57:20
10:27:00,8.16,0.0,482,393681,卖盘,002177,2025-10-17 22:57:20
10:27:03,8.16,0.0,98,79971,卖盘,002177,2025-10-17 22:57:20
10:27:06,8.16,0.0,105,85685,卖盘,002177,2025-10-17 22:57:20
10:27:09,8.17,0.01,154,125670,买盘,002177,2025-10-17 22:57:20
10:27:12,8.16,-0.01,237,193593,卖盘,002177,2025-10-17 22:57:20
10:27:15,8.16,0.0,150,122501,卖盘,002177,2025-10-17 22:57:20
10:27:18,8.17,0.01,144,117527,买盘,002177,2025-10-17 22:57:20
10:27:21,8.17,0.0,398,325133,买盘,002177,2025-10-17 22:57:20
10:27:24,8.17,0.0,148,120868,买盘,002177,2025-10-17 22:57:20
10:27:27,8.17,0.0,130,106166,买盘,002177,2025-10-17 22:57:20
10:27:30,8.17,0.0,17,13889,买盘,002177,2025-10-17 22:57:20
10:27:33,8.16,-0.01,176,143740,卖盘,002177,2025-10-17 22:57:20
10:27:36,8.17,0.01,329,268702,买盘,002177,2025-10-17 22:57:20
10:27:39,8.17,0.0,214,174837,买盘,002177,2025-10-17 22:57:20
10:27:42,8.18,0.01,169,138102,买盘,002177,2025-10-17 22:57:20
10:27:45,8.17,-0.01,157,128334,卖盘,002177,2025-10-17 22:57:20
10:27:48,8.17,0.0,172,140534,卖盘,002177,2025-10-17 22:57:20
10:27:51,8.17,0.0,305,249191,卖盘,002177,2025-10-17 22:57:20
10:27:54,8.18,0.01,174,142254,买盘,002177,2025-10-17 22:57:20
10:27:57,8.18,0.0,2086,1706321,买盘,002177,2025-10-17 22:57:20
10:28:00,8.18,0.0,243,198774,卖盘,002177,2025-10-17 22:57:20
10:28:03,8.19,0.01,122,99807,买盘,002177,2025-10-17 22:57:20
10:28:06,8.19,0.0,102,83507,买盘,002177,2025-10-17 22:57:20
10:28:09,8.19,0.0,591,483980,买盘,002177,2025-10-17 22:57:20
10:28:12,8.19,0.0,436,357018,买盘,002177,2025-10-17 22:57:20
10:28:15,8.19,0.0,214,175238,买盘,002177,2025-10-17 22:57:20
10:28:18,8.19,0.0,157,128571,买盘,002177,2025-10-17 22:57:20
10:28:21,8.19,0.0,497,407043,买盘,002177,2025-10-17 22:57:20
10:28:24,8.19,0.0,47,38496,卖盘,002177,2025-10-17 22:57:20
10:28:27,8.2,0.01,58,47526,买盘,002177,2025-10-17 22:57:20
10:28:30,8.2,0.0,916,751067,买盘,002177,2025-10-17 22:57:20
10:28:33,8.2,0.0,2567,2104788,买盘,002177,2025-10-17 22:57:20
10:28:36,8.2,0.0,247,202524,买盘,002177,2025-10-17 22:57:20
10:28:39,8.21,0.01,1326,1088595,买盘,002177,2025-10-17 22:57:20
10:28:42,8.21,0.0,35,28735,卖盘,002177,2025-10-17 22:57:20
10:28:45,8.22,0.01,128,105203,买盘,002177,2025-10-17 22:57:20
10:28:48,8.22,0.0,231,189842,买盘,002177,2025-10-17 22:57:20
10:28:51,8.21,-0.01,228,187340,卖盘,002177,2025-10-17 22:57:20
10:28:54,8.22,0.01,229,188180,买盘,002177,2025-10-17 22:57:20
10:28:57,8.22,0.0,190,156152,买盘,002177,2025-10-17 22:57:20
10:29:00,8.22,0.0,848,696951,买盘,002177,2025-10-17 22:57:20
10:29:03,8.21,-0.01,364,299165,卖盘,002177,2025-10-17 22:57:20
10:29:06,8.22,0.01,323,265503,买盘,002177,2025-10-17 22:57:20
10:29:09,8.22,0.0,335,275248,买盘,002177,2025-10-17 22:57:20
10:29:12,8.21,-0.01,426,350046,卖盘,002177,2025-10-17 22:57:20
10:29:15,8.22,0.01,39,32055,买盘,002177,2025-10-17 22:57:20
10:29:18,8.21,-0.01,127,104284,卖盘,002177,2025-10-17 22:57:20
10:29:21,8.21,0.0,228,187313,卖盘,002177,2025-10-17 22:57:20
10:29:24,8.21,0.0,192,157669,卖盘,002177,2025-10-17 22:57:20
10:29:27,8.22,0.01,219,179866,买盘,002177,2025-10-17 22:57:20
10:29:30,8.21,-0.01,417,342524,卖盘,002177,2025-10-17 22:57:20
10:29:33,8.21,0.0,335,275035,买盘,002177,2025-10-17 22:57:20
10:29:36,8.21,0.0,29,23809,买盘,002177,2025-10-17 22:57:20
10:29:39,8.2,-0.01,116,95125,卖盘,002177,2025-10-17 22:57:20
10:29:42,8.2,0.0,150,123009,卖盘,002177,2025-10-17 22:57:20
10:29:45,8.2,0.0,654,536303,卖盘,002177,2025-10-17 22:57:20
10:29:48,8.19,-0.01,429,351713,卖盘,002177,2025-10-17 22:57:20
10:29:51,8.2,0.01,64,52467,中性盘,002177,2025-10-17 22:57:20
10:29:54,8.19,-0.01,62,50817,卖盘,002177,2025-10-17 22:57:20
10:29:57,8.2,0.01,33,27047,买盘,002177,2025-10-17 22:57:20
10:30:00,8.2,0.0,23,18838,买盘,002177,2025-10-17 22:57:20
10:30:03,8.19,-0.01,53,43429,卖盘,002177,2025-10-17 22:57:20
10:30:06,8.19,0.0,51,41792,卖盘,002177,2025-10-17 22:57:20
10:30:09,8.19,0.0,185,151555,卖盘,002177,2025-10-17 22:57:20
10:30:12,8.2,0.01,403,330069,买盘,002177,2025-10-17 22:57:20
10:30:15,8.2,0.0,114,93395,买盘,002177,2025-10-17 22:57:20
10:30:18,8.19,-0.01,375,307125,卖盘,002177,2025-10-17 22:57:20
10:30:21,8.19,0.0,199,162981,买盘,002177,2025-10-17 22:57:20
10:30:24,8.19,0.0,170,139144,买盘,002177,2025-10-17 22:57:20
10:30:27,8.19,0.0,792,648081,买盘,002177,2025-10-17 22:57:20
10:30:30,8.19,0.0,60,49140,卖盘,002177,2025-10-17 22:57:20
10:30:33,8.2,0.01,300,245736,买盘,002177,2025-10-17 22:57:20
10:30:36,8.19,-0.01,177,144965,卖盘,002177,2025-10-17 22:57:20
10:30:39,8.19,0.0,43,35220,卖盘,002177,2025-10-17 22:57:20
10:30:42,8.19,0.0,75,61394,买盘,002177,2025-10-17 22:57:20
10:30:45,8.19,0.0,3,2455,买盘,002177,2025-10-17 22:57:20
10:30:48,8.19,0.0,154,126126,买盘,002177,2025-10-17 22:57:20
10:30:51,8.19,0.0,132,108101,买盘,002177,2025-10-17 22:57:20
10:30:54,8.19,0.0,186,152268,买盘,002177,2025-10-17 22:57:20
10:30:57,8.18,-0.01,190,155602,卖盘,002177,2025-10-17 22:57:20
10:31:00,8.19,0.01,102,83520,买盘,002177,2025-10-17 22:57:20
10:31:03,8.18,-0.01,31,25358,卖盘,002177,2025-10-17 22:57:20
10:31:06,8.19,0.01,38,31091,买盘,002177,2025-10-17 22:57:20
10:31:09,8.19,0.0,35,28655,买盘,002177,2025-10-17 22:57:20
10:31:12,8.18,-0.01,117,95766,卖盘,002177,2025-10-17 22:57:20
10:31:15,8.18,0.0,88,72020,卖盘,002177,2025-10-17 22:57:20
10:31:18,8.18,0.0,118,96525,卖盘,002177,2025-10-17 22:57:20
10:31:21,8.19,0.01,80,65442,买盘,002177,2025-10-17 22:57:20
10:31:24,8.18,-0.01,212,173429,卖盘,002177,2025-10-17 22:57:20
10:31:27,8.19,0.01,87,71230,买盘,002177,2025-10-17 22:57:20
10:31:30,8.18,-0.01,136,111317,卖盘,002177,2025-10-17 22:57:20
10:31:33,8.18,0.0,121,99078,卖盘,002177,2025-10-17 22:57:20
10:31:36,8.19,0.01,52,42557,买盘,002177,2025-10-17 22:57:20
10:31:39,8.19,0.0,91,74481,买盘,002177,2025-10-17 22:57:20
10:31:42,8.18,-0.01,606,495712,卖盘,002177,2025-10-17 22:57:20
10:31:45,8.18,0.0,170,139075,卖盘,002177,2025-10-17 22:57:20
10:31:48,8.18,0.0,133,108830,卖盘,002177,2025-10-17 22:57:20
10:31:51,8.18,0.0,237,194007,卖盘,002177,2025-10-17 22:57:20
10:31:54,8.18,0.0,71,58088,卖盘,002177,2025-10-17 22:57:20
10:31:57,8.18,0.0,198,161965,卖盘,002177,2025-10-17 22:57:20
10:32:00,8.19,0.01,116,94894,买盘,002177,2025-10-17 22:57:20
10:32:03,8.18,-0.01,124,101433,卖盘,002177,2025-10-17 22:57:20
10:32:06,8.18,0.0,71,58095,卖盘,002177,2025-10-17 22:57:20
10:32:09,8.18,0.0,116,94988,卖盘,002177,2025-10-17 22:57:20
10:32:12,8.18,0.0,90,73624,卖盘,002177,2025-10-17 22:57:20
10:32:15,8.19,0.01,72,58921,买盘,002177,2025-10-17 22:57:20
10:32:18,8.19,0.0,218,178357,买盘,002177,2025-10-17 22:57:20
10:32:21,8.18,-0.01,556,455273,卖盘,002177,2025-10-17 22:57:20
10:32:24,8.18,0.0,187,153001,卖盘,002177,2025-10-17 22:57:20
10:32:27,8.18,0.0,7,5726,卖盘,002177,2025-10-17 22:57:20
10:32:30,8.19,0.01,132,108001,买盘,002177,2025-10-17 22:57:20
10:32:33,8.18,-0.01,120,98196,卖盘,002177,2025-10-17 22:57:20
10:32:36,8.19,0.01,115,94142,买盘,002177,2025-10-17 22:57:20
10:32:39,8.18,-0.01,646,529027,卖盘,002177,2025-10-17 22:57:20
10:32:42,8.19,0.01,272,222693,买盘,002177,2025-10-17 22:57:20
10:32:45,8.19,0.0,73,59719,买盘,002177,2025-10-17 22:57:20
10:32:48,8.18,-0.01,55,44990,卖盘,002177,2025-10-17 22:57:20
10:32:51,8.18,0.0,438,358519,卖盘,002177,2025-10-17 22:57:20
10:32:54,8.19,0.01,143,117046,买盘,002177,2025-10-17 22:57:20
10:32:57,8.19,0.0,217,177637,买盘,002177,2025-10-17 22:57:20
10:33:00,8.18,-0.01,464,380013,卖盘,002177,2025-10-17 22:57:20
10:33:03,8.19,0.01,229,187399,买盘,002177,2025-10-17 22:57:20
10:33:06,8.18,-0.01,211,172732,卖盘,002177,2025-10-17 22:57:20
10:33:09,8.19,0.01,2256,1848657,买盘,002177,2025-10-17 22:57:20
10:33:12,8.19,0.0,52,42590,卖盘,002177,2025-10-17 22:57:20
10:33:15,8.19,0.0,317,259623,卖盘,002177,2025-10-17 22:57:20
10:33:18,8.19,0.0,102,83543,卖盘,002177,2025-10-17 22:57:20
10:33:21,8.2,0.01,618,506193,买盘,002177,2025-10-17 22:57:20
10:33:24,8.19,-0.01,52,42600,卖盘,002177,2025-10-17 22:57:20
10:33:27,8.19,0.0,22,18018,卖盘,002177,2025-10-17 22:57:20
10:33:30,8.19,0.0,87,71278,卖盘,002177,2025-10-17 22:57:20
10:33:33,8.19,0.0,35,28667,卖盘,002177,2025-10-17 22:57:20
10:33:36,8.19,0.0,84,68797,卖盘,002177,2025-10-17 22:57:20
10:33:39,8.19,0.0,103,84390,卖盘,002177,2025-10-17 22:57:20
10:33:42,8.19,0.0,348,285012,卖盘,002177,2025-10-17 22:57:20
10:33:45,8.19,0.0,36,29484,买盘,002177,2025-10-17 22:57:20
10:33:48,8.26,0.07,28268,23260485,买盘,002177,2025-10-17 22:57:20
10:33:51,8.28,0.02,7212,5967573,买盘,002177,2025-10-17 22:57:20
10:33:54,8.29,0.01,10032,8306989,买盘,002177,2025-10-17 22:57:20
10:33:57,8.3,0.01,3382,2804970,买盘,002177,2025-10-17 22:57:20
10:34:00,8.3,0.0,1836,1523736,买盘,002177,2025-10-17 22:57:20
10:34:03,8.3,0.0,2813,2334740,买盘,002177,2025-10-17 22:57:20
10:34:06,8.3,0.0,2541,2108944,买盘,002177,2025-10-17 22:57:20
10:34:09,8.29,-0.01,1118,927546,卖盘,002177,2025-10-17 22:57:20
10:34:12,8.29,0.0,869,721013,卖盘,002177,2025-10-17 22:57:20
10:34:15,8.29,0.0,640,530814,卖盘,002177,2025-10-17 22:57:20
10:34:18,8.29,0.0,359,297605,买盘,002177,2025-10-17 22:57:20
10:34:21,8.28,-0.01,753,624048,卖盘,002177,2025-10-17 22:57:20
10:34:24,8.29,0.01,632,523883,买盘,002177,2025-10-17 22:57:20
10:34:27,8.28,-0.01,1235,1023424,卖盘,002177,2025-10-17 22:57:20
10:34:30,8.28,0.0,543,449758,卖盘,002177,2025-10-17 22:57:20
10:34:33,8.29,0.01,1355,1123029,买盘,002177,2025-10-17 22:57:20
10:34:36,8.3,0.01,434,359811,买盘,002177,2025-10-17 22:57:20
10:34:39,8.29,-0.01,810,671984,卖盘,002177,2025-10-17 22:57:20
10:34:42,8.3,0.01,1043,865451,买盘,002177,2025-10-17 22:57:20
10:34:45,8.29,-0.01,2082,1727766,卖盘,002177,2025-10-17 22:57:20
10:34:48,8.3,0.01,923,765884,买盘,002177,2025-10-17 22:57:20
10:34:51,8.3,0.0,1434,1190017,买盘,002177,2025-10-17 22:57:20
10:34:54,8.3,0.0,1989,1650628,买盘,002177,2025-10-17 22:57:20
10:34:57,8.3,0.0,1081,897438,卖盘,002177,2025-10-17 22:57:20
10:35:00,8.31,0.01,1073,891365,买盘,002177,2025-10-17 22:57:20
10:35:03,8.31,0.0,474,393767,买盘,002177,2025-10-17 22:57:20
10:35:06,8.3,-0.01,1599,1328554,卖盘,002177,2025-10-17 22:57:20
10:35:09,8.31,0.01,2113,1757442,买盘,002177,2025-10-17 22:57:20
10:35:12,8.31,0.0,10704,8920461,卖盘,002177,2025-10-17 22:57:20
10:35:15,8.35,0.04,440,366579,买盘,002177,2025-10-17 22:57:20
10:35:18,8.32,-0.03,499,415782,卖盘,002177,2025-10-17 22:57:20
10:35:21,8.33,0.01,536,446751,中性盘,002177,2025-10-17 22:57:20
10:35:24,8.34,0.01,878,732983,中性盘,002177,2025-10-17 22:57:20
10:35:27,8.35,0.01,4001,3339767,买盘,002177,2025-10-17 22:57:20
10:35:30,8.35,0.0,1620,1351183,买盘,002177,2025-10-17 22:57:20
10:35:33,8.35,0.0,2217,1851036,买盘,002177,2025-10-17 22:57:20
10:35:36,8.34,-0.01,2171,1812557,卖盘,002177,2025-10-17 22:57:20
10:35:39,8.35,0.01,1391,1160995,买盘,002177,2025-10-17 22:57:20
10:35:42,8.35,0.0,1101,918844,买盘,002177,2025-10-17 22:57:20
10:35:45,8.35,0.0,1898,1585406,买盘,002177,2025-10-17 22:57:20
10:35:48,8.35,0.0,611,510427,卖盘,002177,2025-10-17 22:57:20
10:35:51,8.35,0.0,1358,1134513,卖盘,002177,2025-10-17 22:57:20
10:35:54,8.35,0.0,1258,1051274,卖盘,002177,2025-10-17 22:57:20
10:35:57,8.36,0.01,1698,1418926,买盘,002177,2025-10-17 22:57:20
10:36:00,8.36,0.0,2665,2231151,卖盘,002177,2025-10-17 22:57:20
10:36:03,8.38,0.02,862,721571,买盘,002177,2025-10-17 22:57:20
10:36:06,8.38,0.0,1452,1216456,买盘,002177,2025-10-17 22:57:20
10:36:09,8.38,0.0,1572,1317189,买盘,002177,2025-10-17 22:57:20
10:36:12,8.39,0.01,1653,1384921,买盘,002177,2025-10-17 22:57:20
10:36:15,8.39,0.0,769,644636,买盘,002177,2025-10-17 22:57:20
10:36:18,8.4,0.01,1579,1324525,买盘,002177,2025-10-17 22:57:20
10:36:21,8.4,0.0,1709,1435424,买盘,002177,2025-10-17 22:57:20
10:36:24,8.41,0.01,3360,2822333,买盘,002177,2025-10-17 22:57:20
10:36:27,8.42,0.01,836,703052,买盘,002177,2025-10-17 22:57:20
10:36:30,8.42,0.0,1367,1151334,买盘,002177,2025-10-17 22:57:20
10:36:33,8.43,0.01,889,749967,买盘,002177,2025-10-17 22:57:20
10:36:36,8.45,0.02,620,523208,买盘,002177,2025-10-17 22:57:20
10:36:39,8.45,0.0,1000,844681,买盘,002177,2025-10-17 22:57:20
10:36:42,8.45,0.0,2256,1906203,买盘,002177,2025-10-17 22:57:20
10:36:45,8.45,0.0,697,589387,买盘,002177,2025-10-17 22:57:20
10:36:48,8.46,0.01,1108,937044,买盘,002177,2025-10-17 22:57:20
10:36:51,8.47,0.01,1045,884518,买盘,002177,2025-10-17 22:57:20
10:36:54,8.47,0.0,1586,1343157,买盘,002177,2025-10-17 22:57:20
10:36:57,8.47,0.0,3470,2940242,卖盘,002177,2025-10-17 22:57:20
10:37:00,8.47,0.0,2293,1944076,买盘,002177,2025-10-17 22:57:20
10:37:03,8.47,0.0,3027,2564464,卖盘,002177,2025-10-17 22:57:20
10:37:06,8.48,0.01,1556,1318783,买盘,002177,2025-10-17 22:57:20
10:37:09,8.49,0.01,686,581919,买盘,002177,2025-10-17 22:57:20
10:37:12,8.49,0.0,2052,1741092,买盘,002177,2025-10-17 22:57:20
10:37:15,8.49,0.0,2169,1840994,买盘,002177,2025-10-17 22:57:20
10:37:18,8.48,-0.01,1691,1435104,卖盘,002177,2025-10-17 22:57:20
10:37:21,8.49,0.01,1904,1616124,买盘,002177,2025-10-17 22:57:20
10:37:24,8.5,0.01,1464,1242604,买盘,002177,2025-10-17 22:57:20
10:37:27,8.49,-0.01,2626,2230654,卖盘,002177,2025-10-17 22:57:20
10:37:30,8.5,0.01,2738,2326191,买盘,002177,2025-10-17 22:57:20
10:37:33,8.5,0.0,1221,1037104,买盘,002177,2025-10-17 22:57:20
10:37:36,8.49,-0.01,2741,2327622,卖盘,002177,2025-10-17 22:57:20
10:37:39,8.49,0.0,5941,5044168,买盘,002177,2025-10-17 22:57:20
10:37:42,8.48,-0.01,2420,2053449,卖盘,002177,2025-10-17 22:57:20
10:37:45,8.47,-0.01,1296,1098351,卖盘,002177,2025-10-17 22:57:20
10:37:48,8.47,0.0,1195,1012595,卖盘,002177,2025-10-17 22:57:20
10:37:51,8.47,0.0,1897,1606585,卖盘,002177,2025-10-17 22:57:20
10:37:54,8.46,-0.01,685,579652,卖盘,002177,2025-10-17 22:57:20
10:37:57,8.45,-0.01,509,430608,卖盘,002177,2025-10-17 22:57:20
10:38:00,8.45,0.0,1260,1064884,卖盘,002177,2025-10-17 22:57:20
10:38:03,8.45,0.0,1120,944882,买盘,002177,2025-10-17 22:57:20
10:38:06,8.44,-0.01,318,268136,买盘,002177,2025-10-17 22:57:20
10:38:09,8.42,-0.02,250,210485,卖盘,002177,2025-10-17 22:57:20
10:38:12,8.41,-0.01,431,362657,卖盘,002177,2025-10-17 22:57:20
10:38:15,8.4,-0.01,839,704910,卖盘,002177,2025-10-17 22:57:20
10:38:18,8.39,-0.01,570,478611,卖盘,002177,2025-10-17 22:57:20
10:38:21,8.38,-0.01,246,206206,卖盘,002177,2025-10-17 22:57:20
10:38:24,8.38,0.0,868,727393,卖盘,002177,2025-10-17 22:57:20
10:38:27,8.37,-0.01,591,494844,卖盘,002177,2025-10-17 22:57:20
10:38:30,8.37,0.0,98,81961,买盘,002177,2025-10-17 22:57:20
10:38:33,8.36,-0.01,1089,910417,卖盘,002177,2025-10-17 22:57:20
10:38:36,8.35,-0.01,315,263233,卖盘,002177,2025-10-17 22:57:20
10:38:39,8.35,0.0,680,567828,卖盘,002177,2025-10-17 22:57:20
10:38:42,8.34,-0.01,320,266997,卖盘,002177,2025-10-17 22:57:20
10:38:45,8.33,-0.01,170,141741,卖盘,002177,2025-10-17 22:57:20
10:38:48,8.34,0.01,515,429120,买盘,002177,2025-10-17 22:57:20
10:38:51,8.33,-0.01,500,416443,卖盘,002177,2025-10-17 22:57:20
10:38:54,8.33,0.0,1770,1474621,买盘,002177,2025-10-17 22:57:20
10:38:57,8.33,0.0,1217,1012664,买盘,002177,2025-10-17 22:57:20
10:39:00,8.34,0.01,1267,1054425,买盘,002177,2025-10-17 22:57:20
10:39:03,8.34,0.0,1544,1286914,买盘,002177,2025-10-17 22:57:20
10:39:06,8.35,0.01,854,712264,买盘,002177,2025-10-17 22:57:20
10:39:09,8.36,0.01,565,471688,买盘,002177,2025-10-17 22:57:20
10:39:12,8.36,0.0,629,525779,买盘,002177,2025-10-17 22:57:20
10:39:15,8.37,0.01,225,188261,买盘,002177,2025-10-17 22:57:20
10:39:18,8.38,0.01,432,361545,买盘,002177,2025-10-17 22:57:20
10:39:21,8.38,0.0,492,412257,买盘,002177,2025-10-17 22:57:20
10:39:24,8.39,0.01,811,679792,买盘,002177,2025-10-17 22:57:20
10:39:27,8.39,0.0,589,493940,买盘,002177,2025-10-17 22:57:20
10:39:30,8.4,0.01,981,823162,买盘,002177,2025-10-17 22:57:20
10:39:33,8.41,0.01,887,744872,买盘,002177,2025-10-17 22:57:20
10:39:36,8.4,-0.01,501,421197,卖盘,002177,2025-10-17 22:57:20
10:39:39,8.42,0.02,452,379955,买盘,002177,2025-10-17 22:57:20
10:39:42,8.41,-0.01,906,762384,卖盘,002177,2025-10-17 22:57:20
10:39:45,8.44,0.03,1726,1455297,买盘,002177,2025-10-17 22:57:20
10:39:48,8.44,0.0,590,498462,卖盘,002177,2025-10-17 22:57:20
10:39:51,8.42,-0.02,1402,1181011,卖盘,002177,2025-10-17 22:57:20
10:39:54,8.43,0.01,316,266429,买盘,002177,2025-10-17 22:57:20
10:39:57,8.42,-0.01,244,205530,卖盘,002177,2025-10-17 22:57:20
10:40:00,8.42,0.0,452,380584,买盘,002177,2025-10-17 22:57:20
10:40:03,8.42,0.0,645,543196,卖盘,002177,2025-10-17 22:57:20
10:40:06,8.42,0.0,1280,1078205,卖盘,002177,2025-10-17 22:57:20
10:40:09,8.42,0.0,454,382246,卖盘,002177,2025-10-17 22:57:20
10:40:12,8.42,0.0,594,500314,买盘,002177,2025-10-17 22:57:20
10:40:15,8.41,-0.01,435,366076,卖盘,002177,2025-10-17 22:57:20
10:40:18,8.41,0.0,319,268383,卖盘,002177,2025-10-17 22:57:20
10:40:21,8.41,0.0,633,532335,卖盘,002177,2025-10-17 22:57:20
10:40:24,8.41,0.0,361,303398,买盘,002177,2025-10-17 22:57:20
10:40:27,8.4,-0.01,551,463110,卖盘,002177,2025-10-17 22:57:20
10:40:30,8.39,-0.01,325,272966,卖盘,002177,2025-10-17 22:57:20
10:40:33,8.39,0.0,326,273613,卖盘,002177,2025-10-17 22:57:20
10:40:36,8.39,0.0,375,314753,卖盘,002177,2025-10-17 22:57:20
10:40:39,8.38,-0.01,1289,1080341,卖盘,002177,2025-10-17 22:57:20
10:40:42,8.37,-0.01,182,152460,卖盘,002177,2025-10-17 22:57:20
10:40:45,8.37,0.0,1210,1011917,卖盘,002177,2025-10-17 22:57:20
10:40:48,8.37,0.0,71,59411,买盘,002177,2025-10-17 22:57:20
10:40:51,8.37,0.0,321,268227,买盘,002177,2025-10-17 22:57:20
10:40:54,8.37,0.0,545,455713,买盘,002177,2025-10-17 22:57:20
10:40:57,8.36,-0.01,435,363607,卖盘,002177,2025-10-17 22:57:20
10:41:00,8.36,0.0,249,208244,买盘,002177,2025-10-17 22:57:20
10:41:03,8.35,-0.01,194,162124,卖盘,002177,2025-10-17 22:57:20
10:41:06,8.35,0.0,182,151951,卖盘,002177,2025-10-17 22:57:20
10:41:09,8.35,0.0,319,266284,卖盘,002177,2025-10-17 22:57:20
10:41:12,8.35,0.0,458,382482,买盘,002177,2025-10-17 22:57:20
10:41:15,8.35,0.0,213,177695,买盘,002177,2025-10-17 22:57:20
10:41:18,8.35,0.0,412,344009,买盘,002177,2025-10-17 22:57:20
10:41:21,8.35,0.0,371,309700,买盘,002177,2025-10-17 22:57:20
10:41:24,8.35,0.0,390,325569,卖盘,002177,2025-10-17 22:57:20
10:41:27,8.35,0.0,391,326493,卖盘,002177,2025-10-17 22:57:20
10:41:30,8.35,0.0,215,179536,卖盘,002177,2025-10-17 22:57:20
10:41:33,8.35,0.0,166,138654,卖盘,002177,2025-10-17 22:57:20
10:41:36,8.35,0.0,690,576175,卖盘,002177,2025-10-17 22:57:20
10:41:39,8.35,0.0,192,160317,买盘,002177,2025-10-17 22:57:20
10:41:42,8.35,0.0,754,629211,买盘,002177,2025-10-17 22:57:20
10:41:45,8.34,-0.01,235,196107,卖盘,002177,2025-10-17 22:57:20
10:41:48,8.34,0.0,294,245345,卖盘,002177,2025-10-17 22:57:20
10:41:51,8.34,0.0,563,469571,卖盘,002177,2025-10-17 22:57:20
10:41:54,8.34,0.0,143,119284,卖盘,002177,2025-10-17 22:57:20
10:41:57,8.33,-0.01,94,78362,卖盘,002177,2025-10-17 22:57:20
10:42:00,8.33,0.0,171,142550,卖盘,002177,2025-10-17 22:57:20
10:42:03,8.33,0.0,123,102464,卖盘,002177,2025-10-17 22:57:20
10:42:06,8.33,0.0,538,448170,卖盘,002177,2025-10-17 22:57:20
10:42:09,8.33,0.0,304,253257,卖盘,002177,2025-10-17 22:57:20
10:42:12,8.33,0.0,664,553404,卖盘,002177,2025-10-17 22:57:20
10:42:15,8.32,-0.01,41,34152,卖盘,002177,2025-10-17 22:57:20
10:42:18,8.32,0.0,172,143165,卖盘,002177,2025-10-17 22:57:20
10:42:21,8.32,0.0,382,317821,卖盘,002177,2025-10-17 22:57:20
10:42:24,8.32,0.0,32,26624,买盘,002177,2025-10-17 22:57:20
10:42:27,8.32,0.0,79,65689,买盘,002177,2025-10-17 22:57:20
10:42:30,8.32,0.0,284,236233,买盘,002177,2025-10-17 22:57:20
10:42:33,8.31,-0.01,207,172029,卖盘,002177,2025-10-17 22:57:20
10:42:36,8.3,-0.01,885,735430,卖盘,002177,2025-10-17 22:57:20
10:42:39,8.31,0.01,159,131977,买盘,002177,2025-10-17 22:57:20
10:42:42,8.3,-0.01,301,249845,卖盘,002177,2025-10-17 22:57:20
10:42:45,8.3,0.0,582,483266,卖盘,002177,2025-10-17 22:57:20
10:42:48,8.3,0.0,580,481547,卖盘,002177,2025-10-17 22:57:20
10:42:51,8.3,0.0,197,163570,卖盘,002177,2025-10-17 22:57:20
10:42:54,8.3,0.0,785,651590,卖盘,002177,2025-10-17 22:57:20
10:42:57,8.3,0.0,307,254810,卖盘,002177,2025-10-17 22:57:20
10:43:00,8.3,0.0,99,82168,买盘,002177,2025-10-17 22:57:20
10:43:03,8.3,0.0,520,431328,买盘,002177,2025-10-17 22:57:20
10:43:06,8.29,-0.01,286,237317,卖盘,002177,2025-10-17 22:57:20
10:43:09,8.29,0.0,625,518331,卖盘,002177,2025-10-17 22:57:20
10:43:12,8.29,0.0,244,202298,卖盘,002177,2025-10-17 22:57:20
10:43:15,8.29,0.0,51,42279,买盘,002177,2025-10-17 22:57:20
10:43:18,8.28,-0.01,646,534982,卖盘,002177,2025-10-17 22:57:20
10:43:21,8.28,0.0,242,200380,卖盘,002177,2025-10-17 22:57:20
10:43:24,8.27,-0.01,48,39730,卖盘,002177,2025-10-17 22:57:20
10:43:27,8.28,0.01,145,120049,买盘,002177,2025-10-17 22:57:20
10:43:30,8.27,-0.01,341,282043,卖盘,002177,2025-10-17 22:57:20
10:43:33,8.27,0.0,413,341667,卖盘,002177,2025-10-17 22:57:20
10:43:36,8.27,0.0,175,144725,买盘,002177,2025-10-17 22:57:20
10:43:39,8.27,0.0,302,249582,买盘,002177,2025-10-17 22:57:20
10:43:42,8.27,0.0,417,344663,买盘,002177,2025-10-17 22:57:20
10:43:45,8.27,0.0,469,387444,买盘,002177,2025-10-17 22:57:20
10:43:48,8.27,0.0,446,368550,买盘,002177,2025-10-17 22:57:20
10:43:51,8.26,-0.01,67,55382,卖盘,002177,2025-10-17 22:57:20
10:43:54,8.27,0.01,325,268530,买盘,002177,2025-10-17 22:57:20
10:43:57,8.27,0.0,195,161154,买盘,002177,2025-10-17 22:57:20
10:44:00,8.27,0.0,609,503491,买盘,002177,2025-10-17 22:57:20
10:44:03,8.27,0.0,224,185155,买盘,002177,2025-10-17 22:57:20
10:44:06,8.27,0.0,136,112455,买盘,002177,2025-10-17 22:57:20
10:44:09,8.28,0.01,152,125788,买盘,002177,2025-10-17 22:57:20
10:44:12,8.28,0.0,353,292284,买盘,002177,2025-10-17 22:57:20
10:44:15,8.28,0.0,309,255878,卖盘,002177,2025-10-17 22:57:20
10:44:18,8.28,0.0,299,247838,卖盘,002177,2025-10-17 22:57:20
10:44:21,8.29,0.01,379,314152,买盘,002177,2025-10-17 22:57:20
10:44:24,8.29,0.0,371,307515,买盘,002177,2025-10-17 22:57:20
10:44:27,8.3,0.01,595,493743,买盘,002177,2025-10-17 22:57:20
10:44:30,8.31,0.01,777,645223,买盘,002177,2025-10-17 22:57:20
10:44:33,8.3,-0.01,242,201097,卖盘,002177,2025-10-17 22:57:20
10:44:36,8.32,0.02,456,378946,买盘,002177,2025-10-17 22:57:20
10:44:39,8.32,0.0,242,201311,买盘,002177,2025-10-17 22:57:20
10:44:42,8.32,0.0,359,298687,买盘,002177,2025-10-17 22:57:20
10:44:45,8.33,0.01,182,151465,买盘,002177,2025-10-17 22:57:20
10:44:48,8.32,-0.01,258,214824,卖盘,002177,2025-10-17 22:57:20
10:44:51,8.33,0.01,582,485355,买盘,002177,2025-10-17 22:57:20
10:44:54,8.33,0.0,192,159946,卖盘,002177,2025-10-17 22:57:20
10:44:57,8.33,0.0,2187,1826023,卖盘,002177,2025-10-17 22:57:20
10:45:00,8.34,0.01,194,161720,中性盘,002177,2025-10-17 22:57:20
10:45:03,8.34,0.0,379,316055,买盘,002177,2025-10-17 22:57:20
10:45:06,8.34,0.0,478,398539,买盘,002177,2025-10-17 22:57:20
10:45:09,8.34,0.0,261,217569,买盘,002177,2025-10-17 22:57:20
10:45:12,8.34,0.0,120,100033,买盘,002177,2025-10-17 22:57:20
10:45:15,8.34,0.0,638,531979,买盘,002177,2025-10-17 22:57:20
10:45:18,8.33,-0.01,247,205907,卖盘,002177,2025-10-17 22:57:20
10:45:21,8.34,0.01,266,221734,买盘,002177,2025-10-17 22:57:20
10:45:24,8.34,0.0,477,397410,买盘,002177,2025-10-17 22:57:20
10:45:27,8.33,-0.01,379,315782,卖盘,002177,2025-10-17 22:57:20
10:45:30,8.34,0.01,111,92517,买盘,002177,2025-10-17 22:57:20
10:45:33,8.33,-0.01,201,167461,卖盘,002177,2025-10-17 22:57:20
10:45:36,8.34,0.01,125,104177,买盘,002177,2025-10-17 22:57:20
10:45:39,8.33,-0.01,727,606094,卖盘,002177,2025-10-17 22:57:20
10:45:42,8.34,0.01,249,207642,买盘,002177,2025-10-17 22:57:20
10:45:45,8.34,0.0,239,199167,买盘,002177,2025-10-17 22:57:20
10:45:48,8.34,0.0,1131,942765,买盘,002177,2025-10-17 22:57:20
10:45:51,8.34,0.0,248,206776,买盘,002177,2025-10-17 22:57:20
10:45:54,8.33,-0.01,95,79151,卖盘,002177,2025-10-17 22:57:20
10:45:57,8.34,0.01,287,239174,买盘,002177,2025-10-17 22:57:20
10:46:00,8.33,-0.01,156,129999,卖盘,002177,2025-10-17 22:57:20
10:46:03,8.34,0.01,251,209298,买盘,002177,2025-10-17 22:57:20
10:46:06,8.34,0.0,283,235802,买盘,002177,2025-10-17 22:57:20
10:46:09,8.33,-0.01,775,645517,卖盘,002177,2025-10-17 22:57:20
10:46:12,8.33,0.0,58,48314,买盘,002177,2025-10-17 22:57:20
10:46:15,8.33,0.0,51,42466,买盘,002177,2025-10-17 22:57:20
10:46:18,8.33,0.0,150,124960,买盘,002177,2025-10-17 22:57:20
10:46:21,8.33,0.0,488,406607,卖盘,002177,2025-10-17 22:57:20
10:46:24,8.32,-0.01,470,391412,卖盘,002177,2025-10-17 22:57:20
10:46:27,8.32,0.0,110,91544,卖盘,002177,2025-10-17 22:57:20
10:46:30,8.33,0.01,45,37463,买盘,002177,2025-10-17 22:57:20
10:46:33,8.32,-0.01,389,323905,卖盘,002177,2025-10-17 22:57:20
10:46:36,8.33,0.01,85,70787,买盘,002177,2025-10-17 22:57:20
10:46:39,8.33,0.0,212,176394,买盘,002177,2025-10-17 22:57:20
10:46:42,8.32,-0.01,183,152303,卖盘,002177,2025-10-17 22:57:20
10:46:45,8.32,0.0,130,108194,卖盘,002177,2025-10-17 22:57:20
10:46:48,8.32,0.0,117,97400,卖盘,002177,2025-10-17 22:57:20
10:46:51,8.33,0.01,436,362765,买盘,002177,2025-10-17 22:57:20
10:46:54,8.32,-0.01,109,90712,卖盘,002177,2025-10-17 22:57:20
10:46:57,8.32,0.0,241,200512,买盘,002177,2025-10-17 22:57:20
10:47:00,8.31,-0.01,1256,1044080,卖盘,002177,2025-10-17 22:57:20
10:47:03,8.32,0.01,1243,1031436,买盘,002177,2025-10-17 22:57:20
10:47:06,8.32,0.0,176,146429,买盘,002177,2025-10-17 22:57:20
10:47:09,8.31,-0.01,91,75665,卖盘,002177,2025-10-17 22:57:20
10:47:12,8.31,0.0,19,15789,卖盘,002177,2025-10-17 22:57:20
10:47:15,8.31,0.0,110,91410,买盘,002177,2025-10-17 22:57:20
10:47:18,8.31,0.0,427,354803,买盘,002177,2025-10-17 22:57:20
10:47:21,8.31,0.0,404,335449,卖盘,002177,2025-10-17 22:57:20
10:47:24,8.31,0.0,90,74790,卖盘,002177,2025-10-17 22:57:20
10:47:27,8.3,-0.01,98,81374,卖盘,002177,2025-10-17 22:57:20
10:47:30,8.3,0.0,239,198370,买盘,002177,2025-10-17 22:57:20
10:47:33,8.29,-0.01,166,137752,卖盘,002177,2025-10-17 22:57:20
10:47:36,8.3,0.01,205,170020,买盘,002177,2025-10-17 22:57:20
10:47:39,8.3,0.0,162,134379,买盘,002177,2025-10-17 22:57:20
10:47:42,8.29,-0.01,198,164312,卖盘,002177,2025-10-17 22:57:20
10:47:45,8.29,0.0,174,144250,卖盘,002177,2025-10-17 22:57:20
10:47:48,8.29,0.0,138,114435,卖盘,002177,2025-10-17 22:57:20
10:47:51,8.29,0.0,29,24041,买盘,002177,2025-10-17 22:57:20
10:47:54,8.29,0.0,392,324925,买盘,002177,2025-10-17 22:57:20
10:47:57,8.29,0.0,313,259239,买盘,002177,2025-10-17 22:57:20
10:48:00,8.28,-0.01,467,387053,卖盘,002177,2025-10-17 22:57:20
10:48:03,8.28,0.0,165,136743,卖盘,002177,2025-10-17 22:57:20
10:48:06,8.28,0.0,214,177324,卖盘,002177,2025-10-17 22:57:20
10:48:09,8.28,0.0,312,258377,卖盘,002177,2025-10-17 22:57:20
10:48:12,8.29,0.01,150,124240,买盘,002177,2025-10-17 22:57:20
10:48:15,8.29,0.0,207,171463,买盘,002177,2025-10-17 22:57:20
10:48:18,8.28,-0.01,62,51366,卖盘,002177,2025-10-17 22:57:20
10:48:21,8.28,0.0,237,196266,卖盘,002177,2025-10-17 22:57:20
10:48:24,8.28,0.0,150,124200,卖盘,002177,2025-10-17 22:57:20
10:48:27,8.28,0.0,265,219422,卖盘,002177,2025-10-17 22:57:20
10:48:30,8.28,0.0,246,203695,卖盘,002177,2025-10-17 22:57:20
10:48:33,8.27,-0.01,102,84455,卖盘,002177,2025-10-17 22:57:20
10:48:36,8.28,0.01,102,84383,买盘,002177,2025-10-17 22:57:20
10:48:39,8.27,-0.01,82,67849,卖盘,002177,2025-10-17 22:57:20
10:48:42,8.27,0.0,1999,1653193,卖盘,002177,2025-10-17 22:57:20
10:48:45,8.27,0.0,99,81873,买盘,002177,2025-10-17 22:57:20
10:48:48,8.26,-0.01,99,81866,卖盘,002177,2025-10-17 22:57:20
10:48:51,8.26,0.0,155,128047,卖盘,002177,2025-10-17 22:57:20
10:48:54,8.26,0.0,188,155343,卖盘,002177,2025-10-17 22:57:20
10:48:57,8.26,0.0,516,426333,卖盘,002177,2025-10-17 22:57:20
10:49:00,8.26,0.0,20,16515,买盘,002177,2025-10-17 22:57:20
10:49:03,8.25,-0.01,331,273214,卖盘,002177,2025-10-17 22:57:20
10:49:06,8.25,0.0,122,100657,卖盘,002177,2025-10-17 22:57:20
10:49:09,8.25,0.0,696,574307,卖盘,002177,2025-10-17 22:57:20
10:49:12,8.25,0.0,137,113065,卖盘,002177,2025-10-17 22:57:20
10:49:15,8.25,0.0,1078,888618,卖盘,002177,2025-10-17 22:57:20
10:49:18,8.25,0.0,28,23100,买盘,002177,2025-10-17 22:57:20
10:49:21,8.23,-0.02,96,79034,卖盘,002177,2025-10-17 22:57:20
10:49:24,8.23,0.0,265,218257,卖盘,002177,2025-10-17 22:57:20
10:49:27,8.22,-0.01,381,313941,卖盘,002177,2025-10-17 22:57:20
10:49:30,8.23,0.01,118,97084,买盘,002177,2025-10-17 22:57:20
10:49:33,8.23,0.0,733,603133,买盘,002177,2025-10-17 22:57:20
10:49:36,8.22,-0.01,186,152965,卖盘,002177,2025-10-17 22:57:20
10:49:39,8.23,0.01,1264,1039212,买盘,002177,2025-10-17 22:57:20
10:49:42,8.21,-0.02,2286,1876818,卖盘,002177,2025-10-17 22:57:20
10:49:45,8.21,0.0,2549,2090890,买盘,002177,2025-10-17 22:57:20
10:49:48,8.21,0.0,523,429330,买盘,002177,2025-10-17 22:57:20
10:49:51,8.2,-0.01,275,225468,卖盘,002177,2025-10-17 22:57:20
10:49:54,8.21,0.01,186,152572,买盘,002177,2025-10-17 22:57:20
10:49:57,8.2,-0.01,495,405910,卖盘,002177,2025-10-17 22:57:20
10:50:00,8.2,0.0,252,206647,中性盘,002177,2025-10-17 22:57:20
10:50:03,8.19,-0.01,188,154129,卖盘,002177,2025-10-17 22:57:20
10:50:06,8.19,0.0,214,175369,卖盘,002177,2025-10-17 22:57:20
10:50:09,8.2,0.01,499,408920,买盘,002177,2025-10-17 22:57:20
10:50:12,8.2,0.0,601,492558,买盘,002177,2025-10-17 22:57:20
10:50:15,8.2,0.0,183,149979,买盘,002177,2025-10-17 22:57:20
10:50:18,8.2,0.0,168,137768,卖盘,002177,2025-10-17 22:57:20
10:50:21,8.21,0.01,188,154270,买盘,002177,2025-10-17 22:57:20
10:50:24,8.2,-0.01,202,165699,卖盘,002177,2025-10-17 22:57:20
10:50:27,8.21,0.01,148,121483,买盘,002177,2025-10-17 22:57:20
10:50:30,8.2,-0.01,50,41019,卖盘,002177,2025-10-17 22:57:20
10:50:33,8.2,0.0,475,389953,卖盘,002177,2025-10-17 22:57:20
10:50:36,8.21,0.01,244,200202,买盘,002177,2025-10-17 22:57:20
10:50:39,8.21,0.0,582,477551,买盘,002177,2025-10-17 22:57:20
10:50:42,8.21,0.0,340,279125,买盘,002177,2025-10-17 22:57:20
10:50:45,8.21,0.0,265,217495,买盘,002177,2025-10-17 22:57:20
10:50:48,8.21,0.0,468,384188,买盘,002177,2025-10-17 22:57:20
10:50:51,8.21,0.0,213,174840,买盘,002177,2025-10-17 22:57:20
10:50:54,8.2,-0.01,2715,2226412,卖盘,002177,2025-10-17 22:57:20
10:50:57,8.19,-0.01,356,291898,卖盘,002177,2025-10-17 22:57:20
10:51:00,8.2,0.01,221,181215,买盘,002177,2025-10-17 22:57:20
10:51:03,8.19,-0.01,209,171297,卖盘,002177,2025-10-17 22:57:20
10:51:06,8.19,0.0,186,152491,卖盘,002177,2025-10-17 22:57:20
10:51:09,8.19,0.0,162,132681,卖盘,002177,2025-10-17 22:57:20
10:51:12,8.2,0.01,149,122132,买盘,002177,2025-10-17 22:57:20
10:51:15,8.19,-0.01,114,93437,卖盘,002177,2025-10-17 22:57:20
10:51:18,8.19,0.0,182,149225,卖盘,002177,2025-10-17 22:57:20
10:51:21,8.2,0.01,112,91780,买盘,002177,2025-10-17 22:57:20
10:51:24,8.2,0.0,88,72113,买盘,002177,2025-10-17 22:57:20
10:51:27,8.2,0.0,173,141850,买盘,002177,2025-10-17 22:57:20
10:51:30,8.2,0.0,110,90130,买盘,002177,2025-10-17 22:57:20
10:51:33,8.2,0.0,336,275444,买盘,002177,2025-10-17 22:57:20
10:51:36,8.19,-0.01,295,241874,卖盘,002177,2025-10-17 22:57:20
10:51:39,8.19,0.0,194,159064,卖盘,002177,2025-10-17 22:57:20
10:51:42,8.19,0.0,300,245968,卖盘,002177,2025-10-17 22:57:20
10:51:45,8.2,0.01,121,99188,买盘,002177,2025-10-17 22:57:20
10:51:48,8.2,0.0,304,249133,买盘,002177,2025-10-17 22:57:20
10:51:51,8.2,0.0,657,538695,买盘,002177,2025-10-17 22:57:20
10:51:54,8.2,0.0,976,800320,买盘,002177,2025-10-17 22:57:20
10:51:57,8.21,0.01,336,275367,买盘,002177,2025-10-17 22:57:20
10:52:00,8.2,-0.01,75,61509,卖盘,002177,2025-10-17 22:57:20
10:52:03,8.21,0.01,97,79628,买盘,002177,2025-10-17 22:57:20
10:52:06,8.21,0.0,109,89449,买盘,002177,2025-10-17 22:57:20
10:52:09,8.21,0.0,403,330614,买盘,002177,2025-10-17 22:57:20
10:52:12,8.21,0.0,877,720013,买盘,002177,2025-10-17 22:57:20
10:52:15,8.21,0.0,71,58296,买盘,002177,2025-10-17 22:57:20
10:52:18,8.21,0.0,849,697029,卖盘,002177,2025-10-17 22:57:20
10:52:21,8.21,0.0,409,335789,买盘,002177,2025-10-17 22:57:20
10:52:24,8.21,0.0,541,444151,买盘,002177,2025-10-17 22:57:20
10:52:27,8.21,0.0,328,269245,买盘,002177,2025-10-17 22:57:20
10:52:30,8.2,-0.01,2841,2329737,卖盘,002177,2025-10-17 22:57:20
10:52:33,8.2,0.0,110,90200,买盘,002177,2025-10-17 22:57:20
10:52:36,8.19,-0.01,114,93472,卖盘,002177,2025-10-17 22:57:20
10:52:39,8.2,0.01,107,87720,买盘,002177,2025-10-17 22:57:20
10:52:42,8.2,0.0,83,68046,买盘,002177,2025-10-17 22:57:20
10:52:45,8.19,-0.01,46,37700,卖盘,002177,2025-10-17 22:57:20
10:52:48,8.2,0.01,213,174506,买盘,002177,2025-10-17 22:57:20
10:52:51,8.19,-0.01,142,116418,卖盘,002177,2025-10-17 22:57:20
10:52:54,8.2,0.01,2131,1745351,买盘,002177,2025-10-17 22:57:20
10:52:57,8.2,0.0,64,52480,买盘,002177,2025-10-17 22:57:20
10:53:00,8.19,-0.01,373,305493,卖盘,002177,2025-10-17 22:57:20
10:53:03,8.19,0.0,656,537752,买盘,002177,2025-10-17 22:57:20
10:53:06,8.19,0.0,92,75354,卖盘,002177,2025-10-17 22:57:20
10:53:09,8.2,0.01,304,249272,买盘,002177,2025-10-17 22:57:20
10:53:12,8.2,0.0,102,83574,买盘,002177,2025-10-17 22:57:20
10:53:15,8.2,0.0,156,127777,买盘,002177,2025-10-17 22:57:20
10:53:18,8.2,0.0,171,140195,买盘,002177,2025-10-17 22:57:20
10:53:21,8.2,0.0,160,131196,买盘,002177,2025-10-17 22:57:20
10:53:24,8.2,0.0,245,200828,买盘,002177,2025-10-17 22:57:20
10:53:27,8.2,0.0,146,119635,买盘,002177,2025-10-17 22:57:20
10:53:30,8.2,0.0,126,103320,买盘,002177,2025-10-17 22:57:20
10:53:33,8.2,0.0,73,59857,买盘,002177,2025-10-17 22:57:20
10:53:36,8.2,0.0,54,44280,买盘,002177,2025-10-17 22:57:20
10:53:39,8.2,0.0,213,174656,买盘,002177,2025-10-17 22:57:20
10:53:42,8.2,0.0,409,335184,买盘,002177,2025-10-17 22:57:20
10:53:45,8.19,-0.01,236,193500,卖盘,002177,2025-10-17 22:57:20
10:53:48,8.2,0.01,86,70519,买盘,002177,2025-10-17 22:57:20
10:53:51,8.2,0.0,64,52479,买盘,002177,2025-10-17 22:57:20
10:53:54,8.2,0.0,19,15580,买盘,002177,2025-10-17 22:57:20
10:53:57,8.2,0.0,218,178695,买盘,002177,2025-10-17 22:57:20
10:54:00,8.2,0.0,84,68870,买盘,002177,2025-10-17 22:57:20
10:54:03,8.2,0.0,189,154957,买盘,002177,2025-10-17 22:57:20
10:54:06,8.2,0.0,265,217100,买盘,002177,2025-10-17 22:57:20
10:54:09,8.2,0.0,299,245125,买盘,002177,2025-10-17 22:57:20
