时间,成交价,价格变动,成交量,成交额,买卖盘性质,股票代码,采集时间
09:25:00,11.59,0.39,81327,94257993,买盘,002208,2025-10-17 22:46:06
09:30:00,11.36,-0.23,28386,32847557,卖盘,002208,2025-10-17 22:46:06
09:30:03,11.47,0.11,21012,24105511,买盘,002208,2025-10-17 22:46:06
09:30:06,11.52,0.05,9104,10492882,买盘,002208,2025-10-17 22:46:06
09:30:09,11.56,0.04,4561,5261589,买盘,002208,2025-10-17 22:46:06
09:30:12,11.52,-0.04,5786,6676725,卖盘,002208,2025-10-17 22:46:06
09:30:15,11.41,-0.11,6058,6970819,卖盘,002208,2025-10-17 22:46:06
09:30:18,11.4,-0.01,6862,7871681,卖盘,002208,2025-10-17 22:46:06
09:30:21,11.42,0.02,6755,7714534,买盘,002208,2025-10-17 22:46:06
09:30:24,11.48,0.06,3430,3929060,中性盘,002208,2025-10-17 22:46:06
09:30:27,11.58,0.1,4148,4785152,买盘,002208,2025-10-17 22:46:06
09:30:30,11.6,0.02,7166,8304065,买盘,002208,2025-10-17 22:46:06
09:30:33,11.78,0.18,1672,1962158,买盘,002208,2025-10-17 22:46:06
09:30:36,11.81,0.03,7366,8692967,买盘,002208,2025-10-17 22:46:06
09:30:39,11.95,0.14,8686,10277378,买盘,002208,2025-10-17 22:46:06
09:30:42,11.76,-0.19,8470,10028677,卖盘,002208,2025-10-17 22:46:06
09:30:45,11.62,-0.14,3459,4043273,卖盘,002208,2025-10-17 22:46:06
09:30:48,11.61,-0.01,5982,6944081,卖盘,002208,2025-10-17 22:46:06
09:30:51,11.6,-0.01,5048,5837734,中性盘,002208,2025-10-17 22:46:06
09:30:54,11.41,-0.19,5101,5861071,卖盘,002208,2025-10-17 22:46:06
09:30:57,11.45,0.04,2948,3401994,卖盘,002208,2025-10-17 22:46:06
09:31:00,11.6,0.15,3729,4292036,买盘,002208,2025-10-17 22:46:06
09:31:03,11.61,0.01,2661,3081841,买盘,002208,2025-10-17 22:46:06
09:31:06,11.63,0.02,2386,2774826,买盘,002208,2025-10-17 22:46:06
09:31:09,11.64,0.01,2916,3394302,买盘,002208,2025-10-17 22:46:06
09:31:12,11.6,-0.04,4702,5454378,卖盘,002208,2025-10-17 22:46:06
09:31:15,11.51,-0.09,3918,4513104,卖盘,002208,2025-10-17 22:46:06
09:31:18,11.42,-0.09,4744,5430392,卖盘,002208,2025-10-17 22:46:06
09:31:21,11.37,-0.05,2306,2622353,卖盘,002208,2025-10-17 22:46:06
09:31:24,11.39,0.02,2847,3229944,买盘,002208,2025-10-17 22:46:06
09:31:27,11.4,0.01,2407,2741025,买盘,002208,2025-10-17 22:46:06
09:31:30,11.4,0.0,3292,3762142,卖盘,002208,2025-10-17 22:46:06
09:31:33,11.49,0.09,5492,6276324,中性盘,002208,2025-10-17 22:46:06
09:31:36,11.39,-0.1,2928,3343594,卖盘,002208,2025-10-17 22:46:06
09:31:39,11.44,0.05,6158,7024142,买盘,002208,2025-10-17 22:46:06
09:31:42,11.46,0.02,3041,3488987,买盘,002208,2025-10-17 22:46:06
09:31:45,11.54,0.08,1489,1714276,中性盘,002208,2025-10-17 22:46:06
09:31:48,11.55,0.01,3005,3469855,买盘,002208,2025-10-17 22:46:06
09:31:51,11.48,-0.07,3451,3974036,卖盘,002208,2025-10-17 22:46:06
09:31:54,11.51,0.03,8845,10201863,买盘,002208,2025-10-17 22:46:06
09:31:57,11.61,0.1,3736,4302095,买盘,002208,2025-10-17 22:46:06
09:32:00,11.62,0.01,640,742797,买盘,002208,2025-10-17 22:46:06
09:32:03,11.61,-0.01,3461,4021128,卖盘,002208,2025-10-17 22:46:06
09:32:06,11.7,0.09,3591,4221170,买盘,002208,2025-10-17 22:46:06
09:32:09,11.7,0.0,1209,1411494,卖盘,002208,2025-10-17 22:46:06
09:32:12,11.71,0.01,2457,2875726,买盘,002208,2025-10-17 22:46:06
09:32:15,11.75,0.04,506,593979,买盘,002208,2025-10-17 22:46:06
09:32:18,11.76,0.01,2264,2660591,买盘,002208,2025-10-17 22:46:06
09:32:21,11.76,0.0,3743,4393255,买盘,002208,2025-10-17 22:46:06
09:32:24,11.7,-0.06,5336,6274145,卖盘,002208,2025-10-17 22:46:06
09:32:27,11.77,0.07,4752,5579859,买盘,002208,2025-10-17 22:46:06
09:32:30,11.75,-0.02,1189,1399332,卖盘,002208,2025-10-17 22:46:06
09:32:33,11.8,0.05,5644,6658620,买盘,002208,2025-10-17 22:46:06
09:32:36,11.81,0.01,4263,5033859,买盘,002208,2025-10-17 22:46:06
09:32:39,11.84,0.03,2882,3404122,买盘,002208,2025-10-17 22:46:06
09:32:42,11.87,0.03,2199,2617050,买盘,002208,2025-10-17 22:46:06
09:32:45,11.93,0.06,2824,3363081,中性盘,002208,2025-10-17 22:46:06
09:32:48,11.9,-0.03,3999,4760863,中性盘,002208,2025-10-17 22:46:06
09:32:51,11.92,0.02,7013,8385919,买盘,002208,2025-10-17 22:46:06
09:32:54,11.96,0.04,3518,4204555,中性盘,002208,2025-10-17 22:46:06
09:32:57,12.0,0.04,3529,4233162,买盘,002208,2025-10-17 22:46:06
09:33:00,12.12,0.12,1484,1791542,买盘,002208,2025-10-17 22:46:06
09:33:03,12.16,0.04,3632,4407743,买盘,002208,2025-10-17 22:46:06
09:33:06,12.16,0.0,6285,7639045,卖盘,002208,2025-10-17 22:46:06
09:33:09,12.19,0.03,16391,19810064,买盘,002208,2025-10-17 22:46:06
09:33:12,12.2,0.01,7852,9542738,买盘,002208,2025-10-17 22:46:06
09:33:15,12.19,-0.01,8454,10313164,卖盘,002208,2025-10-17 22:46:06
09:33:18,12.16,-0.03,8598,10437313,卖盘,002208,2025-10-17 22:46:06
09:33:21,12.16,0.0,13831,16698098,买盘,002208,2025-10-17 22:46:06
09:33:24,12.17,0.01,8392,10209769,买盘,002208,2025-10-17 22:46:06
09:33:27,12.24,0.07,6707,8161231,买盘,002208,2025-10-17 22:46:06
09:33:30,12.29,0.05,6734,8228558,买盘,002208,2025-10-17 22:46:06
09:33:33,12.3,0.01,4148,5096994,买盘,002208,2025-10-17 22:46:06
09:33:36,12.29,-0.01,7404,9120854,卖盘,002208,2025-10-17 22:46:06
09:33:39,12.29,0.0,5999,7376943,买盘,002208,2025-10-17 22:46:06
09:33:42,12.34,0.05,7187,8833469,买盘,002208,2025-10-17 22:46:06
09:33:45,12.32,-0.02,8220,10132961,卖盘,002208,2025-10-17 22:46:06
09:33:48,12.27,-0.05,5269,6492065,卖盘,002208,2025-10-17 22:46:06
09:33:51,12.37,0.1,11509,14162578,买盘,002208,2025-10-17 22:46:06
09:33:54,12.4,0.03,3454,4259308,买盘,002208,2025-10-17 22:46:06
09:33:57,12.45,0.05,4831,5985436,买盘,002208,2025-10-17 22:46:06
09:34:00,12.46,0.01,5216,6472283,买盘,002208,2025-10-17 22:46:06
09:34:03,12.42,-0.04,8621,10717028,卖盘,002208,2025-10-17 22:46:06
09:34:06,12.33,-0.09,4939,6124100,卖盘,002208,2025-10-17 22:46:06
09:34:09,12.34,0.01,9132,11317547,中性盘,002208,2025-10-17 22:46:06
09:34:12,12.34,0.0,3421,4227006,卖盘,002208,2025-10-17 22:46:06
09:34:15,12.35,0.01,4644,5739799,买盘,002208,2025-10-17 22:46:06
09:34:18,12.4,0.05,3815,4714688,买盘,002208,2025-10-17 22:46:06
09:34:21,12.48,0.08,2145,2664995,买盘,002208,2025-10-17 22:46:06
09:34:24,12.5,0.02,2216,2763147,买盘,002208,2025-10-17 22:46:06
09:34:27,12.53,0.03,2119,2653081,买盘,002208,2025-10-17 22:46:06
09:34:30,12.59,0.06,2514,3155616,买盘,002208,2025-10-17 22:46:06
09:34:33,12.59,0.0,2549,3208120,买盘,002208,2025-10-17 22:46:06
09:34:36,12.61,0.02,4265,5369884,买盘,002208,2025-10-17 22:46:06
09:34:39,12.6,-0.01,7840,9874832,卖盘,002208,2025-10-17 22:46:06
09:34:42,12.54,-0.06,6010,7553437,卖盘,002208,2025-10-17 22:46:06
09:34:45,12.49,-0.05,4969,6224166,卖盘,002208,2025-10-17 22:46:06
09:34:48,12.47,-0.02,6260,7822190,卖盘,002208,2025-10-17 22:46:06
09:34:51,12.45,-0.02,1981,2471709,卖盘,002208,2025-10-17 22:46:06
09:34:54,12.45,0.0,2772,3453433,卖盘,002208,2025-10-17 22:46:06
09:34:57,12.45,0.0,3595,4475750,卖盘,002208,2025-10-17 22:46:06
09:35:00,12.43,-0.02,4719,5868934,卖盘,002208,2025-10-17 22:46:06
09:35:03,12.42,-0.01,1997,2481789,卖盘,002208,2025-10-17 22:46:06
09:35:06,12.4,-0.02,3255,4042067,卖盘,002208,2025-10-17 22:46:06
09:35:09,12.4,0.0,2674,3316654,卖盘,002208,2025-10-17 22:46:06
09:35:12,12.39,-0.01,2031,2516859,卖盘,002208,2025-10-17 22:46:06
09:35:15,12.37,-0.02,1934,2394752,卖盘,002208,2025-10-17 22:46:06
09:35:18,12.36,-0.01,2602,3216629,卖盘,002208,2025-10-17 22:46:06
09:35:21,12.32,-0.04,1573,1943266,卖盘,002208,2025-10-17 22:46:06
09:35:24,12.32,0.0,1284,1582491,卖盘,002208,2025-10-17 22:46:06
09:35:27,12.4,0.08,6237,7721030,买盘,002208,2025-10-17 22:46:06
09:35:30,12.48,0.08,1653,2054631,买盘,002208,2025-10-17 22:46:06
09:35:33,12.59,0.11,1207,1512280,买盘,002208,2025-10-17 22:46:06
09:35:36,12.59,0.0,2037,2559793,买盘,002208,2025-10-17 22:46:06
09:35:39,12.62,0.03,2801,3527372,买盘,002208,2025-10-17 22:46:06
09:35:42,12.63,0.01,2453,3099720,买盘,002208,2025-10-17 22:46:06
09:35:45,12.63,0.0,5679,7167748,卖盘,002208,2025-10-17 22:46:06
09:35:48,12.54,-0.09,3300,4156358,卖盘,002208,2025-10-17 22:46:06
09:35:51,12.51,-0.03,3022,3784782,卖盘,002208,2025-10-17 22:46:06
09:35:54,12.5,-0.01,5047,6286948,买盘,002208,2025-10-17 22:46:06
09:35:57,12.49,-0.01,1324,1651366,买盘,002208,2025-10-17 22:46:06
09:36:00,12.39,-0.1,3526,4395809,卖盘,002208,2025-10-17 22:46:06
09:36:03,12.49,0.1,3438,4276802,买盘,002208,2025-10-17 22:46:06
09:36:06,12.49,0.0,591,735754,买盘,002208,2025-10-17 22:46:06
09:36:09,12.54,0.05,1339,1672339,买盘,002208,2025-10-17 22:46:06
09:36:12,12.54,0.0,4223,5251513,买盘,002208,2025-10-17 22:46:06
09:36:15,12.53,-0.01,2306,2885298,中性盘,002208,2025-10-17 22:46:06
09:36:18,12.46,-0.07,2398,2991127,卖盘,002208,2025-10-17 22:46:06
09:36:21,12.46,0.0,3306,4109543,买盘,002208,2025-10-17 22:46:06
09:36:24,12.42,-0.04,1282,1592572,买盘,002208,2025-10-17 22:46:06
09:36:27,12.35,-0.07,1540,1912212,卖盘,002208,2025-10-17 22:46:06
09:36:30,12.42,0.07,1059,1313906,买盘,002208,2025-10-17 22:46:06
09:36:33,12.42,0.0,2827,3504618,卖盘,002208,2025-10-17 22:46:06
09:36:36,12.38,-0.04,929,1153018,卖盘,002208,2025-10-17 22:46:06
09:36:39,12.36,-0.02,1850,2292540,卖盘,002208,2025-10-17 22:46:06
09:36:42,12.4,0.04,4686,5782461,买盘,002208,2025-10-17 22:46:06
09:36:45,12.36,-0.04,1621,2002171,中性盘,002208,2025-10-17 22:46:06
09:36:48,12.38,0.02,1927,2379573,买盘,002208,2025-10-17 22:46:06
09:36:51,12.38,0.0,899,1112008,卖盘,002208,2025-10-17 22:46:06
09:36:54,12.36,-0.02,1624,2005716,买盘,002208,2025-10-17 22:46:06
09:36:57,12.35,-0.01,1276,1573036,中性盘,002208,2025-10-17 22:46:06
09:37:00,12.32,-0.03,843,1039426,卖盘,002208,2025-10-17 22:46:06
09:37:03,12.31,-0.01,781,962227,卖盘,002208,2025-10-17 22:46:06
09:37:06,12.29,-0.02,1513,1857371,卖盘,002208,2025-10-17 22:46:06
09:37:09,12.26,-0.03,2838,3480195,卖盘,002208,2025-10-17 22:46:06
09:37:12,12.19,-0.07,1464,1787602,卖盘,002208,2025-10-17 22:46:06
09:37:15,12.13,-0.06,772,939222,卖盘,002208,2025-10-17 22:46:06
09:37:18,12.09,-0.04,1631,1972757,卖盘,002208,2025-10-17 22:46:06
09:37:21,12.01,-0.08,2760,3317278,卖盘,002208,2025-10-17 22:46:06
09:37:24,11.95,-0.06,1658,1982447,卖盘,002208,2025-10-17 22:46:06
09:37:27,11.87,-0.08,2545,3025594,卖盘,002208,2025-10-17 22:46:06
09:37:30,11.87,0.0,1581,1876386,买盘,002208,2025-10-17 22:46:06
09:37:33,11.97,0.1,2037,2432737,买盘,002208,2025-10-17 22:46:06
09:37:36,12.01,0.04,3942,4726846,买盘,002208,2025-10-17 22:46:06
09:37:39,12.13,0.12,951,1147161,买盘,002208,2025-10-17 22:46:06
09:37:42,12.04,-0.09,1111,1341065,卖盘,002208,2025-10-17 22:46:06
09:37:45,12.03,-0.01,6271,7540921,卖盘,002208,2025-10-17 22:46:06
09:37:48,12.04,0.01,2563,3088876,买盘,002208,2025-10-17 22:46:06
09:37:51,12.04,0.0,2117,2550288,卖盘,002208,2025-10-17 22:46:06
09:37:54,12.04,0.0,4834,5807831,卖盘,002208,2025-10-17 22:46:06
09:37:57,12.0,-0.04,2265,2727075,卖盘,002208,2025-10-17 22:46:06
09:38:00,12.0,0.0,1956,2351568,买盘,002208,2025-10-17 22:46:06
09:38:03,12.08,0.08,2532,3038211,买盘,002208,2025-10-17 22:46:06
09:38:06,12.1,0.02,1793,2166865,买盘,002208,2025-10-17 22:46:06
09:38:09,12.1,0.0,3753,4539063,买盘,002208,2025-10-17 22:46:06
09:38:12,12.1,0.0,2643,3197855,买盘,002208,2025-10-17 22:46:06
09:38:15,12.1,0.0,5595,6764569,买盘,002208,2025-10-17 22:46:06
09:38:18,12.12,0.02,3809,4601615,买盘,002208,2025-10-17 22:46:06
09:38:21,12.05,-0.07,1951,2358684,卖盘,002208,2025-10-17 22:46:06
09:38:24,12.1,0.05,1796,2169082,中性盘,002208,2025-10-17 22:46:06
09:38:27,12.02,-0.08,1631,1964133,中性盘,002208,2025-10-17 22:46:06
09:38:30,12.0,-0.02,3500,4199824,卖盘,002208,2025-10-17 22:46:06
09:38:33,11.96,-0.04,2002,2399831,卖盘,002208,2025-10-17 22:46:06
09:38:36,11.93,-0.03,1200,1436028,卖盘,002208,2025-10-17 22:46:06
09:38:39,11.89,-0.04,2131,2539413,卖盘,002208,2025-10-17 22:46:06
09:38:42,11.81,-0.08,2127,2525753,卖盘,002208,2025-10-17 22:46:06
09:38:45,11.8,-0.01,1374,1624166,卖盘,002208,2025-10-17 22:46:06
09:38:48,11.83,0.03,2616,3099727,买盘,002208,2025-10-17 22:46:06
09:38:51,11.93,0.1,1247,1479276,买盘,002208,2025-10-17 22:46:06
09:38:54,11.96,0.03,1113,1334262,买盘,002208,2025-10-17 22:46:06
09:38:57,12.0,0.04,507,607078,买盘,002208,2025-10-17 22:46:06
09:39:00,12.01,0.01,474,568934,买盘,002208,2025-10-17 22:46:06
09:39:03,12.06,0.05,847,1017713,买盘,002208,2025-10-17 22:46:06
09:39:06,12.09,0.03,1110,1335114,买盘,002208,2025-10-17 22:46:06
09:39:09,12.12,0.03,490,592736,买盘,002208,2025-10-17 22:46:06
09:39:12,12.15,0.03,309,375278,买盘,002208,2025-10-17 22:46:06
09:39:15,12.15,0.0,2016,2448424,卖盘,002208,2025-10-17 22:46:06
09:39:18,12.08,-0.07,2451,2970836,卖盘,002208,2025-10-17 22:46:06
09:39:21,12.06,-0.02,3026,3642711,卖盘,002208,2025-10-17 22:46:06
09:39:24,12.09,0.03,2222,2685647,买盘,002208,2025-10-17 22:46:06
09:39:27,12.11,0.02,1176,1422809,买盘,002208,2025-10-17 22:46:06
09:39:30,12.11,0.0,487,591127,卖盘,002208,2025-10-17 22:46:06
09:39:33,12.15,0.04,746,904511,买盘,002208,2025-10-17 22:46:06
09:39:36,12.15,0.0,711,862156,买盘,002208,2025-10-17 22:46:06
09:39:39,12.18,0.03,948,1154062,买盘,002208,2025-10-17 22:46:06
09:39:42,12.2,0.02,1435,1746216,买盘,002208,2025-10-17 22:46:06
09:39:45,12.21,0.01,1241,1512752,买盘,002208,2025-10-17 22:46:06
09:39:48,12.17,-0.04,3769,4589945,卖盘,002208,2025-10-17 22:46:06
09:39:51,12.11,-0.06,1976,2402793,卖盘,002208,2025-10-17 22:46:06
09:39:54,12.1,-0.01,1750,2121999,卖盘,002208,2025-10-17 22:46:06
09:39:57,12.08,-0.02,1373,1658165,卖盘,002208,2025-10-17 22:46:06
09:40:00,12.15,0.07,3057,3701399,买盘,002208,2025-10-17 22:46:06
09:40:03,12.22,0.07,3699,4508413,买盘,002208,2025-10-17 22:46:06
09:40:06,12.27,0.05,509,622999,买盘,002208,2025-10-17 22:46:06
09:40:09,12.27,0.0,553,677462,买盘,002208,2025-10-17 22:46:06
09:40:12,12.26,-0.01,801,980831,中性盘,002208,2025-10-17 22:46:06
09:40:15,12.2,-0.06,1012,1238307,卖盘,002208,2025-10-17 22:46:06
09:40:18,12.17,-0.03,1022,1242090,卖盘,002208,2025-10-17 22:46:06
09:40:21,12.15,-0.02,1254,1522709,中性盘,002208,2025-10-17 22:46:06
09:40:24,12.15,0.0,1246,1511158,买盘,002208,2025-10-17 22:46:06
09:40:27,12.16,0.01,3257,3949549,买盘,002208,2025-10-17 22:46:06
09:40:30,12.16,0.0,594,723082,卖盘,002208,2025-10-17 22:46:06
09:40:33,12.16,0.0,1740,2115217,卖盘,002208,2025-10-17 22:46:06
09:40:36,12.16,0.0,1094,1330535,买盘,002208,2025-10-17 22:46:06
09:40:39,12.17,0.01,1341,1630767,买盘,002208,2025-10-17 22:46:06
09:40:42,12.17,0.0,593,721399,卖盘,002208,2025-10-17 22:46:06
09:40:45,12.19,0.02,783,953250,买盘,002208,2025-10-17 22:46:06
09:40:48,12.16,-0.03,1114,1355723,卖盘,002208,2025-10-17 22:46:06
09:40:51,12.17,0.01,1481,1798743,买盘,002208,2025-10-17 22:46:06
09:40:54,12.16,-0.01,978,1188026,卖盘,002208,2025-10-17 22:46:06
09:40:57,12.18,0.02,1539,1871434,买盘,002208,2025-10-17 22:46:06
09:41:00,12.18,0.0,551,670802,买盘,002208,2025-10-17 22:46:06
09:41:03,12.18,0.0,1130,1375051,买盘,002208,2025-10-17 22:46:06
09:41:06,12.17,-0.01,966,1176117,买盘,002208,2025-10-17 22:46:06
09:41:09,12.15,-0.02,599,727633,卖盘,002208,2025-10-17 22:46:06
09:41:12,12.15,0.0,1189,1441989,买盘,002208,2025-10-17 22:46:06
09:41:15,12.11,-0.04,1432,1736466,卖盘,002208,2025-10-17 22:46:06
09:41:18,12.23,0.12,4596,5613222,买盘,002208,2025-10-17 22:46:06
09:41:21,12.27,0.04,1191,1454666,买盘,002208,2025-10-17 22:46:06
09:41:24,12.27,0.0,296,362160,买盘,002208,2025-10-17 22:46:06
09:41:27,12.22,-0.05,926,1132400,中性盘,002208,2025-10-17 22:46:06
09:41:30,12.27,0.05,2310,2831648,买盘,002208,2025-10-17 22:46:06
09:41:33,12.26,-0.01,577,706868,卖盘,002208,2025-10-17 22:46:06
09:41:36,12.25,-0.01,477,583754,中性盘,002208,2025-10-17 22:46:06
09:41:39,12.23,-0.02,748,914782,中性盘,002208,2025-10-17 22:46:06
09:41:42,12.19,-0.04,735,896337,卖盘,002208,2025-10-17 22:46:06
09:41:45,12.15,-0.04,624,759093,卖盘,002208,2025-10-17 22:46:06
09:41:48,12.18,0.03,1974,2406239,买盘,002208,2025-10-17 22:46:06
09:41:51,12.19,0.01,431,525642,中性盘,002208,2025-10-17 22:46:06
09:41:54,12.2,0.01,1232,1501979,卖盘,002208,2025-10-17 22:46:06
09:41:57,12.22,0.02,456,556805,中性盘,002208,2025-10-17 22:46:06
09:42:00,12.23,0.01,787,961178,买盘,002208,2025-10-17 22:46:06
09:42:03,12.23,0.0,1150,1405624,买盘,002208,2025-10-17 22:46:06
09:42:06,12.21,-0.02,1651,2017982,卖盘,002208,2025-10-17 22:46:06
09:42:09,12.2,-0.01,2025,2472175,卖盘,002208,2025-10-17 22:46:06
09:42:12,12.18,-0.02,876,1068303,卖盘,002208,2025-10-17 22:46:06
09:42:15,12.19,0.01,622,757636,买盘,002208,2025-10-17 22:46:06
09:42:18,12.17,-0.02,672,817835,卖盘,002208,2025-10-17 22:46:06
09:42:21,12.14,-0.03,973,1182603,卖盘,002208,2025-10-17 22:46:06
09:42:24,12.14,0.0,638,775815,卖盘,002208,2025-10-17 22:46:06
09:42:27,12.13,-0.01,1577,1909868,卖盘,002208,2025-10-17 22:46:06
09:42:30,12.1,-0.03,609,737144,卖盘,002208,2025-10-17 22:46:06
09:42:33,12.02,-0.08,813,981437,卖盘,002208,2025-10-17 22:46:06
09:42:36,12.05,0.03,967,1167781,中性盘,002208,2025-10-17 22:46:06
09:42:39,12.03,-0.02,1163,1400131,卖盘,002208,2025-10-17 22:46:06
09:42:42,12.06,0.03,382,461395,中性盘,002208,2025-10-17 22:46:06
09:42:45,12.06,0.0,776,937809,卖盘,002208,2025-10-17 22:46:06
09:42:48,12.09,0.03,840,1015968,中性盘,002208,2025-10-17 22:46:06
09:42:51,12.1,0.01,604,730888,买盘,002208,2025-10-17 22:46:06
09:42:54,12.11,0.01,456,552193,中性盘,002208,2025-10-17 22:46:06
09:42:57,12.11,0.0,592,719071,卖盘,002208,2025-10-17 22:46:06
09:43:00,12.18,0.07,1037,1257924,买盘,002208,2025-10-17 22:46:06
09:43:03,12.26,0.08,3979,4864047,买盘,002208,2025-10-17 22:46:06
09:43:06,12.26,0.0,519,636468,卖盘,002208,2025-10-17 22:46:06
09:43:09,12.27,0.01,1111,1363507,买盘,002208,2025-10-17 22:46:06
09:43:12,12.29,0.02,1271,1562330,买盘,002208,2025-10-17 22:46:06
09:43:15,12.3,0.01,854,1050132,买盘,002208,2025-10-17 22:46:06
09:43:18,12.3,0.0,1562,1920143,买盘,002208,2025-10-17 22:46:06
09:43:21,12.32,0.02,964,1187889,买盘,002208,2025-10-17 22:46:06
09:43:24,12.34,0.02,1166,1437191,买盘,002208,2025-10-17 22:46:06
09:43:27,12.37,0.03,915,1129478,买盘,002208,2025-10-17 22:46:06
09:43:30,12.36,-0.01,596,736970,卖盘,002208,2025-10-17 22:46:06
09:43:33,12.34,-0.02,2019,2492351,卖盘,002208,2025-10-17 22:46:06
09:43:36,12.32,-0.02,1722,2121323,卖盘,002208,2025-10-17 22:46:06
09:43:39,12.3,-0.02,3032,3731260,卖盘,002208,2025-10-17 22:46:06
09:43:42,12.27,-0.03,2113,2596369,卖盘,002208,2025-10-17 22:46:06
09:43:45,12.27,0.0,2020,2482032,卖盘,002208,2025-10-17 22:46:06
09:43:48,12.25,-0.02,906,1111743,卖盘,002208,2025-10-17 22:46:06
09:43:51,12.25,0.0,1167,1428901,买盘,002208,2025-10-17 22:46:06
09:43:54,12.25,0.0,1042,1276363,买盘,002208,2025-10-17 22:46:06
09:43:57,12.27,0.02,860,1054215,买盘,002208,2025-10-17 22:46:06
09:44:00,12.27,0.0,2061,2528488,买盘,002208,2025-10-17 22:46:06
09:44:03,12.32,0.05,1169,1438703,买盘,002208,2025-10-17 22:46:06
09:44:06,12.35,0.03,493,608010,买盘,002208,2025-10-17 22:46:06
09:44:09,12.35,0.0,577,712260,买盘,002208,2025-10-17 22:46:06
09:44:12,12.36,0.01,1053,1300383,买盘,002208,2025-10-17 22:46:06
09:44:15,12.36,0.0,2172,2682730,买盘,002208,2025-10-17 22:46:06
09:44:18,12.37,0.01,1070,1322959,买盘,002208,2025-10-17 22:46:06
09:44:21,12.37,0.0,1084,1341578,卖盘,002208,2025-10-17 22:46:06
09:44:24,12.38,0.01,1124,1391057,中性盘,002208,2025-10-17 22:46:06
09:44:27,12.39,0.01,2239,2768419,买盘,002208,2025-10-17 22:46:06
09:44:30,12.38,-0.01,821,1015342,卖盘,002208,2025-10-17 22:46:06
09:44:33,12.38,0.0,1560,1929494,买盘,002208,2025-10-17 22:46:06
09:44:36,12.3,-0.08,1275,1574564,卖盘,002208,2025-10-17 22:46:06
09:44:39,12.32,0.02,2213,2731642,中性盘,002208,2025-10-17 22:46:06
09:44:42,12.37,0.05,320,395126,中性盘,002208,2025-10-17 22:46:06
09:44:45,12.35,-0.02,648,800656,卖盘,002208,2025-10-17 22:46:06
09:44:48,12.33,-0.02,1160,1434429,卖盘,002208,2025-10-17 22:46:06
09:44:51,12.35,0.02,594,733809,买盘,002208,2025-10-17 22:46:06
09:44:54,12.36,0.01,464,573031,买盘,002208,2025-10-17 22:46:06
09:44:57,12.36,0.0,459,567245,卖盘,002208,2025-10-17 22:46:06
09:45:00,12.36,0.0,1538,1900723,卖盘,002208,2025-10-17 22:46:06
09:45:03,12.35,-0.01,1014,1252400,卖盘,002208,2025-10-17 22:46:06
09:45:06,12.33,-0.02,349,430578,卖盘,002208,2025-10-17 22:46:06
09:45:09,12.3,-0.03,1255,1545765,卖盘,002208,2025-10-17 22:46:06
09:45:12,12.26,-0.04,2172,2664818,卖盘,002208,2025-10-17 22:46:06
09:45:15,12.23,-0.03,601,734278,卖盘,002208,2025-10-17 22:46:06
09:45:18,12.18,-0.05,882,1077141,卖盘,002208,2025-10-17 22:46:06
09:45:21,12.2,0.02,639,779852,买盘,002208,2025-10-17 22:46:06
09:45:24,12.17,-0.03,331,403234,卖盘,002208,2025-10-17 22:46:06
09:45:27,12.18,0.01,824,1003206,买盘,002208,2025-10-17 22:46:06
09:45:30,12.18,0.0,486,592409,卖盘,002208,2025-10-17 22:46:06
09:45:33,12.18,0.0,723,881560,卖盘,002208,2025-10-17 22:46:06
09:45:36,12.2,0.02,462,563463,中性盘,002208,2025-10-17 22:46:06
09:45:39,12.23,0.03,379,462492,买盘,002208,2025-10-17 22:46:06
09:45:42,12.17,-0.06,1311,1601463,卖盘,002208,2025-10-17 22:46:06
09:45:45,12.23,0.06,602,736035,卖盘,002208,2025-10-17 22:46:06
09:45:48,12.19,-0.04,633,773471,卖盘,002208,2025-10-17 22:46:06
09:45:51,12.23,0.04,913,1115300,买盘,002208,2025-10-17 22:46:06
09:45:54,12.2,-0.03,224,273344,中性盘,002208,2025-10-17 22:46:06
09:45:57,12.23,0.03,622,758981,买盘,002208,2025-10-17 22:46:06
09:46:00,12.2,-0.03,985,1201195,卖盘,002208,2025-10-17 22:46:06
09:46:03,12.2,0.0,1179,1436549,买盘,002208,2025-10-17 22:46:06
09:46:06,12.18,-0.02,1210,1475149,卖盘,002208,2025-10-17 22:46:06
09:46:09,12.15,-0.03,206,250727,卖盘,002208,2025-10-17 22:46:06
09:46:12,12.15,0.0,672,816531,卖盘,002208,2025-10-17 22:46:06
09:46:15,12.13,-0.02,922,1117632,中性盘,002208,2025-10-17 22:46:06
09:46:18,12.1,-0.03,375,453982,卖盘,002208,2025-10-17 22:46:06
09:46:21,12.11,0.01,441,533730,买盘,002208,2025-10-17 22:46:06
09:46:24,12.1,-0.01,458,554337,卖盘,002208,2025-10-17 22:46:06
09:46:27,12.13,0.03,413,500042,买盘,002208,2025-10-17 22:46:06
09:46:30,12.11,-0.02,1251,1513817,卖盘,002208,2025-10-17 22:46:06
09:46:33,12.11,0.0,507,613384,买盘,002208,2025-10-17 22:46:06
09:46:36,12.1,-0.01,859,1039654,卖盘,002208,2025-10-17 22:46:06
09:46:39,12.08,-0.02,558,674628,卖盘,002208,2025-10-17 22:46:06
09:46:42,12.09,0.01,548,661506,买盘,002208,2025-10-17 22:46:06
09:46:45,12.08,-0.01,684,826236,买盘,002208,2025-10-17 22:46:06
09:46:48,12.07,-0.01,937,1130222,卖盘,002208,2025-10-17 22:46:06
09:46:51,12.08,0.01,343,413644,买盘,002208,2025-10-17 22:46:06
09:46:54,12.08,0.0,542,654054,卖盘,002208,2025-10-17 22:46:06
09:46:57,12.06,-0.02,292,352398,卖盘,002208,2025-10-17 22:46:06
09:47:00,12.06,0.0,785,945889,买盘,002208,2025-10-17 22:46:06
09:47:03,12.05,-0.01,368,443661,卖盘,002208,2025-10-17 22:46:06
09:47:06,12.06,0.01,833,1004907,买盘,002208,2025-10-17 22:46:06
09:47:09,12.09,0.03,752,907644,买盘,002208,2025-10-17 22:46:06
09:47:12,12.1,0.01,831,1004099,买盘,002208,2025-10-17 22:46:06
09:47:15,12.1,0.0,961,1162413,买盘,002208,2025-10-17 22:46:06
09:47:18,12.1,0.0,1721,2082397,买盘,002208,2025-10-17 22:46:06
09:47:21,12.08,-0.02,3308,3995369,卖盘,002208,2025-10-17 22:46:06
09:47:24,12.08,0.0,466,562726,中性盘,002208,2025-10-17 22:46:06
09:47:27,12.08,0.0,865,1044858,买盘,002208,2025-10-17 22:46:06
09:47:30,12.1,0.02,725,874122,买盘,002208,2025-10-17 22:46:06
09:47:33,12.11,0.01,237,286802,买盘,002208,2025-10-17 22:46:06
09:47:36,12.11,0.0,386,467422,买盘,002208,2025-10-17 22:46:06
09:47:39,12.12,0.01,662,801781,买盘,002208,2025-10-17 22:46:06
09:47:42,12.13,0.01,376,455741,买盘,002208,2025-10-17 22:46:06
09:47:45,12.14,0.01,241,292273,买盘,002208,2025-10-17 22:46:06
09:47:48,12.14,0.0,708,859110,买盘,002208,2025-10-17 22:46:06
09:47:51,12.17,0.03,765,929225,买盘,002208,2025-10-17 22:46:06
09:47:54,12.18,0.01,52,63239,买盘,002208,2025-10-17 22:46:06
09:47:57,12.2,0.02,465,566788,买盘,002208,2025-10-17 22:46:06
09:48:00,12.21,0.01,126,153786,买盘,002208,2025-10-17 22:46:06
09:48:03,12.17,-0.04,1556,1897234,卖盘,002208,2025-10-17 22:46:06
09:48:06,12.07,-0.1,3157,3827092,卖盘,002208,2025-10-17 22:46:06
09:48:09,12.1,0.03,953,1151456,买盘,002208,2025-10-17 22:46:06
09:48:12,12.12,0.02,345,416720,买盘,002208,2025-10-17 22:46:06
09:48:15,12.12,0.0,311,376366,买盘,002208,2025-10-17 22:46:06
09:48:18,12.16,0.04,427,517212,买盘,002208,2025-10-17 22:46:06
09:48:21,12.12,-0.04,149,180768,卖盘,002208,2025-10-17 22:46:06
09:48:24,12.13,0.01,175,212508,中性盘,002208,2025-10-17 22:46:06
09:48:27,12.12,-0.01,362,439677,卖盘,002208,2025-10-17 22:46:06
09:48:30,12.14,0.02,264,320621,卖盘,002208,2025-10-17 22:46:06
09:48:33,12.15,0.01,457,554760,买盘,002208,2025-10-17 22:46:06
09:48:36,12.14,-0.01,1104,1341429,卖盘,002208,2025-10-17 22:46:06
09:48:39,12.14,0.0,381,462749,卖盘,002208,2025-10-17 22:46:06
09:48:42,12.17,0.03,597,725780,买盘,002208,2025-10-17 22:46:06
09:48:45,12.15,-0.02,280,340617,卖盘,002208,2025-10-17 22:46:06
09:48:48,12.17,0.02,733,891784,买盘,002208,2025-10-17 22:46:06
09:48:51,12.17,0.0,375,456056,卖盘,002208,2025-10-17 22:46:06
09:48:54,12.17,0.0,344,418329,买盘,002208,2025-10-17 22:46:06
09:48:57,12.15,-0.02,454,552158,卖盘,002208,2025-10-17 22:46:06
09:49:00,12.17,0.02,470,572113,买盘,002208,2025-10-17 22:46:06
09:49:03,12.23,0.06,3778,4614856,买盘,002208,2025-10-17 22:46:06
09:49:06,12.29,0.06,981,1200400,买盘,002208,2025-10-17 22:46:06
09:49:09,12.28,-0.01,453,555297,卖盘,002208,2025-10-17 22:46:06
09:49:12,12.28,0.0,261,320616,中性盘,002208,2025-10-17 22:46:06
09:49:15,12.18,-0.1,396,485261,卖盘,002208,2025-10-17 22:46:06
09:49:18,12.25,0.07,1014,1245235,买盘,002208,2025-10-17 22:46:06
09:49:21,12.29,0.04,578,706955,中性盘,002208,2025-10-17 22:46:06
09:49:24,12.28,-0.01,303,371994,买盘,002208,2025-10-17 22:46:06
09:49:27,12.29,0.01,472,579655,买盘,002208,2025-10-17 22:46:06
09:49:30,12.3,0.01,998,1224825,买盘,002208,2025-10-17 22:46:06
09:49:33,12.3,0.0,257,315910,买盘,002208,2025-10-17 22:46:06
09:49:36,12.31,0.01,518,636560,买盘,002208,2025-10-17 22:46:06
09:49:39,12.28,-0.03,1532,1884269,卖盘,002208,2025-10-17 22:46:06
09:49:42,12.3,0.02,1523,1871267,中性盘,002208,2025-10-17 22:46:06
09:49:45,12.3,0.0,809,994495,买盘,002208,2025-10-17 22:46:06
09:49:48,12.28,-0.02,674,828470,卖盘,002208,2025-10-17 22:46:06
09:49:51,12.3,0.02,887,1085581,买盘,002208,2025-10-17 22:46:06
09:49:54,12.28,-0.02,420,516201,卖盘,002208,2025-10-17 22:46:06
09:49:57,12.28,0.0,422,518247,卖盘,002208,2025-10-17 22:46:06
09:50:00,12.21,-0.07,435,533972,卖盘,002208,2025-10-17 22:46:06
09:50:03,12.28,0.07,1767,2149837,卖盘,002208,2025-10-17 22:46:06
09:50:06,12.27,-0.01,398,488662,买盘,002208,2025-10-17 22:46:06
09:50:09,12.28,0.01,499,611615,买盘,002208,2025-10-17 22:46:06
09:50:12,12.18,-0.1,660,805505,卖盘,002208,2025-10-17 22:46:06
09:50:15,12.18,0.0,418,509316,买盘,002208,2025-10-17 22:46:06
09:50:18,12.2,0.02,331,403698,买盘,002208,2025-10-17 22:46:06
09:50:21,12.21,0.01,284,346179,买盘,002208,2025-10-17 22:46:06
09:50:24,12.25,0.04,683,833748,买盘,002208,2025-10-17 22:46:06
09:50:27,12.25,0.0,316,385528,买盘,002208,2025-10-17 22:46:06
09:50:30,12.25,0.0,130,159312,卖盘,002208,2025-10-17 22:46:06
09:50:33,12.26,0.01,190,232818,买盘,002208,2025-10-17 22:46:06
09:50:36,12.27,0.01,299,366513,买盘,002208,2025-10-17 22:46:06
09:50:39,12.27,0.0,488,597347,买盘,002208,2025-10-17 22:46:06
09:50:42,12.26,-0.01,538,660003,卖盘,002208,2025-10-17 22:46:06
09:50:45,12.25,-0.01,208,254823,卖盘,002208,2025-10-17 22:46:06
09:50:48,12.25,0.0,700,856592,卖盘,002208,2025-10-17 22:46:06
09:50:51,12.24,-0.01,164,200433,买盘,002208,2025-10-17 22:46:06
09:50:54,12.22,-0.02,367,448372,中性盘,002208,2025-10-17 22:46:06
09:50:57,12.24,0.02,341,417138,买盘,002208,2025-10-17 22:46:06
09:51:00,12.19,-0.05,717,875805,卖盘,002208,2025-10-17 22:46:06
09:51:03,12.21,0.02,186,226853,买盘,002208,2025-10-17 22:46:06
09:51:06,12.17,-0.04,1042,1269741,卖盘,002208,2025-10-17 22:46:06
09:51:09,12.17,0.0,202,245757,买盘,002208,2025-10-17 22:46:06
09:51:12,12.17,0.0,222,270365,买盘,002208,2025-10-17 22:46:06
09:51:15,12.18,0.01,233,283770,中性盘,002208,2025-10-17 22:46:06
09:51:18,12.2,0.02,724,881462,中性盘,002208,2025-10-17 22:46:06
09:51:21,12.15,-0.05,209,254294,卖盘,002208,2025-10-17 22:46:06
09:51:24,12.14,-0.01,292,354964,卖盘,002208,2025-10-17 22:46:06
09:51:27,12.16,0.02,182,221096,买盘,002208,2025-10-17 22:46:06
09:51:30,12.17,0.01,649,788561,买盘,002208,2025-10-17 22:46:06
09:51:33,12.15,-0.02,254,308404,卖盘,002208,2025-10-17 22:46:06
09:51:36,12.17,0.02,384,466880,买盘,002208,2025-10-17 22:46:06
09:51:39,12.17,0.0,300,364670,卖盘,002208,2025-10-17 22:46:06
09:51:42,12.17,0.0,298,362382,中性盘,002208,2025-10-17 22:46:06
09:51:45,12.18,0.01,265,322295,买盘,002208,2025-10-17 22:46:06
09:51:48,12.17,-0.01,123,150273,中性盘,002208,2025-10-17 22:46:06
09:51:51,12.18,0.01,327,398250,卖盘,002208,2025-10-17 22:46:06
09:51:54,12.18,0.0,185,225388,卖盘,002208,2025-10-17 22:46:06
09:51:57,12.15,-0.03,3991,4840069,卖盘,002208,2025-10-17 22:46:06
09:52:00,12.14,-0.01,391,474494,中性盘,002208,2025-10-17 22:46:06
09:52:03,12.14,0.0,891,1079270,买盘,002208,2025-10-17 22:46:06
09:52:06,12.14,0.0,295,358206,买盘,002208,2025-10-17 22:46:06
09:52:09,12.15,0.01,486,589263,卖盘,002208,2025-10-17 22:46:06
09:52:12,12.15,0.0,178,216312,买盘,002208,2025-10-17 22:46:06
09:52:15,12.15,0.0,226,274439,买盘,002208,2025-10-17 22:46:06
09:52:18,12.16,0.01,82,99631,买盘,002208,2025-10-17 22:46:06
09:52:21,12.16,0.0,351,426654,买盘,002208,2025-10-17 22:46:06
09:52:24,12.17,0.01,269,326974,买盘,002208,2025-10-17 22:46:06
09:52:27,12.16,-0.01,386,469850,卖盘,002208,2025-10-17 22:46:06
09:52:30,12.18,0.02,398,484206,买盘,002208,2025-10-17 22:46:06
09:52:33,12.18,0.0,281,342081,买盘,002208,2025-10-17 22:46:06
09:52:36,12.19,0.01,65,79201,买盘,002208,2025-10-17 22:46:06
09:52:39,12.19,0.0,119,145007,买盘,002208,2025-10-17 22:46:06
09:52:42,12.2,0.01,193,235389,买盘,002208,2025-10-17 22:46:06
09:52:45,12.21,0.01,745,908731,买盘,002208,2025-10-17 22:46:06
09:52:48,12.2,-0.01,279,340604,卖盘,002208,2025-10-17 22:46:06
09:52:51,12.2,0.0,1091,1331848,卖盘,002208,2025-10-17 22:46:06
09:52:54,12.2,0.0,361,440720,卖盘,002208,2025-10-17 22:46:06
09:52:57,12.23,0.03,296,361552,买盘,002208,2025-10-17 22:46:06
09:53:00,12.23,0.0,372,454322,买盘,002208,2025-10-17 22:46:06
09:53:03,12.22,-0.01,310,378816,卖盘,002208,2025-10-17 22:46:06
09:53:06,12.22,0.0,703,860270,买盘,002208,2025-10-17 22:46:06
09:53:09,12.22,0.0,311,379949,买盘,002208,2025-10-17 22:46:06
09:53:12,12.2,-0.02,425,519024,卖盘,002208,2025-10-17 22:46:06
09:53:15,12.22,0.02,387,472625,买盘,002208,2025-10-17 22:46:06
09:53:18,12.22,0.0,108,131956,买盘,002208,2025-10-17 22:46:06
09:53:21,12.22,0.0,367,447900,买盘,002208,2025-10-17 22:46:06
09:53:24,12.2,-0.02,404,493564,卖盘,002208,2025-10-17 22:46:06
09:53:27,12.22,0.02,147,179583,中性盘,002208,2025-10-17 22:46:06
09:53:30,12.24,0.02,377,460626,买盘,002208,2025-10-17 22:46:06
09:53:33,12.22,-0.02,93,113580,中性盘,002208,2025-10-17 22:46:06
09:53:36,12.21,-0.01,339,414250,卖盘,002208,2025-10-17 22:46:06
09:53:39,12.21,0.0,505,616120,卖盘,002208,2025-10-17 22:46:06
09:53:42,12.21,0.0,105,128224,买盘,002208,2025-10-17 22:46:06
09:53:45,12.21,0.0,567,691730,买盘,002208,2025-10-17 22:46:06
09:53:48,12.2,-0.01,259,316091,中性盘,002208,2025-10-17 22:46:06
09:53:51,12.19,-0.01,91,110888,卖盘,002208,2025-10-17 22:46:06
09:53:54,12.19,0.0,341,415920,买盘,002208,2025-10-17 22:46:06
09:53:57,12.19,0.0,263,320831,买盘,002208,2025-10-17 22:46:06
09:54:00,12.22,0.03,288,351214,买盘,002208,2025-10-17 22:46:06
09:54:03,12.22,0.0,190,232023,买盘,002208,2025-10-17 22:46:06
09:54:06,12.21,-0.01,228,278648,卖盘,002208,2025-10-17 22:46:06
09:54:09,12.22,0.01,352,429696,买盘,002208,2025-10-17 22:46:06
09:54:12,12.22,0.0,243,296972,卖盘,002208,2025-10-17 22:46:06
09:54:15,12.22,0.0,285,348196,买盘,002208,2025-10-17 22:46:06
09:54:18,12.22,0.0,166,202874,买盘,002208,2025-10-17 22:46:06
09:54:21,12.23,0.01,309,377888,买盘,002208,2025-10-17 22:46:06
09:54:24,12.25,0.02,360,440732,买盘,002208,2025-10-17 22:46:06
09:54:27,12.28,0.03,1275,1562556,买盘,002208,2025-10-17 22:46:06
09:54:30,12.29,0.01,663,814275,买盘,002208,2025-10-17 22:46:06
09:54:33,12.31,0.02,1470,1807721,买盘,002208,2025-10-17 22:46:06
09:54:36,12.33,0.02,249,306636,买盘,002208,2025-10-17 22:46:06
09:54:39,12.35,0.02,859,1059563,买盘,002208,2025-10-17 22:46:06
09:54:42,12.37,0.02,581,717952,买盘,002208,2025-10-17 22:46:06
09:54:45,12.37,0.0,910,1124545,买盘,002208,2025-10-17 22:46:06
09:54:48,12.38,0.01,739,915043,买盘,002208,2025-10-17 22:46:06
09:54:51,12.34,-0.04,2002,2476748,卖盘,002208,2025-10-17 22:46:06
09:54:54,12.34,0.0,1757,2171995,卖盘,002208,2025-10-17 22:46:06
09:54:57,12.35,0.01,2538,3115304,卖盘,002208,2025-10-17 22:46:06
09:55:00,12.32,-0.03,727,897650,中性盘,002208,2025-10-17 22:46:06
09:55:03,12.36,0.04,2554,3160383,买盘,002208,2025-10-17 22:46:06
09:55:06,12.36,0.0,110,135979,买盘,002208,2025-10-17 22:46:06
09:55:09,12.31,-0.05,1651,2037244,卖盘,002208,2025-10-17 22:46:06
09:55:12,12.35,0.04,1009,1245126,买盘,002208,2025-10-17 22:46:06
09:55:15,12.29,-0.06,776,953237,卖盘,002208,2025-10-17 22:46:06
09:55:18,12.3,0.01,407,499620,买盘,002208,2025-10-17 22:46:06
09:55:21,12.27,-0.03,221,271040,卖盘,002208,2025-10-17 22:46:06
09:55:24,12.27,0.0,99,121432,买盘,002208,2025-10-17 22:46:06
09:55:27,12.24,-0.03,259,317251,卖盘,002208,2025-10-17 22:46:06
09:55:30,12.27,0.03,327,400670,买盘,002208,2025-10-17 22:46:06
09:55:33,12.27,0.0,94,115264,卖盘,002208,2025-10-17 22:46:06
09:55:36,12.27,0.0,209,256671,卖盘,002208,2025-10-17 22:46:06
09:55:39,12.28,0.01,457,561610,中性盘,002208,2025-10-17 22:46:06
09:55:42,12.29,0.01,384,471742,中性盘,002208,2025-10-17 22:46:06
09:55:45,12.33,0.04,1480,1822487,买盘,002208,2025-10-17 22:46:06
09:55:48,12.33,0.0,642,792037,卖盘,002208,2025-10-17 22:46:06
09:55:51,12.35,0.02,176,217071,中性盘,002208,2025-10-17 22:46:06
09:55:54,12.33,-0.02,174,214595,中性盘,002208,2025-10-17 22:46:06
09:55:57,12.33,0.0,139,171232,买盘,002208,2025-10-17 22:46:06
09:56:00,12.33,0.0,102,125868,卖盘,002208,2025-10-17 22:46:06
09:56:03,12.33,0.0,409,504477,卖盘,002208,2025-10-17 22:46:06
09:56:06,12.34,0.01,463,570750,买盘,002208,2025-10-17 22:46:06
09:56:09,12.34,0.0,456,562255,买盘,002208,2025-10-17 22:46:06
09:56:12,12.34,0.0,240,296178,买盘,002208,2025-10-17 22:46:06
09:56:15,12.35,0.01,396,488822,买盘,002208,2025-10-17 22:46:06
09:56:18,12.35,0.0,408,503928,买盘,002208,2025-10-17 22:46:06
09:56:21,12.35,0.0,824,1017504,卖盘,002208,2025-10-17 22:46:06
09:56:24,12.35,0.0,567,700212,买盘,002208,2025-10-17 22:46:06
09:56:27,12.35,0.0,728,897542,买盘,002208,2025-10-17 22:46:06
09:56:30,12.36,0.01,315,389054,买盘,002208,2025-10-17 22:46:06
09:56:33,12.36,0.0,395,487930,买盘,002208,2025-10-17 22:46:06
09:56:36,12.37,0.01,292,360931,买盘,002208,2025-10-17 22:46:06
09:56:39,12.38,0.01,393,486128,买盘,002208,2025-10-17 22:46:06
09:56:42,12.39,0.01,1035,1281176,买盘,002208,2025-10-17 22:46:06
09:56:45,12.39,0.0,1453,1800685,买盘,002208,2025-10-17 22:46:06
09:56:48,12.38,-0.01,1204,1490959,卖盘,002208,2025-10-17 22:46:06
09:56:51,12.38,0.0,1295,1602857,卖盘,002208,2025-10-17 22:46:06
09:56:54,12.34,-0.04,1600,1979113,卖盘,002208,2025-10-17 22:46:06
09:56:57,12.38,0.04,813,1003740,买盘,002208,2025-10-17 22:46:06
09:57:00,12.3,-0.08,680,838571,卖盘,002208,2025-10-17 22:46:06
09:57:03,12.34,0.04,197,242976,中性盘,002208,2025-10-17 22:46:06
09:57:06,12.38,0.04,825,1021012,买盘,002208,2025-10-17 22:46:06
09:57:09,12.36,-0.02,236,291623,卖盘,002208,2025-10-17 22:46:06
09:57:12,12.32,-0.04,678,835717,卖盘,002208,2025-10-17 22:46:06
09:57:15,12.32,0.0,361,444571,买盘,002208,2025-10-17 22:46:06
09:57:18,12.32,0.0,190,233921,买盘,002208,2025-10-17 22:46:06
09:57:21,12.3,-0.02,328,403618,卖盘,002208,2025-10-17 22:46:06
09:57:24,12.29,-0.01,769,945426,卖盘,002208,2025-10-17 22:46:06
09:57:27,12.27,-0.02,841,1032946,卖盘,002208,2025-10-17 22:46:06
09:57:30,12.27,0.0,101,123761,买盘,002208,2025-10-17 22:46:06
09:57:33,12.24,-0.03,363,444119,卖盘,002208,2025-10-17 22:46:06
09:57:36,12.2,-0.04,318,388740,卖盘,002208,2025-10-17 22:46:06
09:57:39,12.24,0.04,281,343954,中性盘,002208,2025-10-17 22:46:06
09:57:42,12.28,0.04,178,218392,买盘,002208,2025-10-17 22:46:06
09:57:45,12.27,-0.01,118,144830,卖盘,002208,2025-10-17 22:46:06
09:57:48,12.28,0.01,221,271426,买盘,002208,2025-10-17 22:46:06
09:57:51,12.29,0.01,212,260345,买盘,002208,2025-10-17 22:46:06
09:57:54,12.28,-0.01,390,479250,卖盘,002208,2025-10-17 22:46:06
09:57:57,12.28,0.0,323,396790,卖盘,002208,2025-10-17 22:46:06
09:58:00,12.3,0.02,172,211445,买盘,002208,2025-10-17 22:46:06
09:58:03,12.29,-0.01,306,376197,卖盘,002208,2025-10-17 22:46:06
09:58:06,12.39,0.1,1034,1278410,买盘,002208,2025-10-17 22:46:06
09:58:09,12.39,0.0,464,575408,卖盘,002208,2025-10-17 22:46:06
09:58:12,12.4,0.01,113,140147,买盘,002208,2025-10-17 22:46:06
09:58:15,12.42,0.02,229,284277,买盘,002208,2025-10-17 22:46:06
09:58:18,12.43,0.01,972,1209419,买盘,002208,2025-10-17 22:46:06
09:58:21,12.44,0.01,409,508809,买盘,002208,2025-10-17 22:46:06
09:58:24,12.46,0.02,380,473136,买盘,002208,2025-10-17 22:46:06
09:58:27,12.49,0.03,936,1167949,买盘,002208,2025-10-17 22:46:06
09:58:30,12.49,0.0,877,1095759,买盘,002208,2025-10-17 22:46:06
09:58:33,12.5,0.01,1116,1394625,买盘,002208,2025-10-17 22:46:06
09:58:36,12.5,0.0,1349,1686208,买盘,002208,2025-10-17 22:46:06
09:58:39,12.54,0.04,551,689782,买盘,002208,2025-10-17 22:46:06
09:58:42,12.54,0.0,3357,4201393,买盘,002208,2025-10-17 22:46:06
09:58:45,12.57,0.03,1521,1907481,买盘,002208,2025-10-17 22:46:06
09:58:48,12.57,0.0,3688,4621812,买盘,002208,2025-10-17 22:46:06
09:58:51,12.54,-0.03,3107,3899096,卖盘,002208,2025-10-17 22:46:06
09:58:54,12.5,-0.04,2049,2567430,卖盘,002208,2025-10-17 22:46:06
09:58:57,12.49,-0.01,1854,2319219,卖盘,002208,2025-10-17 22:46:06
09:59:00,12.49,0.0,427,534059,卖盘,002208,2025-10-17 22:46:06
09:59:03,12.49,0.0,801,1001058,卖盘,002208,2025-10-17 22:46:06
09:59:06,12.49,0.0,1440,1802259,买盘,002208,2025-10-17 22:46:06
09:59:09,12.5,0.01,678,846363,买盘,002208,2025-10-17 22:46:06
09:59:12,12.52,0.02,330,412660,买盘,002208,2025-10-17 22:46:06
09:59:15,12.5,-0.02,388,485353,卖盘,002208,2025-10-17 22:46:06
09:59:18,12.51,0.01,654,819121,中性盘,002208,2025-10-17 22:46:06
09:59:21,12.54,0.03,488,611129,买盘,002208,2025-10-17 22:46:06
09:59:24,12.53,-0.01,548,686648,卖盘,002208,2025-10-17 22:46:06
09:59:27,12.52,-0.01,857,1073957,卖盘,002208,2025-10-17 22:46:06
09:59:30,12.51,-0.01,1879,2350047,卖盘,002208,2025-10-17 22:46:06
09:59:33,12.5,-0.01,980,1224975,中性盘,002208,2025-10-17 22:46:06
09:59:36,12.49,-0.01,1227,1534118,卖盘,002208,2025-10-17 22:46:06
09:59:39,12.5,0.01,395,494065,买盘,002208,2025-10-17 22:46:06
09:59:42,12.53,0.03,376,470552,买盘,002208,2025-10-17 22:46:06
09:59:45,12.53,0.0,602,753437,买盘,002208,2025-10-17 22:46:06
09:59:48,12.53,0.0,748,936455,买盘,002208,2025-10-17 22:46:06
09:59:51,12.53,0.0,717,898204,买盘,002208,2025-10-17 22:46:06
09:59:54,12.52,-0.01,1396,1749095,卖盘,002208,2025-10-17 22:46:06
09:59:57,12.52,0.0,615,770033,买盘,002208,2025-10-17 22:46:06
10:00:00,12.45,-0.07,1280,1600126,卖盘,002208,2025-10-17 22:46:06
10:00:03,12.46,0.01,414,515620,买盘,002208,2025-10-17 22:46:06
10:00:06,12.45,-0.01,290,360842,卖盘,002208,2025-10-17 22:46:06
10:00:09,12.41,-0.04,294,365484,卖盘,002208,2025-10-17 22:46:06
10:00:12,12.41,0.0,326,404574,卖盘,002208,2025-10-17 22:46:06
10:00:15,12.38,-0.03,294,364147,卖盘,002208,2025-10-17 22:46:06
10:00:18,12.38,0.0,176,217787,卖盘,002208,2025-10-17 22:46:06
10:00:21,12.36,-0.02,157,194073,卖盘,002208,2025-10-17 22:46:06
10:00:24,12.34,-0.02,266,328605,卖盘,002208,2025-10-17 22:46:06
10:00:27,12.35,0.01,668,825290,买盘,002208,2025-10-17 22:46:06
10:00:30,12.35,0.0,497,614850,买盘,002208,2025-10-17 22:46:06
10:00:33,12.35,0.0,404,499414,卖盘,002208,2025-10-17 22:46:06
10:00:36,12.39,0.04,400,495519,买盘,002208,2025-10-17 22:46:06
10:00:39,12.41,0.02,200,247587,买盘,002208,2025-10-17 22:46:06
10:00:42,12.41,0.0,233,289100,买盘,002208,2025-10-17 22:46:06
10:00:45,12.42,0.01,221,274300,买盘,002208,2025-10-17 22:46:06
10:00:48,12.46,0.04,410,509047,买盘,002208,2025-10-17 22:46:06
10:00:51,12.43,-0.03,263,327363,卖盘,002208,2025-10-17 22:46:06
10:00:54,12.42,-0.01,773,959734,卖盘,002208,2025-10-17 22:46:06
10:00:57,12.43,0.01,629,781302,买盘,002208,2025-10-17 22:46:06
10:01:00,12.42,-0.01,229,284241,买盘,002208,2025-10-17 22:46:06
10:01:03,12.41,-0.01,390,484319,卖盘,002208,2025-10-17 22:46:06
10:01:06,12.42,0.01,626,778048,买盘,002208,2025-10-17 22:46:06
10:01:09,12.41,-0.01,165,204740,卖盘,002208,2025-10-17 22:46:06
10:01:12,12.41,0.0,190,235865,卖盘,002208,2025-10-17 22:46:06
10:01:15,12.4,-0.01,539,669211,卖盘,002208,2025-10-17 22:46:06
10:01:18,12.4,0.0,588,731088,买盘,002208,2025-10-17 22:46:06
10:01:21,12.4,0.0,264,327337,卖盘,002208,2025-10-17 22:46:06
10:01:24,12.41,0.01,393,487392,买盘,002208,2025-10-17 22:46:06
10:01:27,12.45,0.04,579,719271,买盘,002208,2025-10-17 22:46:06
10:01:30,12.45,0.0,389,483793,买盘,002208,2025-10-17 22:46:06
10:01:33,12.43,-0.02,215,267426,中性盘,002208,2025-10-17 22:46:06
10:01:36,12.45,0.02,170,211805,中性盘,002208,2025-10-17 22:46:06
10:01:39,12.44,-0.01,788,980937,卖盘,002208,2025-10-17 22:46:06
10:01:42,12.41,-0.03,1040,1292096,卖盘,002208,2025-10-17 22:46:06
10:01:45,12.39,-0.02,526,651628,卖盘,002208,2025-10-17 22:46:06
10:01:48,12.37,-0.02,451,559369,卖盘,002208,2025-10-17 22:46:06
10:01:51,12.4,0.03,116,143729,卖盘,002208,2025-10-17 22:46:06
10:01:54,12.43,0.03,332,412123,买盘,002208,2025-10-17 22:46:06
10:01:57,12.42,-0.01,423,525415,卖盘,002208,2025-10-17 22:46:06
10:02:00,12.43,0.01,90,111824,买盘,002208,2025-10-17 22:46:06
10:02:03,12.43,0.0,690,857750,卖盘,002208,2025-10-17 22:46:06
10:02:06,12.43,0.0,270,335765,卖盘,002208,2025-10-17 22:46:06
10:02:09,12.45,0.02,573,712838,买盘,002208,2025-10-17 22:46:06
10:02:12,12.51,0.06,1045,1305126,买盘,002208,2025-10-17 22:46:06
10:02:15,12.51,0.0,157,196334,买盘,002208,2025-10-17 22:46:06
10:02:18,12.51,0.0,112,140163,买盘,002208,2025-10-17 22:46:06
10:02:21,12.51,0.0,740,925723,卖盘,002208,2025-10-17 22:46:06
10:02:24,12.44,-0.07,1405,1753800,卖盘,002208,2025-10-17 22:46:06
10:02:27,12.47,0.03,1358,1686406,买盘,002208,2025-10-17 22:46:06
10:02:30,12.44,-0.03,652,812670,卖盘,002208,2025-10-17 22:46:06
10:02:33,12.44,0.0,535,664783,买盘,002208,2025-10-17 22:46:06
10:02:36,12.46,0.02,331,412043,买盘,002208,2025-10-17 22:46:06
10:02:39,12.46,0.0,70,87173,卖盘,002208,2025-10-17 22:46:06
10:02:42,12.49,0.03,603,752241,买盘,002208,2025-10-17 22:46:06
10:02:45,12.47,-0.02,493,614432,中性盘,002208,2025-10-17 22:46:06
10:02:48,12.49,0.02,754,939181,买盘,002208,2025-10-17 22:46:06
10:02:51,12.48,-0.01,2147,2684129,卖盘,002208,2025-10-17 22:46:06
10:02:54,12.5,0.02,51,63783,中性盘,002208,2025-10-17 22:46:06
10:02:57,12.56,0.06,1669,2091594,买盘,002208,2025-10-17 22:46:06
10:03:00,12.57,0.01,1374,1725729,买盘,002208,2025-10-17 22:46:06
10:03:03,12.57,0.0,814,1023413,买盘,002208,2025-10-17 22:46:06
10:03:06,12.59,0.02,913,1148599,买盘,002208,2025-10-17 22:46:06
10:03:09,12.6,0.01,852,1072933,买盘,002208,2025-10-17 22:46:06
10:03:12,12.57,-0.03,3007,3782872,卖盘,002208,2025-10-17 22:46:06
10:03:15,12.57,0.0,1273,1599288,买盘,002208,2025-10-17 22:46:06
10:03:18,12.52,-0.05,1511,1892297,卖盘,002208,2025-10-17 22:46:06
10:03:21,12.5,-0.02,2941,3680433,卖盘,002208,2025-10-17 22:46:06
10:03:24,12.55,0.05,860,1077844,买盘,002208,2025-10-17 22:46:06
10:03:27,12.55,0.0,290,363471,卖盘,002208,2025-10-17 22:46:06
10:03:30,12.55,0.0,251,314977,买盘,002208,2025-10-17 22:46:06
10:03:33,12.48,-0.07,1714,2142894,卖盘,002208,2025-10-17 22:46:06
10:03:36,12.51,0.03,1742,2177363,买盘,002208,2025-10-17 22:46:06
10:03:39,12.5,-0.01,402,502611,卖盘,002208,2025-10-17 22:46:06
10:03:42,12.49,-0.01,500,624385,卖盘,002208,2025-10-17 22:46:06
10:03:45,12.49,0.0,350,437265,买盘,002208,2025-10-17 22:46:06
10:03:48,12.5,0.01,1708,2134984,买盘,002208,2025-10-17 22:46:06
10:03:51,12.5,0.0,206,257702,卖盘,002208,2025-10-17 22:46:06
10:03:54,12.5,0.0,276,345376,卖盘,002208,2025-10-17 22:46:06
10:03:57,12.53,0.03,161,201574,买盘,002208,2025-10-17 22:46:06
10:04:00,12.53,0.0,158,197907,买盘,002208,2025-10-17 22:46:06
10:04:03,12.53,0.0,594,744707,买盘,002208,2025-10-17 22:46:06
10:04:06,12.56,0.03,109,136739,买盘,002208,2025-10-17 22:46:06
10:04:09,12.56,0.0,179,224401,买盘,002208,2025-10-17 22:46:06
10:04:12,12.56,0.0,467,586490,买盘,002208,2025-10-17 22:46:06
10:04:15,12.56,0.0,163,204910,卖盘,002208,2025-10-17 22:46:06
10:04:18,12.56,0.0,2125,2669474,卖盘,002208,2025-10-17 22:46:06
10:04:21,12.56,0.0,755,949016,买盘,002208,2025-10-17 22:46:06
10:04:24,12.56,0.0,457,573991,卖盘,002208,2025-10-17 22:46:06
10:04:27,12.55,-0.01,919,1153660,中性盘,002208,2025-10-17 22:46:06
10:04:30,12.54,-0.01,243,304715,卖盘,002208,2025-10-17 22:46:06
10:04:33,12.49,-0.05,3155,3944146,卖盘,002208,2025-10-17 22:46:06
10:04:36,12.49,0.0,170,212224,卖盘,002208,2025-10-17 22:46:06
10:04:39,12.5,0.01,147,183522,买盘,002208,2025-10-17 22:46:06
10:04:42,12.49,-0.01,122,152553,卖盘,002208,2025-10-17 22:46:06
10:04:45,12.5,0.01,629,785890,买盘,002208,2025-10-17 22:46:06
10:04:48,12.5,0.0,341,425957,买盘,002208,2025-10-17 22:46:06
10:04:51,12.48,-0.02,317,396018,卖盘,002208,2025-10-17 22:46:06
10:04:54,12.49,0.01,134,167309,买盘,002208,2025-10-17 22:46:06
10:04:57,12.49,0.0,143,178477,买盘,002208,2025-10-17 22:46:06
10:05:00,12.49,0.0,151,188542,买盘,002208,2025-10-17 22:46:06
10:05:03,12.49,0.0,484,604699,卖盘,002208,2025-10-17 22:46:06
10:05:06,12.5,0.01,157,196147,买盘,002208,2025-10-17 22:46:06
10:05:09,12.5,0.0,401,501140,买盘,002208,2025-10-17 22:46:06
10:05:12,12.52,0.02,542,678022,买盘,002208,2025-10-17 22:46:06
10:05:15,12.52,0.0,652,817547,中性盘,002208,2025-10-17 22:46:06
10:05:18,12.52,0.0,357,447476,卖盘,002208,2025-10-17 22:46:06
10:05:21,12.54,0.02,134,167971,买盘,002208,2025-10-17 22:46:06
10:05:24,12.51,-0.03,848,1061758,卖盘,002208,2025-10-17 22:46:06
10:05:27,12.49,-0.02,1081,1349894,卖盘,002208,2025-10-17 22:46:06
10:05:30,12.5,0.01,244,304576,买盘,002208,2025-10-17 22:46:06
10:05:33,12.49,-0.01,383,478684,中性盘,002208,2025-10-17 22:46:06
10:05:36,12.5,0.01,373,466050,买盘,002208,2025-10-17 22:46:06
10:05:39,12.49,-0.01,69,86221,买盘,002208,2025-10-17 22:46:06
10:05:42,12.49,0.0,781,975478,卖盘,002208,2025-10-17 22:46:06
10:05:45,12.49,0.0,167,208584,买盘,002208,2025-10-17 22:46:06
10:05:48,12.46,-0.03,1048,1305675,卖盘,002208,2025-10-17 22:46:06
10:05:51,12.46,0.0,152,189334,买盘,002208,2025-10-17 22:46:06
10:05:54,12.44,-0.02,149,185567,卖盘,002208,2025-10-17 22:46:06
10:05:57,12.46,0.02,2076,2596111,买盘,002208,2025-10-17 22:46:06
10:06:00,12.45,-0.01,92,114638,卖盘,002208,2025-10-17 22:46:06
10:06:03,12.53,0.08,32,39960,中性盘,002208,2025-10-17 22:46:06
10:06:06,12.52,-0.01,65,81273,卖盘,002208,2025-10-17 22:46:06
10:06:09,12.46,-0.06,916,1149433,卖盘,002208,2025-10-17 22:46:06
10:06:12,12.56,0.1,48,60020,买盘,002208,2025-10-17 22:46:06
10:06:15,12.5,-0.06,61,76516,卖盘,002208,2025-10-17 22:46:06
10:06:18,12.58,0.08,132,165866,买盘,002208,2025-10-17 22:46:06
10:06:21,12.52,-0.06,255,319372,卖盘,002208,2025-10-17 22:46:06
10:06:24,12.58,0.06,337,423073,买盘,002208,2025-10-17 22:46:06
10:06:27,12.56,-0.02,98,123220,卖盘,002208,2025-10-17 22:46:06
10:06:30,12.58,0.02,668,839759,买盘,002208,2025-10-17 22:46:06
10:06:33,12.56,-0.02,335,420712,卖盘,002208,2025-10-17 22:46:06
10:06:36,12.56,0.0,1096,1373137,卖盘,002208,2025-10-17 22:46:06
10:06:39,12.47,-0.09,601,752082,卖盘,002208,2025-10-17 22:46:06
10:06:42,12.56,0.09,236,296315,买盘,002208,2025-10-17 22:46:06
10:06:45,12.54,-0.02,199,249383,中性盘,002208,2025-10-17 22:46:06
10:06:48,12.56,0.02,955,1195056,买盘,002208,2025-10-17 22:46:06
10:06:51,12.56,0.0,557,698768,卖盘,002208,2025-10-17 22:46:06
10:06:54,12.54,-0.02,286,359098,卖盘,002208,2025-10-17 22:46:06
10:06:57,12.5,-0.04,591,741557,卖盘,002208,2025-10-17 22:46:06
10:07:00,12.56,0.06,131,164414,买盘,002208,2025-10-17 22:46:06
10:07:03,12.56,0.0,212,266248,买盘,002208,2025-10-17 22:46:06
10:07:06,12.54,-0.02,223,279821,卖盘,002208,2025-10-17 22:46:06
10:07:09,12.45,-0.09,3676,4589024,卖盘,002208,2025-10-17 22:46:06
10:07:12,12.5,0.05,3281,4080906,买盘,002208,2025-10-17 22:46:06
10:07:15,12.45,-0.05,120,149144,中性盘,002208,2025-10-17 22:46:06
10:07:18,12.49,0.04,73,91045,买盘,002208,2025-10-17 22:46:06
10:07:21,12.49,0.0,187,233367,买盘,002208,2025-10-17 22:46:06
10:07:24,12.48,-0.01,119,148612,中性盘,002208,2025-10-17 22:46:06
10:07:27,12.47,-0.01,140,174564,中性盘,002208,2025-10-17 22:46:06
10:07:30,12.44,-0.03,453,564134,卖盘,002208,2025-10-17 22:46:06
10:07:33,12.4,-0.04,592,736186,卖盘,002208,2025-10-17 22:46:06
10:07:36,12.4,0.0,327,405744,卖盘,002208,2025-10-17 22:46:06
10:07:39,12.41,0.01,435,539657,中性盘,002208,2025-10-17 22:46:06
10:07:42,12.43,0.02,366,454386,买盘,002208,2025-10-17 22:46:06
10:07:45,12.45,0.02,1389,1726077,买盘,002208,2025-10-17 22:46:06
10:07:48,12.44,-0.01,563,699263,卖盘,002208,2025-10-17 22:46:06
10:07:51,12.42,-0.02,179,222668,卖盘,002208,2025-10-17 22:46:06
10:07:54,12.42,0.0,125,155382,卖盘,002208,2025-10-17 22:46:06
10:07:57,12.41,-0.01,550,682785,卖盘,002208,2025-10-17 22:46:06
10:08:00,12.42,0.01,280,347569,买盘,002208,2025-10-17 22:46:06
10:08:03,12.41,-0.01,537,666006,卖盘,002208,2025-10-17 22:46:06
10:08:06,12.41,0.0,328,406797,买盘,002208,2025-10-17 22:46:06
10:08:09,12.4,-0.01,568,704047,中性盘,002208,2025-10-17 22:46:06
10:08:12,12.41,0.01,110,136439,卖盘,002208,2025-10-17 22:46:06
10:08:15,12.41,0.0,129,160069,卖盘,002208,2025-10-17 22:46:06
10:08:18,12.4,-0.01,119,147652,卖盘,002208,2025-10-17 22:46:06
10:08:21,12.4,0.0,123,152495,买盘,002208,2025-10-17 22:46:06
10:08:24,12.4,0.0,290,359512,买盘,002208,2025-10-17 22:46:06
10:08:27,12.39,-0.01,141,174899,卖盘,002208,2025-10-17 22:46:06
10:08:30,12.4,0.01,195,241709,买盘,002208,2025-10-17 22:46:06
10:08:33,12.37,-0.03,315,389916,卖盘,002208,2025-10-17 22:46:06
10:08:36,12.36,-0.01,252,311743,卖盘,002208,2025-10-17 22:46:06
10:08:39,12.36,0.0,143,176897,卖盘,002208,2025-10-17 22:46:06
10:08:42,12.36,0.0,256,316221,买盘,002208,2025-10-17 22:46:06
10:08:45,12.34,-0.02,701,865964,卖盘,002208,2025-10-17 22:46:06
10:08:48,12.32,-0.02,400,493239,卖盘,002208,2025-10-17 22:46:06
10:08:51,12.31,-0.01,378,465641,卖盘,002208,2025-10-17 22:46:06
10:08:54,12.3,-0.01,267,328678,卖盘,002208,2025-10-17 22:46:06
10:08:57,12.31,0.01,404,497010,中性盘,002208,2025-10-17 22:46:06
10:09:00,12.31,0.0,229,281702,买盘,002208,2025-10-17 22:46:06
10:09:03,12.34,0.03,771,949271,买盘,002208,2025-10-17 22:46:06
10:09:06,12.35,0.01,163,201152,买盘,002208,2025-10-17 22:46:06
10:09:09,12.35,0.0,554,684186,买盘,002208,2025-10-17 22:46:06
10:09:12,12.37,0.02,526,649183,中性盘,002208,2025-10-17 22:46:06
10:09:15,12.39,0.02,100,123929,买盘,002208,2025-10-17 22:46:06
10:09:18,12.4,0.01,119,147511,买盘,002208,2025-10-17 22:46:06
10:09:21,12.41,0.01,87,107908,买盘,002208,2025-10-17 22:46:06
10:09:24,12.41,0.0,180,223358,买盘,002208,2025-10-17 22:46:06
10:09:27,12.41,0.0,306,379838,买盘,002208,2025-10-17 22:46:06
10:09:30,12.41,0.0,409,508065,买盘,002208,2025-10-17 22:46:06
10:09:33,12.43,0.02,178,220933,中性盘,002208,2025-10-17 22:46:06
10:09:36,12.4,-0.03,521,648586,卖盘,002208,2025-10-17 22:46:06
10:09:39,12.4,0.0,387,480281,卖盘,002208,2025-10-17 22:46:06
10:09:42,12.41,0.01,193,239422,买盘,002208,2025-10-17 22:46:06
10:09:45,12.39,-0.02,734,909976,卖盘,002208,2025-10-17 22:46:06
10:09:48,12.38,-0.01,159,197081,卖盘,002208,2025-10-17 22:46:06
10:09:51,12.39,0.01,77,95407,中性盘,002208,2025-10-17 22:46:06
10:09:54,12.4,0.01,85,105353,买盘,002208,2025-10-17 22:46:06
10:09:57,12.37,-0.03,453,561276,卖盘,002208,2025-10-17 22:46:06
10:10:00,12.35,-0.02,434,536429,卖盘,002208,2025-10-17 22:46:06
10:10:03,12.34,-0.01,982,1208165,卖盘,002208,2025-10-17 22:46:06
10:10:06,12.32,-0.02,334,411745,中性盘,002208,2025-10-17 22:46:06
10:10:09,12.3,-0.02,127,156284,卖盘,002208,2025-10-17 22:46:06
10:10:12,12.29,-0.01,144,177034,卖盘,002208,2025-10-17 22:46:06
10:10:15,12.3,0.01,608,747406,买盘,002208,2025-10-17 22:46:06
10:10:18,12.29,-0.01,307,376928,卖盘,002208,2025-10-17 22:46:06
10:10:21,12.24,-0.05,488,598325,卖盘,002208,2025-10-17 22:46:06
10:10:24,12.24,0.0,475,581219,买盘,002208,2025-10-17 22:46:06
10:10:27,12.24,0.0,1111,1356882,买盘,002208,2025-10-17 22:46:06
10:10:30,12.24,0.0,309,378295,买盘,002208,2025-10-17 22:46:06
10:10:33,12.25,0.01,237,290566,中性盘,002208,2025-10-17 22:46:06
10:10:36,12.31,0.06,286,351266,买盘,002208,2025-10-17 22:46:06
10:10:39,12.3,-0.01,350,430565,卖盘,002208,2025-10-17 22:46:06
10:10:42,12.3,0.0,190,233748,买盘,002208,2025-10-17 22:46:06
10:10:45,12.35,0.05,649,799763,买盘,002208,2025-10-17 22:46:06
10:10:48,12.32,-0.03,610,751819,卖盘,002208,2025-10-17 22:46:06
10:10:51,12.34,0.02,256,315851,中性盘,002208,2025-10-17 22:46:06
10:10:54,12.35,0.01,144,177652,买盘,002208,2025-10-17 22:46:06
10:10:57,12.34,-0.01,187,230678,卖盘,002208,2025-10-17 22:46:06
10:11:00,12.35,0.01,409,504819,买盘,002208,2025-10-17 22:46:06
10:11:03,12.36,0.01,801,989135,买盘,002208,2025-10-17 22:46:06
10:11:06,12.34,-0.02,265,327203,卖盘,002208,2025-10-17 22:46:06
10:11:09,12.35,0.01,282,348074,买盘,002208,2025-10-17 22:46:06
10:11:12,12.37,0.02,166,205161,买盘,002208,2025-10-17 22:46:06
10:11:15,12.37,0.0,238,294358,买盘,002208,2025-10-17 22:46:06
10:11:18,12.45,0.08,427,530149,买盘,002208,2025-10-17 22:46:06
10:11:21,12.41,-0.04,208,258806,中性盘,002208,2025-10-17 22:46:06
10:11:24,12.45,0.04,131,163080,卖盘,002208,2025-10-17 22:46:06
10:11:27,12.45,0.0,167,208030,买盘,002208,2025-10-17 22:46:06
10:11:30,12.45,0.0,662,823818,卖盘,002208,2025-10-17 22:46:06
10:11:33,12.44,-0.01,205,255236,中性盘,002208,2025-10-17 22:46:06
10:11:36,12.42,-0.02,206,256067,卖盘,002208,2025-10-17 22:46:06
10:11:39,12.43,0.01,228,283337,买盘,002208,2025-10-17 22:46:06
10:11:42,12.45,0.02,145,180178,买盘,002208,2025-10-17 22:46:06
10:11:45,12.46,0.01,720,896742,买盘,002208,2025-10-17 22:46:06
10:11:48,12.48,0.02,84,104724,买盘,002208,2025-10-17 22:46:06
10:11:51,12.48,0.0,3028,3769784,中性盘,002208,2025-10-17 22:46:06
10:11:54,12.48,0.0,344,429105,买盘,002208,2025-10-17 22:46:06
10:11:57,12.48,0.0,197,245762,买盘,002208,2025-10-17 22:46:06
10:12:00,12.48,0.0,353,440538,买盘,002208,2025-10-17 22:46:06
10:12:03,12.48,0.0,606,757326,中性盘,002208,2025-10-17 22:46:06
10:12:06,12.5,0.02,146,182446,买盘,002208,2025-10-17 22:46:06
10:12:09,12.5,0.0,190,237634,卖盘,002208,2025-10-17 22:46:06
10:12:12,12.52,0.02,1054,1318612,买盘,002208,2025-10-17 22:46:06
10:12:15,12.52,0.0,472,590502,买盘,002208,2025-10-17 22:46:06
10:12:18,12.53,0.01,190,237900,买盘,002208,2025-10-17 22:46:06
10:12:21,12.54,0.01,200,250743,买盘,002208,2025-10-17 22:46:06
10:12:24,12.55,0.01,387,485278,买盘,002208,2025-10-17 22:46:06
10:12:27,12.55,0.0,213,267168,买盘,002208,2025-10-17 22:46:06
10:12:30,12.54,-0.01,259,324908,卖盘,002208,2025-10-17 22:46:06
10:12:33,12.54,0.0,255,319585,卖盘,002208,2025-10-17 22:46:06
10:12:36,12.51,-0.03,204,255416,卖盘,002208,2025-10-17 22:46:06
10:12:39,12.5,-0.01,1212,1518466,卖盘,002208,2025-10-17 22:46:06
10:12:42,12.49,-0.01,70,87473,卖盘,002208,2025-10-17 22:46:06
10:12:45,12.49,0.0,136,169951,卖盘,002208,2025-10-17 22:46:06
10:12:48,12.5,0.01,104,129918,买盘,002208,2025-10-17 22:46:06
10:12:51,12.48,-0.02,37,46189,卖盘,002208,2025-10-17 22:46:06
10:12:54,12.49,0.01,283,353412,买盘,002208,2025-10-17 22:46:06
10:12:57,12.5,0.01,376,469641,买盘,002208,2025-10-17 22:46:06
10:13:00,12.5,0.0,195,243710,买盘,002208,2025-10-17 22:46:06
10:13:03,12.51,0.01,801,1002301,买盘,002208,2025-10-17 22:46:06
10:13:06,12.52,0.01,82,102791,中性盘,002208,2025-10-17 22:46:06
10:13:09,12.54,0.02,247,309447,买盘,002208,2025-10-17 22:46:06
10:13:12,12.54,0.0,251,314954,卖盘,002208,2025-10-17 22:46:06
10:13:15,12.62,0.08,7163,9017624,买盘,002208,2025-10-17 22:46:06
10:13:18,12.64,0.02,1206,1520748,买盘,002208,2025-10-17 22:46:06
10:13:21,12.67,0.03,2462,3116479,买盘,002208,2025-10-17 22:46:06
10:13:24,12.67,0.0,2600,3292714,买盘,002208,2025-10-17 22:46:06
10:13:27,12.67,0.0,1715,2172787,买盘,002208,2025-10-17 22:46:06
10:13:30,12.65,-0.02,1403,1776377,卖盘,002208,2025-10-17 22:46:06
10:13:33,12.57,-0.08,816,1028890,卖盘,002208,2025-10-17 22:46:06
10:13:36,12.55,-0.02,629,787634,卖盘,002208,2025-10-17 22:46:06
10:13:39,12.6,0.05,566,710451,买盘,002208,2025-10-17 22:46:06
10:13:42,12.63,0.03,286,360207,买盘,002208,2025-10-17 22:46:06
10:13:45,12.65,0.02,741,935366,买盘,002208,2025-10-17 22:46:06
10:13:48,12.65,0.0,718,908185,买盘,002208,2025-10-17 22:46:06
10:13:51,12.68,0.03,1340,1696076,买盘,002208,2025-10-17 22:46:06
10:13:54,12.7,0.02,810,1026443,买盘,002208,2025-10-17 22:46:06
10:13:57,12.72,0.02,796,1012177,买盘,002208,2025-10-17 22:46:06
10:14:00,12.78,0.06,1261,1608451,买盘,002208,2025-10-17 22:46:06
10:14:03,12.78,0.0,966,1234731,买盘,002208,2025-10-17 22:46:06
10:14:06,12.79,0.01,2249,2874230,中性盘,002208,2025-10-17 22:46:06
10:14:09,12.76,-0.03,3082,3936495,卖盘,002208,2025-10-17 22:46:06
10:14:12,12.7,-0.06,1420,1806635,卖盘,002208,2025-10-17 22:46:06
10:14:15,12.72,0.02,631,800713,买盘,002208,2025-10-17 22:46:06
10:14:18,12.75,0.03,1141,1450926,买盘,002208,2025-10-17 22:46:06
10:14:21,12.76,0.01,698,889400,买盘,002208,2025-10-17 22:46:06
10:14:24,12.73,-0.03,502,639311,卖盘,002208,2025-10-17 22:46:06
10:14:27,12.73,0.0,465,592078,买盘,002208,2025-10-17 22:46:06
10:14:30,12.73,0.0,855,1089839,卖盘,002208,2025-10-17 22:46:06
10:14:33,12.73,0.0,747,951755,卖盘,002208,2025-10-17 22:46:06
10:14:36,12.75,0.02,583,742755,买盘,002208,2025-10-17 22:46:06
10:14:39,12.74,-0.01,553,704282,中性盘,002208,2025-10-17 22:46:06
10:14:42,12.74,0.0,549,699557,买盘,002208,2025-10-17 22:46:06
10:14:45,12.74,0.0,698,889802,卖盘,002208,2025-10-17 22:46:06
10:14:48,12.75,0.01,1043,1330579,卖盘,002208,2025-10-17 22:46:06
10:14:51,12.72,-0.03,631,804163,卖盘,002208,2025-10-17 22:46:06
10:14:54,12.72,0.0,375,476964,卖盘,002208,2025-10-17 22:46:06
10:14:57,12.73,0.01,132,167945,买盘,002208,2025-10-17 22:46:06
10:15:00,12.71,-0.02,303,385419,卖盘,002208,2025-10-17 22:46:06
10:15:03,12.72,0.01,345,438417,买盘,002208,2025-10-17 22:46:06
10:15:06,12.71,-0.01,1007,1277689,卖盘,002208,2025-10-17 22:46:06
10:15:09,12.65,-0.06,141,178387,卖盘,002208,2025-10-17 22:46:06
10:15:12,12.69,0.04,658,832517,买盘,002208,2025-10-17 22:46:06
10:15:15,12.65,-0.04,121,153075,中性盘,002208,2025-10-17 22:46:06
10:15:18,12.64,-0.01,127,160711,卖盘,002208,2025-10-17 22:46:06
10:15:21,12.64,0.0,148,186964,卖盘,002208,2025-10-17 22:46:06
10:15:24,12.63,-0.01,535,674489,中性盘,002208,2025-10-17 22:46:06
10:15:27,12.63,0.0,166,209320,买盘,002208,2025-10-17 22:46:06
10:15:30,12.63,0.0,122,153459,卖盘,002208,2025-10-17 22:46:06
10:15:33,12.6,-0.03,335,422447,中性盘,002208,2025-10-17 22:46:06
10:15:36,12.6,0.0,21,26444,卖盘,002208,2025-10-17 22:46:06
10:15:39,12.6,0.0,161,202799,买盘,002208,2025-10-17 22:46:06
10:15:42,12.57,-0.03,319,400217,卖盘,002208,2025-10-17 22:46:06
10:15:45,12.55,-0.02,155,194522,卖盘,002208,2025-10-17 22:46:06
10:15:48,12.59,0.04,465,583659,买盘,002208,2025-10-17 22:46:06
10:15:51,12.6,0.01,402,507280,买盘,002208,2025-10-17 22:46:06
10:15:54,12.63,0.03,244,307624,中性盘,002208,2025-10-17 22:46:06
10:15:57,12.65,0.02,356,450453,买盘,002208,2025-10-17 22:46:06
10:16:00,12.6,-0.05,342,431667,卖盘,002208,2025-10-17 22:46:06
10:16:03,12.68,0.08,475,601337,买盘,002208,2025-10-17 22:46:06
10:16:06,12.68,0.0,349,442522,卖盘,002208,2025-10-17 22:46:06
10:16:09,12.64,-0.04,315,399442,卖盘,002208,2025-10-17 22:46:06
10:16:12,12.66,0.02,780,988012,卖盘,002208,2025-10-17 22:46:06
10:16:15,12.64,-0.02,73,92240,卖盘,002208,2025-10-17 22:46:06
10:16:18,12.65,0.01,422,533576,买盘,002208,2025-10-17 22:46:06
10:16:21,12.65,0.0,78,98682,买盘,002208,2025-10-17 22:46:06
10:16:24,12.65,0.0,67,84787,卖盘,002208,2025-10-17 22:46:06
10:16:27,12.66,0.01,171,216473,买盘,002208,2025-10-17 22:46:06
10:16:30,12.66,0.0,46,58225,买盘,002208,2025-10-17 22:46:06
10:16:33,12.69,0.03,393,498215,买盘,002208,2025-10-17 22:46:06
10:16:36,12.71,0.02,249,316186,买盘,002208,2025-10-17 22:46:06
10:16:39,12.7,-0.01,478,606837,中性盘,002208,2025-10-17 22:46:06
10:16:42,12.71,0.01,356,452570,买盘,002208,2025-10-17 22:46:06
10:16:45,12.69,-0.02,982,1246962,卖盘,002208,2025-10-17 22:46:06
10:16:48,12.68,-0.01,456,577981,卖盘,002208,2025-10-17 22:46:06
10:16:51,12.65,-0.03,732,926773,卖盘,002208,2025-10-17 22:46:06
10:16:54,12.64,-0.01,470,593843,卖盘,002208,2025-10-17 22:46:06
10:16:57,12.61,-0.03,239,301551,卖盘,002208,2025-10-17 22:46:06
10:17:00,12.64,0.03,325,410231,买盘,002208,2025-10-17 22:46:06
10:17:03,12.62,-0.02,113,142602,中性盘,002208,2025-10-17 22:46:06
10:17:06,12.65,0.03,278,350934,买盘,002208,2025-10-17 22:46:06
10:17:09,12.69,0.04,76,96193,买盘,002208,2025-10-17 22:46:06
10:17:12,12.68,-0.01,44,55835,卖盘,002208,2025-10-17 22:46:06
10:17:15,12.68,0.0,220,279286,卖盘,002208,2025-10-17 22:46:06
10:17:18,12.69,0.01,241,305976,买盘,002208,2025-10-17 22:46:06
10:17:21,12.7,0.01,208,263816,买盘,002208,2025-10-17 22:46:06
10:17:24,12.67,-0.03,433,549168,卖盘,002208,2025-10-17 22:46:06
10:17:27,12.67,0.0,684,866288,买盘,002208,2025-10-17 22:46:06
10:17:30,12.67,0.0,161,203896,买盘,002208,2025-10-17 22:46:06
10:17:33,12.67,0.0,471,596616,买盘,002208,2025-10-17 22:46:06
10:17:36,12.66,-0.01,89,112693,中性盘,002208,2025-10-17 22:46:06
10:17:39,12.66,0.0,179,226383,买盘,002208,2025-10-17 22:46:06
10:17:42,12.66,0.0,331,420167,卖盘,002208,2025-10-17 22:46:06
10:17:45,12.7,0.04,50,63372,中性盘,002208,2025-10-17 22:46:06
10:17:48,12.7,0.0,147,186741,卖盘,002208,2025-10-17 22:46:06
10:17:51,12.7,0.0,216,274241,买盘,002208,2025-10-17 22:46:06
10:17:54,12.69,-0.01,240,304583,买盘,002208,2025-10-17 22:46:06
10:17:57,12.69,0.0,140,177648,买盘,002208,2025-10-17 22:46:06
10:18:00,12.7,0.01,1659,2104207,买盘,002208,2025-10-17 22:46:06
10:18:03,12.69,-0.01,336,425072,买盘,002208,2025-10-17 22:46:06
10:18:06,12.69,0.0,236,299311,买盘,002208,2025-10-17 22:46:06
10:18:09,12.71,0.02,327,415299,买盘,002208,2025-10-17 22:46:06
10:18:12,12.73,0.02,401,509856,买盘,002208,2025-10-17 22:46:06
10:18:15,12.73,0.0,107,136070,买盘,002208,2025-10-17 22:46:06
10:18:18,12.73,0.0,537,683880,买盘,002208,2025-10-17 22:46:06
10:18:21,12.74,0.01,311,395958,买盘,002208,2025-10-17 22:46:06
10:18:24,12.75,0.01,206,262288,买盘,002208,2025-10-17 22:46:06
10:18:27,12.75,0.0,1016,1294000,买盘,002208,2025-10-17 22:46:06
10:18:30,12.74,-0.01,395,503218,卖盘,002208,2025-10-17 22:46:06
10:18:33,12.74,0.0,344,438076,买盘,002208,2025-10-17 22:46:06
10:18:36,12.7,-0.04,411,522477,卖盘,002208,2025-10-17 22:46:06
10:18:39,12.68,-0.02,997,1268787,卖盘,002208,2025-10-17 22:46:06
10:18:42,12.72,0.04,307,389919,买盘,002208,2025-10-17 22:46:06
10:18:45,12.67,-0.05,240,304193,卖盘,002208,2025-10-17 22:46:06
10:18:48,12.68,0.01,739,935219,买盘,002208,2025-10-17 22:46:06
10:18:51,12.7,0.02,947,1200147,买盘,002208,2025-10-17 22:46:06
10:18:54,12.7,0.0,60,76170,买盘,002208,2025-10-17 22:46:06
10:18:57,12.69,-0.01,397,503760,卖盘,002208,2025-10-17 22:46:06
10:19:00,12.69,0.0,137,173847,买盘,002208,2025-10-17 22:46:06
10:19:03,12.68,-0.01,99,125585,卖盘,002208,2025-10-17 22:46:06
10:19:06,12.68,0.0,170,215487,卖盘,002208,2025-10-17 22:46:06
10:19:09,12.67,-0.01,162,205374,中性盘,002208,2025-10-17 22:46:06
10:19:12,12.66,-0.01,242,306320,卖盘,002208,2025-10-17 22:46:06
10:19:15,12.66,0.0,343,434012,买盘,002208,2025-10-17 22:46:06
10:19:18,12.67,0.01,135,170899,买盘,002208,2025-10-17 22:46:06
10:19:21,12.68,0.01,209,264827,买盘,002208,2025-10-17 22:46:06
10:19:24,12.68,0.0,222,281147,买盘,002208,2025-10-17 22:46:06
10:19:27,12.68,0.0,337,427627,买盘,002208,2025-10-17 22:46:06
10:19:30,12.7,0.02,590,746997,买盘,002208,2025-10-17 22:46:06
10:19:33,12.7,0.0,196,248967,买盘,002208,2025-10-17 22:46:06
10:19:36,12.72,0.02,166,211103,买盘,002208,2025-10-17 22:46:06
10:19:39,12.72,0.0,181,230113,买盘,002208,2025-10-17 22:46:06
10:19:42,12.73,0.01,69,87732,买盘,002208,2025-10-17 22:46:06
10:19:45,12.74,0.01,102,129745,买盘,002208,2025-10-17 22:46:06
10:19:48,12.74,0.0,91,115919,买盘,002208,2025-10-17 22:46:06
10:19:51,12.75,0.01,235,299453,买盘,002208,2025-10-17 22:46:06
10:19:54,12.75,0.0,407,518382,买盘,002208,2025-10-17 22:46:06
10:19:57,12.78,0.03,386,492826,买盘,002208,2025-10-17 22:46:06
10:20:00,12.99,0.21,53724,69647859,买盘,002208,2025-10-17 22:46:06
10:20:03,12.99,0.0,1641,2131139,卖盘,002208,2025-10-17 22:46:06
10:20:06,12.99,0.0,1481,1923819,卖盘,002208,2025-10-17 22:46:06
10:20:09,12.99,0.0,794,1031406,卖盘,002208,2025-10-17 22:46:06
10:20:12,12.99,0.0,821,1066479,卖盘,002208,2025-10-17 22:46:06
10:20:15,12.99,0.0,793,1030107,卖盘,002208,2025-10-17 22:46:06
10:20:18,12.99,0.0,336,436464,卖盘,002208,2025-10-17 22:46:06
10:20:21,12.99,0.0,267,346833,卖盘,002208,2025-10-17 22:46:06
10:20:24,12.99,0.0,470,610790,卖盘,002208,2025-10-17 22:46:06
10:20:27,12.99,0.0,441,572859,卖盘,002208,2025-10-17 22:46:06
10:20:30,12.99,0.0,880,1143120,卖盘,002208,2025-10-17 22:46:06
10:20:33,12.99,0.0,235,305265,卖盘,002208,2025-10-17 22:46:06
10:20:36,12.99,0.0,281,365019,卖盘,002208,2025-10-17 22:46:06
10:20:39,12.99,0.0,229,297471,卖盘,002208,2025-10-17 22:46:06
10:20:42,12.99,0.0,125,162375,卖盘,002208,2025-10-17 22:46:06
10:20:45,12.99,0.0,591,767709,卖盘,002208,2025-10-17 22:46:06
10:20:48,12.99,0.0,524,680676,卖盘,002208,2025-10-17 22:46:06
10:20:51,12.99,0.0,894,1161306,卖盘,002208,2025-10-17 22:46:06
10:20:54,12.99,0.0,154,200046,卖盘,002208,2025-10-17 22:46:06
10:20:57,12.99,0.0,125,162375,卖盘,002208,2025-10-17 22:46:06
10:21:00,12.99,0.0,4246,5515554,卖盘,002208,2025-10-17 22:46:06
10:21:03,12.99,0.0,97,126003,卖盘,002208,2025-10-17 22:46:06
10:21:06,12.99,0.0,274,355926,卖盘,002208,2025-10-17 22:46:06
10:21:09,12.99,0.0,944,1226256,卖盘,002208,2025-10-17 22:46:06
10:21:12,12.99,0.0,388,504012,卖盘,002208,2025-10-17 22:46:06
10:21:15,12.99,0.0,98,127302,卖盘,002208,2025-10-17 22:46:06
10:21:18,12.99,0.0,210,272790,卖盘,002208,2025-10-17 22:46:06
10:21:21,12.99,0.0,289,375411,卖盘,002208,2025-10-17 22:46:06
10:21:24,12.99,0.0,103,133797,卖盘,002208,2025-10-17 22:46:06
10:21:27,12.99,0.0,90,116910,卖盘,002208,2025-10-17 22:46:06
10:21:30,12.99,0.0,139,180561,卖盘,002208,2025-10-17 22:46:06
10:21:33,12.99,0.0,89,115611,卖盘,002208,2025-10-17 22:46:06
10:21:36,12.99,0.0,133,172767,卖盘,002208,2025-10-17 22:46:06
10:21:39,12.99,0.0,392,509208,卖盘,002208,2025-10-17 22:46:06
10:21:42,12.99,0.0,63,81837,卖盘,002208,2025-10-17 22:46:06
10:21:45,12.99,0.0,65,84435,卖盘,002208,2025-10-17 22:46:06
10:21:48,12.99,0.0,201,261099,卖盘,002208,2025-10-17 22:46:06
10:21:51,12.99,0.0,211,274089,卖盘,002208,2025-10-17 22:46:06
10:21:54,12.99,0.0,351,455949,卖盘,002208,2025-10-17 22:46:06
10:21:57,12.99,0.0,146,189654,卖盘,002208,2025-10-17 22:46:06
10:22:00,12.99,0.0,48,62352,卖盘,002208,2025-10-17 22:46:06
10:22:03,12.99,0.0,224,290976,卖盘,002208,2025-10-17 22:46:06
10:22:06,12.99,0.0,138,179262,卖盘,002208,2025-10-17 22:46:06
10:22:09,12.99,0.0,83,107817,卖盘,002208,2025-10-17 22:46:06
10:22:12,12.99,0.0,91,118209,卖盘,002208,2025-10-17 22:46:06
10:22:15,12.99,0.0,841,1092459,卖盘,002208,2025-10-17 22:46:06
10:22:18,12.99,0.0,31,40269,卖盘,002208,2025-10-17 22:46:06
10:22:21,12.99,0.0,104,135096,卖盘,002208,2025-10-17 22:46:06
10:22:24,12.99,0.0,3347,4347753,卖盘,002208,2025-10-17 22:46:06
10:22:27,12.99,0.0,105,136395,卖盘,002208,2025-10-17 22:46:06
10:22:30,12.99,0.0,22,28578,卖盘,002208,2025-10-17 22:46:06
10:22:33,12.99,0.0,1102,1431498,卖盘,002208,2025-10-17 22:46:06
10:22:36,12.99,0.0,79,102621,卖盘,002208,2025-10-17 22:46:06
10:22:39,12.99,0.0,43,55857,卖盘,002208,2025-10-17 22:46:06
10:22:42,12.99,0.0,221,287079,卖盘,002208,2025-10-17 22:46:06
10:22:45,12.99,0.0,56,72744,卖盘,002208,2025-10-17 22:46:06
10:22:48,12.99,0.0,386,501414,卖盘,002208,2025-10-17 22:46:06
10:22:51,12.99,0.0,15,19485,卖盘,002208,2025-10-17 22:46:06
10:22:54,12.99,0.0,4,5196,卖盘,002208,2025-10-17 22:46:06
10:22:57,12.99,0.0,207,268893,卖盘,002208,2025-10-17 22:46:06
10:23:00,12.99,0.0,47,61053,卖盘,002208,2025-10-17 22:46:06
10:23:03,12.99,0.0,1061,1378239,卖盘,002208,2025-10-17 22:46:06
10:23:06,12.99,0.0,10,12990,卖盘,002208,2025-10-17 22:46:06
10:23:09,12.99,0.0,26,33774,卖盘,002208,2025-10-17 22:46:06
10:23:12,12.99,0.0,18,23382,卖盘,002208,2025-10-17 22:46:06
10:23:15,12.99,0.0,462,600138,卖盘,002208,2025-10-17 22:46:06
10:23:18,12.99,0.0,175,227325,卖盘,002208,2025-10-17 22:46:06
10:23:21,12.99,0.0,99,128601,卖盘,002208,2025-10-17 22:46:06
10:23:27,12.99,0.0,34,44166,卖盘,002208,2025-10-17 22:46:06
10:23:30,12.99,0.0,21,27279,卖盘,002208,2025-10-17 22:46:06
10:23:33,12.99,0.0,24,31176,卖盘,002208,2025-10-17 22:46:06
10:23:36,12.99,0.0,55,71445,卖盘,002208,2025-10-17 22:46:06
10:23:39,12.99,0.0,34,44166,卖盘,002208,2025-10-17 22:46:06
10:23:42,12.99,0.0,228,296172,卖盘,002208,2025-10-17 22:46:06
10:23:45,12.99,0.0,269,349431,卖盘,002208,2025-10-17 22:46:06
10:23:48,12.99,0.0,151,196149,卖盘,002208,2025-10-17 22:46:06
10:23:51,12.99,0.0,7,9093,卖盘,002208,2025-10-17 22:46:06
10:23:54,12.99,0.0,2,2598,卖盘,002208,2025-10-17 22:46:06
10:23:57,12.99,0.0,45,58455,卖盘,002208,2025-10-17 22:46:06
10:24:00,12.99,0.0,56,72744,卖盘,002208,2025-10-17 22:46:06
10:24:03,12.99,0.0,25,32475,卖盘,002208,2025-10-17 22:46:06
10:24:06,12.99,0.0,67,87033,卖盘,002208,2025-10-17 22:46:06
10:24:09,12.99,0.0,44,57156,卖盘,002208,2025-10-17 22:46:06
10:24:12,12.99,0.0,14,18186,卖盘,002208,2025-10-17 22:46:06
10:24:15,12.99,0.0,15,19485,卖盘,002208,2025-10-17 22:46:06
10:24:18,12.99,0.0,21,27279,卖盘,002208,2025-10-17 22:46:06
10:24:21,12.99,0.0,69,89631,卖盘,002208,2025-10-17 22:46:06
10:24:24,12.99,0.0,44,57156,卖盘,002208,2025-10-17 22:46:06
10:24:27,12.99,0.0,87,113013,卖盘,002208,2025-10-17 22:46:06
10:24:30,12.99,0.0,104,135096,卖盘,002208,2025-10-17 22:46:06
10:24:33,12.99,0.0,144,187056,卖盘,002208,2025-10-17 22:46:06
10:24:36,12.99,0.0,30,38970,卖盘,002208,2025-10-17 22:46:06
10:24:39,12.99,0.0,118,153282,卖盘,002208,2025-10-17 22:46:06
10:24:42,12.99,0.0,149,193551,卖盘,002208,2025-10-17 22:46:06
10:24:45,12.99,0.0,242,314358,卖盘,002208,2025-10-17 22:46:06
10:24:48,12.99,0.0,36,46764,卖盘,002208,2025-10-17 22:46:06
10:24:51,12.99,0.0,3,3897,卖盘,002208,2025-10-17 22:46:06
10:24:54,12.99,0.0,6,7794,卖盘,002208,2025-10-17 22:46:06
10:24:57,12.99,0.0,90,116910,卖盘,002208,2025-10-17 22:46:06
10:25:00,12.99,0.0,15,19485,卖盘,002208,2025-10-17 22:46:06
10:25:03,12.99,0.0,319,414381,卖盘,002208,2025-10-17 22:46:06
10:25:09,12.99,0.0,50,64950,卖盘,002208,2025-10-17 22:46:06
10:25:12,12.99,0.0,5,6495,卖盘,002208,2025-10-17 22:46:06
10:25:15,12.99,0.0,11,14289,卖盘,002208,2025-10-17 22:46:06
10:25:18,12.99,0.0,6,7794,卖盘,002208,2025-10-17 22:46:06
10:25:21,12.99,0.0,9,11691,卖盘,002208,2025-10-17 22:46:06
10:25:24,12.99,0.0,2,2598,卖盘,002208,2025-10-17 22:46:06
10:25:27,12.99,0.0,42,54558,卖盘,002208,2025-10-17 22:46:06
10:25:30,12.99,0.0,100,129900,卖盘,002208,2025-10-17 22:46:06
10:25:33,12.99,0.0,1,1299,卖盘,002208,2025-10-17 22:46:06
10:25:36,12.99,0.0,30,38970,卖盘,002208,2025-10-17 22:46:06
10:25:39,12.99,0.0,8,10392,卖盘,002208,2025-10-17 22:46:06
10:25:42,12.99,0.0,49,63651,卖盘,002208,2025-10-17 22:46:06
10:25:45,12.99,0.0,14,18186,卖盘,002208,2025-10-17 22:46:06
10:25:48,12.99,0.0,12,15588,卖盘,002208,2025-10-17 22:46:06
10:25:51,12.99,0.0,11,14289,卖盘,002208,2025-10-17 22:46:06
10:25:54,12.99,0.0,30,38970,卖盘,002208,2025-10-17 22:46:06
10:25:57,12.99,0.0,235,305265,卖盘,002208,2025-10-17 22:46:06
10:26:00,12.99,0.0,14,18186,卖盘,002208,2025-10-17 22:46:06
10:26:03,12.99,0.0,52,67548,卖盘,002208,2025-10-17 22:46:06
10:26:06,12.99,0.0,30,38970,卖盘,002208,2025-10-17 22:46:06
10:26:09,12.99,0.0,102,132498,卖盘,002208,2025-10-17 22:46:06
10:26:12,12.99,0.0,20,25980,卖盘,002208,2025-10-17 22:46:06
10:26:15,12.99,0.0,46,59754,卖盘,002208,2025-10-17 22:46:06
10:26:18,12.99,0.0,12,15588,卖盘,002208,2025-10-17 22:46:06
10:26:21,12.99,0.0,101,131199,卖盘,002208,2025-10-17 22:46:06
10:26:24,12.99,0.0,8,10392,卖盘,002208,2025-10-17 22:46:06
10:26:27,12.99,0.0,15,19485,卖盘,002208,2025-10-17 22:46:06
10:26:30,12.99,0.0,25,32475,卖盘,002208,2025-10-17 22:46:06
10:26:33,12.99,0.0,187,242913,卖盘,002208,2025-10-17 22:46:06
10:26:36,12.99,0.0,6,7794,卖盘,002208,2025-10-17 22:46:06
10:26:39,12.99,0.0,4,5196,卖盘,002208,2025-10-17 22:46:06
10:26:42,12.99,0.0,41,53259,卖盘,002208,2025-10-17 22:46:06
10:26:45,12.99,0.0,9,11691,卖盘,002208,2025-10-17 22:46:06
10:26:48,12.99,0.0,10,12990,卖盘,002208,2025-10-17 22:46:06
10:26:51,12.99,0.0,108,140292,卖盘,002208,2025-10-17 22:46:06
10:26:54,12.99,0.0,1,1299,卖盘,002208,2025-10-17 22:46:06
10:26:57,12.99,0.0,6,7794,卖盘,002208,2025-10-17 22:46:06
10:27:00,12.99,0.0,51,66249,卖盘,002208,2025-10-17 22:46:06
10:27:03,12.99,0.0,6,7794,卖盘,002208,2025-10-17 22:46:06
10:27:06,12.99,0.0,30,38970,卖盘,002208,2025-10-17 22:46:06
10:27:09,12.99,0.0,4,5196,卖盘,002208,2025-10-17 22:46:06
10:27:12,12.99,0.0,69,89631,卖盘,002208,2025-10-17 22:46:06
10:27:15,12.99,0.0,8,10392,卖盘,002208,2025-10-17 22:46:06
10:27:18,12.99,0.0,1,1299,卖盘,002208,2025-10-17 22:46:06
10:27:21,12.99,0.0,132,171468,卖盘,002208,2025-10-17 22:46:06
10:27:24,12.99,0.0,15,19485,卖盘,002208,2025-10-17 22:46:06
10:27:27,12.99,0.0,14,18186,卖盘,002208,2025-10-17 22:46:06
10:27:30,12.99,0.0,95,123405,卖盘,002208,2025-10-17 22:46:06
10:27:33,12.99,0.0,6,7794,卖盘,002208,2025-10-17 22:46:06
10:27:36,12.99,0.0,81,105479,卖盘,002208,2025-10-17 22:46:06
10:27:42,12.99,0.0,101,131199,卖盘,002208,2025-10-17 22:46:06
10:27:45,12.99,0.0,36,46764,卖盘,002208,2025-10-17 22:46:06
10:27:48,12.99,0.0,8,10392,卖盘,002208,2025-10-17 22:46:06
10:27:51,12.99,0.0,2,2598,卖盘,002208,2025-10-17 22:46:06
10:27:54,12.99,0.0,145,188355,卖盘,002208,2025-10-17 22:46:06
10:27:57,12.99,0.0,69,89631,卖盘,002208,2025-10-17 22:46:06
10:28:00,12.99,0.0,26,33774,卖盘,002208,2025-10-17 22:46:06
10:28:03,12.99,0.0,13,16887,卖盘,002208,2025-10-17 22:46:06
10:28:06,12.99,0.0,27,35073,卖盘,002208,2025-10-17 22:46:06
10:28:09,12.99,0.0,37,48063,卖盘,002208,2025-10-17 22:46:06
10:28:12,12.99,0.0,23,29877,卖盘,002208,2025-10-17 22:46:06
10:28:15,12.99,0.0,76,98724,卖盘,002208,2025-10-17 22:46:06
10:28:18,12.99,0.0,15,19485,卖盘,002208,2025-10-17 22:46:06
10:28:21,12.99,0.0,60,77940,卖盘,002208,2025-10-17 22:46:06
10:28:27,12.99,0.0,118,153282,卖盘,002208,2025-10-17 22:46:06
10:28:30,12.99,0.0,41,53259,卖盘,002208,2025-10-17 22:46:06
10:28:33,12.99,0.0,47,61053,卖盘,002208,2025-10-17 22:46:06
10:28:36,12.99,0.0,261,339039,卖盘,002208,2025-10-17 22:46:06
10:28:39,12.99,0.0,5,6495,卖盘,002208,2025-10-17 22:46:06
10:28:42,12.99,0.0,133,172767,卖盘,002208,2025-10-17 22:46:06
10:28:45,12.99,0.0,5,6495,卖盘,002208,2025-10-17 22:46:06
10:28:48,12.99,0.0,3,3897,卖盘,002208,2025-10-17 22:46:06
10:28:51,12.99,0.0,33,42607,卖盘,002208,2025-10-17 22:46:06
10:28:54,12.99,0.0,110,142890,卖盘,002208,2025-10-17 22:46:06
10:28:57,12.99,0.0,59,76641,卖盘,002208,2025-10-17 22:46:06
10:29:00,12.99,0.0,41,53259,卖盘,002208,2025-10-17 22:46:06
10:29:03,12.99,0.0,2,2598,卖盘,002208,2025-10-17 22:46:06
10:29:06,12.99,0.0,18,23382,卖盘,002208,2025-10-17 22:46:06
10:29:09,12.99,0.0,3,3897,卖盘,002208,2025-10-17 22:46:06
10:29:12,12.99,0.0,8,10392,卖盘,002208,2025-10-17 22:46:06
10:29:18,12.99,0.0,12,15588,卖盘,002208,2025-10-17 22:46:06
10:29:21,12.99,0.0,90,116910,卖盘,002208,2025-10-17 22:46:06
10:29:24,12.99,0.0,8,10392,卖盘,002208,2025-10-17 22:46:06
10:29:27,12.99,0.0,523,679377,卖盘,002208,2025-10-17 22:46:06
10:29:30,12.99,0.0,66,85734,卖盘,002208,2025-10-17 22:46:06
10:29:33,12.99,0.0,20,25980,卖盘,002208,2025-10-17 22:46:06
10:29:36,12.99,0.0,100,129900,卖盘,002208,2025-10-17 22:46:06
10:29:39,12.99,0.0,203,263697,卖盘,002208,2025-10-17 22:46:06
10:29:42,12.99,0.0,68,88332,卖盘,002208,2025-10-17 22:46:06
10:29:45,12.99,0.0,11,14289,卖盘,002208,2025-10-17 22:46:06
10:29:48,12.99,0.0,46,59754,卖盘,002208,2025-10-17 22:46:06
10:29:51,12.99,0.0,3,3897,卖盘,002208,2025-10-17 22:46:06
10:29:54,12.99,0.0,13,16887,卖盘,002208,2025-10-17 22:46:06
10:29:57,12.99,0.0,55,71445,卖盘,002208,2025-10-17 22:46:06
10:30:00,12.99,0.0,10,12990,卖盘,002208,2025-10-17 22:46:06
10:30:03,12.99,0.0,27,35073,卖盘,002208,2025-10-17 22:46:06
10:30:06,12.99,0.0,6,7794,卖盘,002208,2025-10-17 22:46:06
10:30:15,12.99,0.0,2,2598,卖盘,002208,2025-10-17 22:46:06
10:30:21,12.99,0.0,9,11691,卖盘,002208,2025-10-17 22:46:06
10:30:24,12.99,0.0,32,41568,卖盘,002208,2025-10-17 22:46:06
10:30:27,12.99,0.0,1,1299,卖盘,002208,2025-10-17 22:46:06
10:30:30,12.99,0.0,5,6495,卖盘,002208,2025-10-17 22:46:06
10:30:33,12.99,0.0,5,6495,卖盘,002208,2025-10-17 22:46:06
10:30:36,12.99,0.0,34,44166,卖盘,002208,2025-10-17 22:46:06
10:30:42,12.99,0.0,1,1299,卖盘,002208,2025-10-17 22:46:06
10:30:45,12.99,0.0,35,45465,卖盘,002208,2025-10-17 22:46:06
10:30:51,12.99,0.0,2,2598,卖盘,002208,2025-10-17 22:46:06
10:30:57,12.99,0.0,9,11691,卖盘,002208,2025-10-17 22:46:06
10:31:00,12.99,0.0,10,12990,卖盘,002208,2025-10-17 22:46:06
10:31:03,12.99,0.0,1,1299,卖盘,002208,2025-10-17 22:46:06
10:31:06,12.99,0.0,1,1299,卖盘,002208,2025-10-17 22:46:06
10:31:09,12.99,0.0,26,33254,卖盘,002208,2025-10-17 22:46:06
10:31:12,12.99,0.0,85,110415,卖盘,002208,2025-10-17 22:46:06
10:31:15,12.99,0.0,64,83136,卖盘,002208,2025-10-17 22:46:06
10:31:21,12.99,0.0,6,7794,卖盘,002208,2025-10-17 22:46:06
10:31:24,12.99,0.0,3,3897,卖盘,002208,2025-10-17 22:46:06
10:31:36,12.99,0.0,12,15588,卖盘,002208,2025-10-17 22:46:06
10:31:39,12.99,0.0,1,1299,卖盘,002208,2025-10-17 22:46:06
10:31:42,12.99,0.0,80,103920,卖盘,002208,2025-10-17 22:46:06
10:31:45,12.99,0.0,86,111714,卖盘,002208,2025-10-17 22:46:06
10:31:48,12.99,0.0,2,2598,卖盘,002208,2025-10-17 22:46:06
10:31:51,12.99,0.0,15,19485,卖盘,002208,2025-10-17 22:46:06
10:31:57,12.99,0.0,25,32475,卖盘,002208,2025-10-17 22:46:06
10:32:03,12.99,0.0,45,58455,卖盘,002208,2025-10-17 22:46:06
10:32:06,12.99,0.0,4,5196,卖盘,002208,2025-10-17 22:46:06
10:32:09,12.99,0.0,60,77940,卖盘,002208,2025-10-17 22:46:06
10:32:12,12.99,0.0,22,28578,卖盘,002208,2025-10-17 22:46:06
10:32:18,12.99,0.0,504,654696,卖盘,002208,2025-10-17 22:46:06
10:32:24,12.99,0.0,16,20784,卖盘,002208,2025-10-17 22:46:06
10:32:27,12.99,0.0,15,19485,卖盘,002208,2025-10-17 22:46:06
10:32:30,12.99,0.0,199,258501,卖盘,002208,2025-10-17 22:46:06
10:32:33,12.99,0.0,37,48063,卖盘,002208,2025-10-17 22:46:06
10:32:36,12.99,0.0,10,12990,卖盘,002208,2025-10-17 22:46:06
10:32:39,12.99,0.0,90,116910,卖盘,002208,2025-10-17 22:46:06
10:32:45,12.99,0.0,35,45465,卖盘,002208,2025-10-17 22:46:06
10:32:48,12.99,0.0,42,54558,卖盘,002208,2025-10-17 22:46:06
10:33:00,12.99,0.0,20,25980,卖盘,002208,2025-10-17 22:46:06
10:33:03,12.99,0.0,28,36372,卖盘,002208,2025-10-17 22:46:06
10:33:15,12.99,0.0,243,315657,卖盘,002208,2025-10-17 22:46:06
10:33:18,12.99,0.0,5,6495,卖盘,002208,2025-10-17 22:46:06
10:33:24,12.99,0.0,3,3897,卖盘,002208,2025-10-17 22:46:06
10:33:30,12.99,0.0,7,9093,卖盘,002208,2025-10-17 22:46:06
10:33:33,12.99,0.0,10,12990,卖盘,002208,2025-10-17 22:46:06
10:33:39,12.99,0.0,14,18186,卖盘,002208,2025-10-17 22:46:06
10:33:42,12.99,0.0,19,24681,卖盘,002208,2025-10-17 22:46:06
10:33:48,12.99,0.0,3,3897,卖盘,002208,2025-10-17 22:46:06
10:33:51,12.99,0.0,3,3897,卖盘,002208,2025-10-17 22:46:06
10:33:54,12.99,0.0,90,116910,卖盘,002208,2025-10-17 22:46:06
10:33:57,12.99,0.0,183,237717,卖盘,002208,2025-10-17 22:46:06
10:34:00,12.99,0.0,4,5196,卖盘,002208,2025-10-17 22:46:06
10:34:03,12.99,0.0,35,45465,卖盘,002208,2025-10-17 22:46:06
10:34:06,12.99,0.0,18,23382,卖盘,002208,2025-10-17 22:46:06
10:34:12,12.99,0.0,15,19485,卖盘,002208,2025-10-17 22:46:06
10:34:18,12.99,0.0,100,129900,卖盘,002208,2025-10-17 22:46:06
10:34:21,12.99,0.0,26,33774,卖盘,002208,2025-10-17 22:46:06
10:34:24,12.99,0.0,9,11691,卖盘,002208,2025-10-17 22:46:06
10:34:27,12.99,0.0,5,6495,卖盘,002208,2025-10-17 22:46:06
10:34:30,12.99,0.0,13,16887,卖盘,002208,2025-10-17 22:46:06
10:34:33,12.99,0.0,70,90930,卖盘,002208,2025-10-17 22:46:06
10:34:36,12.99,0.0,29,37671,卖盘,002208,2025-10-17 22:46:06
10:34:39,12.99,0.0,177,229923,卖盘,002208,2025-10-17 22:46:06
10:34:42,12.99,0.0,2,2598,卖盘,002208,2025-10-17 22:46:06
10:34:45,12.99,0.0,1,1299,卖盘,002208,2025-10-17 22:46:06
10:34:51,12.99,0.0,61,79239,卖盘,002208,2025-10-17 22:46:06
10:34:54,12.99,0.0,12,15588,卖盘,002208,2025-10-17 22:46:06
10:34:57,12.99,0.0,20,25980,卖盘,002208,2025-10-17 22:46:06
10:35:06,12.99,0.0,3,3897,卖盘,002208,2025-10-17 22:46:06
10:35:12,12.99,0.0,10,12990,卖盘,002208,2025-10-17 22:46:06
10:35:18,12.99,0.0,5,6495,卖盘,002208,2025-10-17 22:46:06
10:35:21,12.99,0.0,1,1299,卖盘,002208,2025-10-17 22:46:06
10:35:24,12.99,0.0,29,37671,卖盘,002208,2025-10-17 22:46:06
10:35:30,12.99,0.0,4,5196,卖盘,002208,2025-10-17 22:46:06
10:35:36,12.99,0.0,10,12990,卖盘,002208,2025-10-17 22:46:06
10:35:39,12.99,0.0,20,25980,卖盘,002208,2025-10-17 22:46:06
10:35:42,12.99,0.0,21,27279,卖盘,002208,2025-10-17 22:46:06
10:35:45,12.99,0.0,53,68847,卖盘,002208,2025-10-17 22:46:06
10:35:48,12.99,0.0,3,3897,卖盘,002208,2025-10-17 22:46:06
10:35:51,12.99,0.0,14,18186,卖盘,002208,2025-10-17 22:46:06
10:35:54,12.99,0.0,16,20784,卖盘,002208,2025-10-17 22:46:06
10:35:57,12.99,0.0,5,6495,卖盘,002208,2025-10-17 22:46:06
10:36:00,12.99,0.0,51,66249,卖盘,002208,2025-10-17 22:46:06
10:36:03,12.99,0.0,7,9093,卖盘,002208,2025-10-17 22:46:06
10:36:12,12.99,0.0,27,35073,卖盘,002208,2025-10-17 22:46:06
10:36:18,12.99,0.0,13,16887,卖盘,002208,2025-10-17 22:46:06
10:36:24,12.99,0.0,14,18186,卖盘,002208,2025-10-17 22:46:06
10:36:27,12.99,0.0,4,5196,卖盘,002208,2025-10-17 22:46:06
10:36:30,12.99,0.0,6,7794,卖盘,002208,2025-10-17 22:46:06
10:36:33,12.99,0.0,3,3897,卖盘,002208,2025-10-17 22:46:06
10:36:48,12.99,0.0,5,6495,卖盘,002208,2025-10-17 22:46:06
10:36:51,12.99,0.0,32,41568,卖盘,002208,2025-10-17 22:46:06
10:36:54,12.99,0.0,4,5196,卖盘,002208,2025-10-17 22:46:06
10:36:57,12.99,0.0,30,38970,卖盘,002208,2025-10-17 22:46:06
10:37:00,12.99,0.0,28,36372,卖盘,002208,2025-10-17 22:46:06
10:37:03,12.99,0.0,20,25980,卖盘,002208,2025-10-17 22:46:06
10:37:09,12.99,0.0,9,11691,卖盘,002208,2025-10-17 22:46:06
10:37:12,12.99,0.0,84,109116,卖盘,002208,2025-10-17 22:46:06
10:37:21,12.99,0.0,12,15588,卖盘,002208,2025-10-17 22:46:06
10:37:24,12.99,0.0,4,5196,卖盘,002208,2025-10-17 22:46:06
10:37:27,12.99,0.0,30,38970,卖盘,002208,2025-10-17 22:46:06
10:37:30,12.99,0.0,13,16887,卖盘,002208,2025-10-17 22:46:06
10:37:33,12.99,0.0,14,18186,卖盘,002208,2025-10-17 22:46:06
10:37:36,12.99,0.0,1,1299,卖盘,002208,2025-10-17 22:46:06
10:37:42,12.99,0.0,8,10392,卖盘,002208,2025-10-17 22:46:06
10:37:48,12.99,0.0,107,138993,卖盘,002208,2025-10-17 22:46:06
10:37:51,12.99,0.0,16,20784,卖盘,002208,2025-10-17 22:46:06
10:37:54,12.99,0.0,2,2598,卖盘,002208,2025-10-17 22:46:06
10:37:57,12.99,0.0,1,1299,卖盘,002208,2025-10-17 22:46:06
10:38:03,12.99,0.0,14,18186,卖盘,002208,2025-10-17 22:46:06
10:38:06,12.99,0.0,4,5196,卖盘,002208,2025-10-17 22:46:06
10:38:09,12.99,0.0,5,6495,卖盘,002208,2025-10-17 22:46:06
10:38:12,12.99,0.0,3,3897,卖盘,002208,2025-10-17 22:46:06
10:38:21,12.99,0.0,5,6495,卖盘,002208,2025-10-17 22:46:06
10:38:24,12.99,0.0,6,7794,卖盘,002208,2025-10-17 22:46:06
10:38:27,12.99,0.0,10,12990,卖盘,002208,2025-10-17 22:46:06
10:38:33,12.99,0.0,25,32475,卖盘,002208,2025-10-17 22:46:06
10:38:36,12.99,0.0,11,14289,卖盘,002208,2025-10-17 22:46:06
10:38:39,12.99,0.0,9,11691,卖盘,002208,2025-10-17 22:46:06
10:38:42,12.99,0.0,1,1299,卖盘,002208,2025-10-17 22:46:06
10:38:45,12.99,0.0,1,1299,卖盘,002208,2025-10-17 22:46:06
10:38:48,12.99,0.0,17,22083,卖盘,002208,2025-10-17 22:46:06
10:38:51,12.99,0.0,13,16887,卖盘,002208,2025-10-17 22:46:06
10:39:00,12.99,0.0,10,12990,卖盘,002208,2025-10-17 22:46:06
10:39:12,12.99,0.0,1,1299,卖盘,002208,2025-10-17 22:46:06
10:39:15,12.99,0.0,21,27279,卖盘,002208,2025-10-17 22:46:06
10:39:18,12.99,0.0,28,36372,卖盘,002208,2025-10-17 22:46:06
10:39:33,12.99,0.0,4,5196,卖盘,002208,2025-10-17 22:46:06
10:39:36,12.99,0.0,12,15588,卖盘,002208,2025-10-17 22:46:06
10:39:39,12.99,0.0,140,181860,卖盘,002208,2025-10-17 22:46:06
10:39:42,12.99,0.0,20,25980,卖盘,002208,2025-10-17 22:46:06
10:39:51,12.99,0.0,3,3897,卖盘,002208,2025-10-17 22:46:06
10:39:57,12.99,0.0,20,25980,卖盘,002208,2025-10-17 22:46:06
10:40:00,12.99,0.0,156,202644,卖盘,002208,2025-10-17 22:46:06
10:40:03,12.99,0.0,17,22083,卖盘,002208,2025-10-17 22:46:06
10:40:09,12.99,0.0,54,70146,卖盘,002208,2025-10-17 22:46:06
10:40:12,12.99,0.0,43,55857,卖盘,002208,2025-10-17 22:46:06
10:40:15,12.99,0.0,38,49362,卖盘,002208,2025-10-17 22:46:06
10:40:21,12.99,0.0,5,6495,卖盘,002208,2025-10-17 22:46:06
10:40:24,12.99,0.0,13,16887,卖盘,002208,2025-10-17 22:46:06
10:40:27,12.99,0.0,4,5196,卖盘,002208,2025-10-17 22:46:06
10:40:30,12.99,0.0,2,2598,卖盘,002208,2025-10-17 22:46:06
10:40:48,12.99,0.0,5,6495,卖盘,002208,2025-10-17 22:46:06
10:40:54,12.99,0.0,17,22083,卖盘,002208,2025-10-17 22:46:06
10:40:57,12.99,0.0,8,10392,卖盘,002208,2025-10-17 22:46:06
10:41:00,12.99,0.0,30,38970,卖盘,002208,2025-10-17 22:46:06
10:41:03,12.99,0.0,1,1299,卖盘,002208,2025-10-17 22:46:06
10:41:09,12.99,0.0,2,2598,卖盘,002208,2025-10-17 22:46:06
10:41:12,12.99,0.0,8,10392,卖盘,002208,2025-10-17 22:46:06
10:41:18,12.99,0.0,37,48063,卖盘,002208,2025-10-17 22:46:06
10:41:21,12.99,0.0,1,1299,卖盘,002208,2025-10-17 22:46:06
10:41:27,12.99,0.0,2,2598,卖盘,002208,2025-10-17 22:46:06
10:41:36,12.99,0.0,10,12990,卖盘,002208,2025-10-17 22:46:06
10:41:42,12.99,0.0,5,7015,卖盘,002208,2025-10-17 22:46:06
10:41:45,12.99,0.0,4,5196,卖盘,002208,2025-10-17 22:46:06
10:41:51,12.99,0.0,24,31176,卖盘,002208,2025-10-17 22:46:06
10:41:54,12.99,0.0,2,2598,卖盘,002208,2025-10-17 22:46:06
10:41:57,12.99,0.0,3,3897,卖盘,002208,2025-10-17 22:46:06
10:42:00,12.99,0.0,5,6495,卖盘,002208,2025-10-17 22:46:06
10:42:09,12.99,0.0,12,15588,卖盘,002208,2025-10-17 22:46:06
10:42:15,12.99,0.0,10,12990,卖盘,002208,2025-10-17 22:46:06
10:42:27,12.99,0.0,36,46764,卖盘,002208,2025-10-17 22:46:06
10:42:39,12.99,0.0,10,12990,卖盘,002208,2025-10-17 22:46:06
10:42:45,12.99,0.0,31,40269,卖盘,002208,2025-10-17 22:46:06
10:42:48,12.99,0.0,10,12990,卖盘,002208,2025-10-17 22:46:06
10:42:51,12.99,0.0,11,14289,卖盘,002208,2025-10-17 22:46:06
10:42:57,12.99,0.0,20,25980,卖盘,002208,2025-10-17 22:46:06
10:43:03,12.99,0.0,63,81837,卖盘,002208,2025-10-17 22:46:06
10:43:09,12.99,0.0,5,6495,卖盘,002208,2025-10-17 22:46:06
10:43:12,12.99,0.0,24,31176,卖盘,002208,2025-10-17 22:46:06
10:43:15,12.99,0.0,6,7794,卖盘,002208,2025-10-17 22:46:06
10:43:18,12.99,0.0,49,63651,卖盘,002208,2025-10-17 22:46:06
10:43:21,12.99,0.0,25,32475,卖盘,002208,2025-10-17 22:46:06
10:43:24,12.99,0.0,5,6495,卖盘,002208,2025-10-17 22:46:06
10:43:27,12.99,0.0,3,4157,卖盘,002208,2025-10-17 22:46:06
10:43:30,12.99,0.0,2,2598,卖盘,002208,2025-10-17 22:46:06
10:43:33,12.99,0.0,1,1299,卖盘,002208,2025-10-17 22:46:06
10:43:36,12.99,0.0,49,63651,卖盘,002208,2025-10-17 22:46:06
10:43:39,12.99,0.0,2,2598,卖盘,002208,2025-10-17 22:46:06
10:43:51,12.99,0.0,7,9093,卖盘,002208,2025-10-17 22:46:06
10:43:54,12.99,0.0,30,38970,卖盘,002208,2025-10-17 22:46:06
10:43:57,12.99,0.0,45,58455,卖盘,002208,2025-10-17 22:46:06
10:44:00,12.99,0.0,25,32475,卖盘,002208,2025-10-17 22:46:06
10:44:03,12.99,0.0,41,53259,卖盘,002208,2025-10-17 22:46:06
10:44:06,12.99,0.0,72,93528,卖盘,002208,2025-10-17 22:46:06
10:44:09,12.99,0.0,17,22083,卖盘,002208,2025-10-17 22:46:06
10:44:15,12.99,0.0,10,12470,卖盘,002208,2025-10-17 22:46:06
10:44:18,12.99,0.0,20,25980,卖盘,002208,2025-10-17 22:46:06
10:44:21,12.99,0.0,47,61053,卖盘,002208,2025-10-17 22:46:06
10:44:24,12.99,0.0,11,14289,卖盘,002208,2025-10-17 22:46:06
10:44:27,12.99,0.0,50,64950,卖盘,002208,2025-10-17 22:46:06
10:44:30,12.99,0.0,42,54558,卖盘,002208,2025-10-17 22:46:06
10:44:33,12.99,0.0,1,1299,卖盘,002208,2025-10-17 22:46:06
10:44:36,12.99,0.0,15,19485,卖盘,002208,2025-10-17 22:46:06
10:44:39,12.99,0.0,13,16887,卖盘,002208,2025-10-17 22:46:06
10:44:42,12.99,0.0,110,142890,卖盘,002208,2025-10-17 22:46:06
10:44:45,12.99,0.0,1,1299,卖盘,002208,2025-10-17 22:46:06
10:44:48,12.99,0.0,1,1299,卖盘,002208,2025-10-17 22:46:06
10:44:51,12.99,0.0,72,93528,卖盘,002208,2025-10-17 22:46:06
10:44:57,12.99,0.0,12,15588,卖盘,002208,2025-10-17 22:46:06
10:45:00,12.99,0.0,9,11691,卖盘,002208,2025-10-17 22:46:06
10:45:03,12.99,0.0,32,41568,卖盘,002208,2025-10-17 22:46:06
10:45:09,12.99,0.0,536,696264,卖盘,002208,2025-10-17 22:46:06
10:45:15,12.99,0.0,34,44166,卖盘,002208,2025-10-17 22:46:06
10:45:18,12.99,0.0,26,33774,卖盘,002208,2025-10-17 22:46:06
10:45:24,12.99,0.0,7,9093,卖盘,002208,2025-10-17 22:46:06
10:45:27,12.99,0.0,29,37671,卖盘,002208,2025-10-17 22:46:06
10:45:30,12.99,0.0,1,1299,卖盘,002208,2025-10-17 22:46:06
10:45:33,12.99,0.0,4,5196,卖盘,002208,2025-10-17 22:46:06
10:45:39,12.99,0.0,1,1299,卖盘,002208,2025-10-17 22:46:06
10:45:42,12.99,0.0,10,12990,卖盘,002208,2025-10-17 22:46:06
10:45:45,12.99,0.0,10,12990,卖盘,002208,2025-10-17 22:46:06
10:45:51,12.99,0.0,13,16887,卖盘,002208,2025-10-17 22:46:06
10:45:54,12.99,0.0,5,6495,卖盘,002208,2025-10-17 22:46:06
10:46:00,12.99,0.0,15,19485,卖盘,002208,2025-10-17 22:46:06
10:46:03,12.99,0.0,5,6495,卖盘,002208,2025-10-17 22:46:06
10:46:06,12.99,0.0,71,92229,卖盘,002208,2025-10-17 22:46:06
10:46:09,12.99,0.0,72,93528,卖盘,002208,2025-10-17 22:46:06
10:46:12,12.99,0.0,20,25980,卖盘,002208,2025-10-17 22:46:06
10:46:15,12.99,0.0,24,31176,卖盘,002208,2025-10-17 22:46:06
10:46:18,12.99,0.0,11,14289,卖盘,002208,2025-10-17 22:46:06
10:46:21,12.99,0.0,100,129900,卖盘,002208,2025-10-17 22:46:06
10:46:24,12.99,0.0,3020,3922980,卖盘,002208,2025-10-17 22:46:06
10:46:27,12.99,0.0,21,27279,卖盘,002208,2025-10-17 22:46:06
10:46:30,12.99,0.0,15,19485,卖盘,002208,2025-10-17 22:46:06
10:46:33,12.99,0.0,1,1299,卖盘,002208,2025-10-17 22:46:06
10:46:36,12.99,0.0,18,23382,卖盘,002208,2025-10-17 22:46:06
10:46:39,12.99,0.0,9,11691,卖盘,002208,2025-10-17 22:46:06
10:46:42,12.99,0.0,39,50661,卖盘,002208,2025-10-17 22:46:06
10:46:45,12.99,0.0,201,261099,卖盘,002208,2025-10-17 22:46:06
10:46:48,12.99,0.0,2,2598,卖盘,002208,2025-10-17 22:46:06
10:46:51,12.99,0.0,22,28578,卖盘,002208,2025-10-17 22:46:06
10:46:54,12.99,0.0,4,5196,卖盘,002208,2025-10-17 22:46:06
10:46:57,12.99,0.0,56,72744,卖盘,002208,2025-10-17 22:46:06
10:47:00,12.99,0.0,15,19485,卖盘,002208,2025-10-17 22:46:06
10:47:09,12.99,0.0,154,200046,卖盘,002208,2025-10-17 22:46:06
10:47:12,12.99,0.0,4,5196,卖盘,002208,2025-10-17 22:46:06
10:47:15,12.99,0.0,1,1299,卖盘,002208,2025-10-17 22:46:06
10:47:18,12.99,0.0,107,139253,卖盘,002208,2025-10-17 22:46:06
10:47:21,12.99,0.0,32,41568,卖盘,002208,2025-10-17 22:46:06
10:47:24,12.99,0.0,8,10392,卖盘,002208,2025-10-17 22:46:06
10:47:27,12.99,0.0,1,1299,卖盘,002208,2025-10-17 22:46:06
10:47:30,12.99,0.0,117,151983,卖盘,002208,2025-10-17 22:46:06
10:47:33,12.99,0.0,117,151983,卖盘,002208,2025-10-17 22:46:06
10:47:39,12.99,0.0,44,57156,卖盘,002208,2025-10-17 22:46:06
10:47:42,12.99,0.0,29,37671,卖盘,002208,2025-10-17 22:46:06
10:47:57,12.99,0.0,11,14289,卖盘,002208,2025-10-17 22:46:06
10:48:00,12.99,0.0,3,3897,卖盘,002208,2025-10-17 22:46:06
10:48:03,12.99,0.0,28,36372,卖盘,002208,2025-10-17 22:46:06
10:48:06,12.99,0.0,81,105219,卖盘,002208,2025-10-17 22:46:06
10:48:09,12.99,0.0,1,1299,卖盘,002208,2025-10-17 22:46:06
10:48:18,12.99,0.0,5,6495,卖盘,002208,2025-10-17 22:46:06
10:48:24,12.99,0.0,8,10392,卖盘,002208,2025-10-17 22:46:06
10:48:27,12.99,0.0,20,25980,卖盘,002208,2025-10-17 22:46:06
10:48:30,12.99,0.0,3,3897,卖盘,002208,2025-10-17 22:46:06
10:48:36,12.99,0.0,27,35073,卖盘,002208,2025-10-17 22:46:06
10:48:39,12.99,0.0,3,3897,卖盘,002208,2025-10-17 22:46:06
10:48:45,12.99,0.0,20,25980,卖盘,002208,2025-10-17 22:46:06
10:48:48,12.99,0.0,4,5196,卖盘,002208,2025-10-17 22:46:06
10:48:51,12.99,0.0,7,9093,卖盘,002208,2025-10-17 22:46:06
10:48:54,12.99,0.0,20,25980,卖盘,002208,2025-10-17 22:46:06
10:48:57,12.99,0.0,4,5196,卖盘,002208,2025-10-17 22:46:06
10:49:06,12.99,0.0,134,174066,卖盘,002208,2025-10-17 22:46:06
10:49:09,12.99,0.0,400,519600,卖盘,002208,2025-10-17 22:46:06
10:49:12,12.99,0.0,13,16887,卖盘,002208,2025-10-17 22:46:06
10:49:15,12.99,0.0,3,3897,卖盘,002208,2025-10-17 22:46:06
10:49:21,12.99,0.0,500,649500,卖盘,002208,2025-10-17 22:46:06
10:49:24,12.99,0.0,74,96126,卖盘,002208,2025-10-17 22:46:06
10:49:27,12.99,0.0,10,12990,卖盘,002208,2025-10-17 22:46:06
10:49:30,12.99,0.0,23,29877,卖盘,002208,2025-10-17 22:46:06
10:49:36,12.99,0.0,212,275388,卖盘,002208,2025-10-17 22:46:06
10:49:39,12.99,0.0,14,18186,卖盘,002208,2025-10-17 22:46:06
10:49:42,12.99,0.0,20,25980,卖盘,002208,2025-10-17 22:46:06
10:49:48,12.99,0.0,3,3897,卖盘,002208,2025-10-17 22:46:06
10:49:51,12.99,0.0,40,51960,卖盘,002208,2025-10-17 22:46:06
10:49:57,12.99,0.0,3,3897,卖盘,002208,2025-10-17 22:46:06
10:50:00,12.99,0.0,32,41568,卖盘,002208,2025-10-17 22:46:06
10:50:06,12.99,0.0,1,1299,卖盘,002208,2025-10-17 22:46:06
10:50:12,12.99,0.0,10,12990,卖盘,002208,2025-10-17 22:46:06
10:50:15,12.99,0.0,22,28578,卖盘,002208,2025-10-17 22:46:06
10:50:18,12.99,0.0,20,25980,卖盘,002208,2025-10-17 22:46:06
10:50:21,12.99,0.0,24,31176,卖盘,002208,2025-10-17 22:46:06
10:50:24,12.99,0.0,6,7794,卖盘,002208,2025-10-17 22:46:06
10:50:30,12.99,0.0,1,1299,卖盘,002208,2025-10-17 22:46:06
10:50:36,12.99,0.0,5,6495,卖盘,002208,2025-10-17 22:46:06
10:50:48,12.99,0.0,3,3897,卖盘,002208,2025-10-17 22:46:06
10:50:57,12.99,0.0,20,25980,卖盘,002208,2025-10-17 22:46:06
10:51:00,12.99,0.0,1,1299,卖盘,002208,2025-10-17 22:46:06
10:51:03,12.99,0.0,27,35073,卖盘,002208,2025-10-17 22:46:06
10:51:06,12.99,0.0,45,58455,卖盘,002208,2025-10-17 22:46:06
10:51:12,12.99,0.0,4,5196,卖盘,002208,2025-10-17 22:46:06
10:51:15,12.99,0.0,8,10392,卖盘,002208,2025-10-17 22:46:06
10:51:18,12.99,0.0,2,2598,卖盘,002208,2025-10-17 22:46:06
10:51:24,12.99,0.0,25,32475,卖盘,002208,2025-10-17 22:46:06
10:51:27,12.99,0.0,8,10392,卖盘,002208,2025-10-17 22:46:06
10:51:30,12.99,0.0,25,32475,卖盘,002208,2025-10-17 22:46:06
10:51:36,12.99,0.0,2,2598,卖盘,002208,2025-10-17 22:46:06
10:51:39,12.99,0.0,168,218232,卖盘,002208,2025-10-17 22:46:06
10:51:42,12.99,0.0,16,20784,卖盘,002208,2025-10-17 22:46:06
10:51:45,12.99,0.0,17,22083,卖盘,002208,2025-10-17 22:46:06
10:51:51,12.99,0.0,4,5196,卖盘,002208,2025-10-17 22:46:06
10:51:54,12.99,0.0,15,19485,卖盘,002208,2025-10-17 22:46:06
10:51:57,12.99,0.0,16,20784,卖盘,002208,2025-10-17 22:46:06
10:52:00,12.99,0.0,15,19485,卖盘,002208,2025-10-17 22:46:06
10:52:03,12.99,0.0,20,25980,卖盘,002208,2025-10-17 22:46:06
10:52:06,12.99,0.0,156,202644,卖盘,002208,2025-10-17 22:46:06
10:52:09,12.99,0.0,182,236418,卖盘,002208,2025-10-17 22:46:06
10:52:12,12.99,0.0,22,28578,卖盘,002208,2025-10-17 22:46:06
10:52:18,12.99,0.0,10,12990,卖盘,002208,2025-10-17 22:46:06
10:52:21,12.99,0.0,12,15588,卖盘,002208,2025-10-17 22:46:06
10:52:24,12.99,0.0,13,16887,卖盘,002208,2025-10-17 22:46:06
10:52:27,12.99,0.0,1,1299,卖盘,002208,2025-10-17 22:46:06
10:52:30,12.99,0.0,14,18186,卖盘,002208,2025-10-17 22:46:06
10:52:36,12.99,0.0,11,14289,卖盘,002208,2025-10-17 22:46:06
10:52:42,12.99,0.0,5,6495,卖盘,002208,2025-10-17 22:46:06
10:52:45,12.99,0.0,51,66249,卖盘,002208,2025-10-17 22:46:06
10:52:48,12.99,0.0,39,50661,卖盘,002208,2025-10-17 22:46:06
10:52:54,12.99,0.0,8,10392,卖盘,002208,2025-10-17 22:46:06
10:53:00,12.99,0.0,36,46764,卖盘,002208,2025-10-17 22:46:06
10:53:06,12.99,0.0,5,6495,卖盘,002208,2025-10-17 22:46:06
10:53:12,12.99,0.0,19,24681,卖盘,002208,2025-10-17 22:46:06
10:53:15,12.99,0.0,14,18186,卖盘,002208,2025-10-17 22:46:06
10:53:18,12.99,0.0,23,29877,卖盘,002208,2025-10-17 22:46:06
10:53:21,12.99,0.0,5,6495,卖盘,002208,2025-10-17 22:46:06
10:53:36,12.99,0.0,22,28578,卖盘,002208,2025-10-17 22:46:06
10:53:39,12.99,0.0,1,1299,卖盘,002208,2025-10-17 22:46:06
10:54:00,12.99,0.0,10,12990,卖盘,002208,2025-10-17 22:46:06
10:54:12,12.99,0.0,2,2598,卖盘,002208,2025-10-17 22:46:06
10:54:18,12.99,0.0,24,31436,卖盘,002208,2025-10-17 22:46:06
10:54:33,12.99,0.0,38,49362,卖盘,002208,2025-10-17 22:46:06
10:54:36,12.99,0.0,58,75342,卖盘,002208,2025-10-17 22:46:06
10:54:39,12.99,0.0,4,5196,卖盘,002208,2025-10-17 22:46:06
10:54:42,12.99,0.0,11,14289,卖盘,002208,2025-10-17 22:46:06
10:54:48,12.99,0.0,2,2598,卖盘,002208,2025-10-17 22:46:06
10:54:51,12.99,0.0,3,3897,卖盘,002208,2025-10-17 22:46:06
10:54:54,12.99,0.0,61,79239,卖盘,002208,2025-10-17 22:46:06
10:54:57,12.99,0.0,6,7794,卖盘,002208,2025-10-17 22:46:06
10:55:00,12.99,0.0,3,3897,卖盘,002208,2025-10-17 22:46:06
10:55:06,12.99,0.0,58,75342,卖盘,002208,2025-10-17 22:46:06
10:55:09,12.99,0.0,85,110415,卖盘,002208,2025-10-17 22:46:06
10:55:12,12.99,0.0,5,6495,卖盘,002208,2025-10-17 22:46:06
10:55:27,12.99,0.0,1,1299,卖盘,002208,2025-10-17 22:46:06
10:55:30,12.99,0.0,40,51960,卖盘,002208,2025-10-17 22:46:06
10:55:42,12.99,0.0,2,2598,卖盘,002208,2025-10-17 22:46:06
10:55:48,12.99,0.0,5,6495,卖盘,002208,2025-10-17 22:46:06
10:55:54,12.99,0.0,3,3897,卖盘,002208,2025-10-17 22:46:06
10:56:00,12.99,0.0,3,3897,卖盘,002208,2025-10-17 22:46:06
10:56:06,12.99,0.0,30,38970,卖盘,002208,2025-10-17 22:46:06
10:56:09,12.99,0.0,1,1299,卖盘,002208,2025-10-17 22:46:06
10:56:18,12.99,0.0,6,7794,卖盘,002208,2025-10-17 22:46:06
10:56:27,12.99,0.0,4,5196,卖盘,002208,2025-10-17 22:46:06
10:56:30,12.99,0.0,6,7794,卖盘,002208,2025-10-17 22:46:06
10:56:33,12.99,0.0,38,49362,卖盘,002208,2025-10-17 22:46:06
10:56:36,12.99,0.0,2,2598,卖盘,002208,2025-10-17 22:46:06
10:56:42,12.99,0.0,14,18186,卖盘,002208,2025-10-17 22:46:06
10:56:45,12.99,0.0,3,3897,卖盘,002208,2025-10-17 22:46:06
10:56:48,12.99,0.0,15,19485,卖盘,002208,2025-10-17 22:46:06
10:56:57,12.99,0.0,1,1299,卖盘,002208,2025-10-17 22:46:06
10:57:00,12.99,0.0,6,7794,卖盘,002208,2025-10-17 22:46:06
10:57:09,12.99,0.0,1,1299,卖盘,002208,2025-10-17 22:46:06
10:57:12,12.99,0.0,1,1299,卖盘,002208,2025-10-17 22:46:06
10:57:15,12.99,0.0,3,3897,卖盘,002208,2025-10-17 22:46:06
10:57:21,12.99,0.0,1,1299,卖盘,002208,2025-10-17 22:46:06
10:57:27,12.99,0.0,25,32475,卖盘,002208,2025-10-17 22:46:06
10:57:36,12.99,0.0,2,2598,卖盘,002208,2025-10-17 22:46:06
10:57:39,12.99,0.0,20,25980,卖盘,002208,2025-10-17 22:46:06
10:57:51,12.99,0.0,45,58455,卖盘,002208,2025-10-17 22:46:06
10:57:54,12.99,0.0,3,3897,卖盘,002208,2025-10-17 22:46:06
10:57:57,12.99,0.0,20,25980,卖盘,002208,2025-10-17 22:46:06
10:58:00,12.99,0.0,9,11691,卖盘,002208,2025-10-17 22:46:06
10:58:06,12.99,0.0,3,3897,卖盘,002208,2025-10-17 22:46:06
10:58:09,12.99,0.0,1,1299,卖盘,002208,2025-10-17 22:46:06
10:58:12,12.99,0.0,1,1299,卖盘,002208,2025-10-17 22:46:06
10:58:15,12.99,0.0,22,28578,卖盘,002208,2025-10-17 22:46:06
10:58:18,12.99,0.0,6,7794,卖盘,002208,2025-10-17 22:46:06
10:58:21,12.99,0.0,1,1299,卖盘,002208,2025-10-17 22:46:06
10:58:24,12.99,0.0,10,12990,卖盘,002208,2025-10-17 22:46:06
10:58:27,12.99,0.0,5,6495,卖盘,002208,2025-10-17 22:46:06
10:58:30,12.99,0.0,1,1299,卖盘,002208,2025-10-17 22:46:06
10:58:33,12.99,0.0,3,3897,卖盘,002208,2025-10-17 22:46:06
10:58:42,12.99,0.0,5,6495,卖盘,002208,2025-10-17 22:46:06
10:58:45,12.99,0.0,25,32475,卖盘,002208,2025-10-17 22:46:06
10:58:48,12.99,0.0,100,129900,卖盘,002208,2025-10-17 22:46:06
10:58:51,12.99,0.0,159,206541,卖盘,002208,2025-10-17 22:46:06
10:58:57,12.99,0.0,20,25980,卖盘,002208,2025-10-17 22:46:06
10:59:03,12.99,0.0,11,14289,卖盘,002208,2025-10-17 22:46:06
10:59:09,12.99,0.0,1,1299,卖盘,002208,2025-10-17 22:46:06
10:59:15,12.99,0.0,3,3897,卖盘,002208,2025-10-17 22:46:06
10:59:18,12.99,0.0,14,18186,卖盘,002208,2025-10-17 22:46:06
10:59:24,12.99,0.0,62,80538,卖盘,002208,2025-10-17 22:46:06
10:59:27,12.99,0.0,3,3897,卖盘,002208,2025-10-17 22:46:06
10:59:30,12.99,0.0,30,38970,卖盘,002208,2025-10-17 22:46:06
10:59:33,12.99,0.0,9,11691,卖盘,002208,2025-10-17 22:46:06
10:59:39,12.99,0.0,172,223428,卖盘,002208,2025-10-17 22:46:06
10:59:45,12.99,0.0,3,3897,卖盘,002208,2025-10-17 22:46:06
10:59:51,12.99,0.0,2,2598,卖盘,002208,2025-10-17 22:46:06
10:59:57,12.99,0.0,20,25980,卖盘,002208,2025-10-17 22:46:06
11:00:03,12.99,0.0,1,1299,卖盘,002208,2025-10-17 22:46:06
11:00:09,12.99,0.0,3,3897,卖盘,002208,2025-10-17 22:46:06
11:00:27,12.99,0.0,32,41568,卖盘,002208,2025-10-17 22:46:06
11:00:36,12.99,0.0,1,1299,卖盘,002208,2025-10-17 22:46:06
11:00:45,12.99,0.0,3,3897,卖盘,002208,2025-10-17 22:46:06
11:00:48,12.99,0.0,229,297471,卖盘,002208,2025-10-17 22:46:06
11:00:54,12.99,0.0,7,9093,卖盘,002208,2025-10-17 22:46:06
11:01:00,12.99,0.0,2,2598,卖盘,002208,2025-10-17 22:46:06
11:01:06,12.99,0.0,1,1299,卖盘,002208,2025-10-17 22:46:06
11:01:09,12.99,0.0,10,12990,卖盘,002208,2025-10-17 22:46:06
11:01:21,12.99,0.0,13,16887,卖盘,002208,2025-10-17 22:46:06
11:01:24,12.99,0.0,10,12990,卖盘,002208,2025-10-17 22:46:06
11:01:27,12.99,0.0,5,6495,卖盘,002208,2025-10-17 22:46:06
11:01:39,12.99,0.0,3,3897,卖盘,002208,2025-10-17 22:46:06
11:01:45,12.99,0.0,35,45465,卖盘,002208,2025-10-17 22:46:06
11:01:48,12.99,0.0,1,1299,卖盘,002208,2025-10-17 22:46:06
11:01:54,12.99,0.0,16,20784,卖盘,002208,2025-10-17 22:46:06
11:02:00,12.99,0.0,1,1299,卖盘,002208,2025-10-17 22:46:06
11:02:03,12.99,0.0,22,28578,卖盘,002208,2025-10-17 22:46:06
11:02:18,12.99,0.0,7,9093,卖盘,002208,2025-10-17 22:46:06
11:02:24,12.99,0.0,30,38970,卖盘,002208,2025-10-17 22:46:06
11:02:30,12.99,0.0,10,12990,卖盘,002208,2025-10-17 22:46:06
11:02:33,12.99,0.0,53,68847,卖盘,002208,2025-10-17 22:46:06
11:02:39,12.99,0.0,7,9093,卖盘,002208,2025-10-17 22:46:06
11:02:45,12.99,0.0,8,10392,卖盘,002208,2025-10-17 22:46:06
11:02:51,12.99,0.0,2,2598,卖盘,002208,2025-10-17 22:46:06
11:02:54,12.99,0.0,5,6495,卖盘,002208,2025-10-17 22:46:06
11:02:57,12.99,0.0,5,6495,卖盘,002208,2025-10-17 22:46:06
11:03:03,12.99,0.0,9,11691,卖盘,002208,2025-10-17 22:46:06
11:03:09,12.99,0.0,100,129900,卖盘,002208,2025-10-17 22:46:06
11:03:12,12.99,0.0,7,9093,卖盘,002208,2025-10-17 22:46:06
11:03:15,12.99,0.0,42,54558,卖盘,002208,2025-10-17 22:46:06
11:03:24,12.99,0.0,16,20784,卖盘,002208,2025-10-17 22:46:06
11:03:27,12.99,0.0,18,23382,卖盘,002208,2025-10-17 22:46:06
11:03:33,12.99,0.0,47,61053,卖盘,002208,2025-10-17 22:46:06
11:03:42,12.99,0.0,30,38970,卖盘,002208,2025-10-17 22:46:06
11:03:45,12.99,0.0,5,6495,卖盘,002208,2025-10-17 22:46:06
11:03:48,12.99,0.0,11,14289,卖盘,002208,2025-10-17 22:46:06
11:03:51,12.99,0.0,40,51960,卖盘,002208,2025-10-17 22:46:06
11:04:03,12.99,0.0,10,12990,卖盘,002208,2025-10-17 22:46:06
11:04:09,12.99,0.0,1,1299,卖盘,002208,2025-10-17 22:46:06
11:04:18,12.99,0.0,6,7794,卖盘,002208,2025-10-17 22:46:06
11:04:30,12.99,0.0,3,3897,卖盘,002208,2025-10-17 22:46:06
11:04:36,12.99,0.0,1,1299,卖盘,002208,2025-10-17 22:46:06
11:04:39,12.99,0.0,1,1299,卖盘,002208,2025-10-17 22:46:06
11:04:45,12.99,0.0,12,15588,卖盘,002208,2025-10-17 22:46:06
11:04:48,12.99,0.0,15,19485,卖盘,002208,2025-10-17 22:46:06
11:05:00,12.99,0.0,16,20784,卖盘,002208,2025-10-17 22:46:06
11:05:03,12.99,0.0,10,12990,卖盘,002208,2025-10-17 22:46:06
11:05:09,12.99,0.0,5,6495,卖盘,002208,2025-10-17 22:46:06
11:05:12,12.99,0.0,82,106518,卖盘,002208,2025-10-17 22:46:06
11:05:15,12.99,0.0,8,10392,卖盘,002208,2025-10-17 22:46:06
11:05:18,12.99,0.0,30,38970,卖盘,002208,2025-10-17 22:46:06
11:05:21,12.99,0.0,2,2598,卖盘,002208,2025-10-17 22:46:06
11:05:24,12.99,0.0,30,38970,卖盘,002208,2025-10-17 22:46:06
11:05:27,12.99,0.0,86,111714,卖盘,002208,2025-10-17 22:46:06
11:05:30,12.99,0.0,14,18186,卖盘,002208,2025-10-17 22:46:06
11:05:33,12.99,0.0,71,92229,卖盘,002208,2025-10-17 22:46:06
11:05:36,12.99,0.0,5,6495,卖盘,002208,2025-10-17 22:46:06
11:05:39,12.99,0.0,12,15588,卖盘,002208,2025-10-17 22:46:06
11:05:45,12.99,0.0,2,2598,卖盘,002208,2025-10-17 22:46:06
11:05:54,12.99,0.0,1,1299,卖盘,002208,2025-10-17 22:46:06
11:06:06,12.99,0.0,3,3897,卖盘,002208,2025-10-17 22:46:06
11:06:12,12.99,0.0,1,1299,卖盘,002208,2025-10-17 22:46:06
11:06:21,12.99,0.0,10,12990,卖盘,002208,2025-10-17 22:46:06
11:06:27,12.99,0.0,8,10392,卖盘,002208,2025-10-17 22:46:06
