时间,成交价,价格变动,成交量,成交额,买卖盘性质,股票代码,采集时间
09:25:00,13.3,0.11,8894,11829020,买盘,002298,2025-10-17 22:53:51
09:30:00,13.33,0.03,4887,6512844,买盘,002298,2025-10-17 22:53:51
09:30:03,13.3,-0.03,8741,11640652,卖盘,002298,2025-10-17 22:53:51
09:30:06,13.28,-0.02,1723,2288124,卖盘,002298,2025-10-17 22:53:51
09:30:09,13.2,-0.08,1851,2446225,卖盘,002298,2025-10-17 22:53:51
09:30:12,13.18,-0.02,1200,1582129,卖盘,002298,2025-10-17 22:53:51
09:30:15,13.13,-0.05,1159,1524700,卖盘,002298,2025-10-17 22:53:51
09:30:18,13.12,-0.01,2315,3040792,卖盘,002298,2025-10-17 22:53:51
09:30:21,13.08,-0.04,3570,4676172,卖盘,002298,2025-10-17 22:53:51
09:30:24,13.06,-0.02,2983,3891367,卖盘,002298,2025-10-17 22:53:51
09:30:27,13.03,-0.03,2110,2750048,卖盘,002298,2025-10-17 22:53:51
09:30:30,13.02,-0.01,3460,4505916,卖盘,002298,2025-10-17 22:53:51
09:30:33,13.01,-0.01,1908,2485401,卖盘,002298,2025-10-17 22:53:51
09:30:36,12.94,-0.07,6635,8611359,卖盘,002298,2025-10-17 22:53:51
09:30:39,12.93,-0.01,2630,3393846,中性盘,002298,2025-10-17 22:53:51
09:30:42,12.9,-0.03,2519,3248072,卖盘,002298,2025-10-17 22:53:51
09:30:45,12.87,-0.03,2195,2825760,卖盘,002298,2025-10-17 22:53:51
09:30:48,12.9,0.03,2120,2730447,买盘,002298,2025-10-17 22:53:51
09:30:51,12.92,0.02,2235,2882959,买盘,002298,2025-10-17 22:53:51
09:30:54,12.96,0.04,4759,6138081,买盘,002298,2025-10-17 22:53:51
09:30:57,12.95,-0.01,3711,4789304,中性盘,002298,2025-10-17 22:53:51
09:31:00,12.96,0.01,2244,2903642,买盘,002298,2025-10-17 22:53:51
09:31:03,12.96,0.0,1578,2042972,买盘,002298,2025-10-17 22:53:51
09:31:06,12.98,0.02,1401,1816861,买盘,002298,2025-10-17 22:53:51
09:31:09,12.96,-0.02,6453,8358246,卖盘,002298,2025-10-17 22:53:51
09:31:12,12.94,-0.02,3092,3999884,卖盘,002298,2025-10-17 22:53:51
09:31:15,12.89,-0.05,3643,4698416,卖盘,002298,2025-10-17 22:53:51
09:31:18,12.89,0.0,2667,3436308,买盘,002298,2025-10-17 22:53:51
09:31:21,12.89,0.0,1180,1520687,中性盘,002298,2025-10-17 22:53:51
09:31:24,12.92,0.03,2112,2724195,买盘,002298,2025-10-17 22:53:51
09:31:27,12.92,0.0,1270,1638011,买盘,002298,2025-10-17 22:53:51
09:31:30,12.9,-0.02,1770,2285436,卖盘,002298,2025-10-17 22:53:51
09:31:33,12.9,0.0,2119,2733153,卖盘,002298,2025-10-17 22:53:51
09:31:36,12.89,-0.01,1856,2392758,卖盘,002298,2025-10-17 22:53:51
09:31:39,12.88,-0.01,1811,2333321,卖盘,002298,2025-10-17 22:53:51
09:31:42,12.89,0.01,2518,3244338,买盘,002298,2025-10-17 22:53:51
09:31:45,12.88,-0.01,2178,2804894,中性盘,002298,2025-10-17 22:53:51
09:31:48,12.9,0.02,1806,2327176,买盘,002298,2025-10-17 22:53:51
09:31:51,12.89,-0.01,1602,2064572,中性盘,002298,2025-10-17 22:53:51
09:31:54,12.88,-0.01,2408,3101935,卖盘,002298,2025-10-17 22:53:51
09:31:57,12.87,-0.01,2788,3588256,卖盘,002298,2025-10-17 22:53:51
09:32:00,12.86,-0.01,1488,1913380,卖盘,002298,2025-10-17 22:53:51
09:32:03,12.83,-0.03,4885,6272247,卖盘,002298,2025-10-17 22:53:51
09:32:06,12.81,-0.02,2444,3133276,卖盘,002298,2025-10-17 22:53:51
09:32:09,12.8,-0.01,3183,4074737,卖盘,002298,2025-10-17 22:53:51
09:32:12,12.8,0.0,2668,3415407,卖盘,002298,2025-10-17 22:53:51
09:32:15,12.8,0.0,2497,3194986,买盘,002298,2025-10-17 22:53:51
09:32:18,12.8,0.0,2856,3659608,买盘,002298,2025-10-17 22:53:51
09:32:21,12.83,0.03,4385,5616289,买盘,002298,2025-10-17 22:53:51
09:32:24,12.83,0.0,1543,1977687,卖盘,002298,2025-10-17 22:53:51
09:32:27,12.83,0.0,2881,3697457,中性盘,002298,2025-10-17 22:53:51
09:32:30,12.84,0.01,1104,1417305,买盘,002298,2025-10-17 22:53:51
09:32:33,12.85,0.01,1579,2027844,买盘,002298,2025-10-17 22:53:51
09:32:36,12.85,0.0,1209,1553165,买盘,002298,2025-10-17 22:53:51
09:32:39,12.85,0.0,1944,2498036,卖盘,002298,2025-10-17 22:53:51
09:32:42,12.86,0.01,1924,2473089,买盘,002298,2025-10-17 22:53:51
09:32:45,12.86,0.0,1294,1663777,卖盘,002298,2025-10-17 22:53:51
09:32:48,12.86,0.0,1111,1429315,卖盘,002298,2025-10-17 22:53:51
09:32:51,12.88,0.02,1298,1670198,买盘,002298,2025-10-17 22:53:51
09:32:54,12.86,-0.02,2872,3692089,卖盘,002298,2025-10-17 22:53:51
09:32:57,12.88,0.02,2364,3038130,买盘,002298,2025-10-17 22:53:51
09:33:00,12.86,-0.02,882,1135265,卖盘,002298,2025-10-17 22:53:51
09:33:03,12.88,0.02,1790,2303064,买盘,002298,2025-10-17 22:53:51
09:33:06,12.88,0.0,1493,1921198,买盘,002298,2025-10-17 22:53:51
09:33:09,12.88,0.0,2227,2863939,卖盘,002298,2025-10-17 22:53:51
09:33:12,12.88,0.0,1184,1525125,卖盘,002298,2025-10-17 22:53:51
09:33:15,12.87,-0.01,1959,2519772,中性盘,002298,2025-10-17 22:53:51
09:33:18,12.8,-0.07,11078,14179422,卖盘,002298,2025-10-17 22:53:51
09:33:21,12.78,-0.02,1185,1516203,卖盘,002298,2025-10-17 22:53:51
09:33:24,12.76,-0.02,1685,2151586,卖盘,002298,2025-10-17 22:53:51
09:33:27,12.75,-0.01,1197,1526978,卖盘,002298,2025-10-17 22:53:51
09:33:30,12.72,-0.03,1642,2092666,卖盘,002298,2025-10-17 22:53:51
09:33:33,12.71,-0.01,8130,10317260,卖盘,002298,2025-10-17 22:53:51
09:33:36,12.66,-0.05,2385,3017749,卖盘,002298,2025-10-17 22:53:51
09:33:39,12.69,0.03,5298,6713698,买盘,002298,2025-10-17 22:53:51
09:33:42,12.69,0.0,3848,4878617,卖盘,002298,2025-10-17 22:53:51
09:33:45,12.69,0.0,2816,3573630,买盘,002298,2025-10-17 22:53:51
09:33:48,12.69,0.0,1965,2491705,卖盘,002298,2025-10-17 22:53:51
09:33:51,12.7,0.01,2629,3335903,卖盘,002298,2025-10-17 22:53:51
09:33:54,12.7,0.0,1913,2430107,卖盘,002298,2025-10-17 22:53:51
09:33:57,12.69,-0.01,2842,3608518,卖盘,002298,2025-10-17 22:53:51
09:34:00,12.7,0.01,3500,4450580,买盘,002298,2025-10-17 22:53:51
09:34:03,12.74,0.04,1505,1913244,买盘,002298,2025-10-17 22:53:51
09:34:06,12.77,0.03,1068,1360893,买盘,002298,2025-10-17 22:53:51
09:34:09,12.8,0.03,1101,1404923,买盘,002298,2025-10-17 22:53:51
09:34:12,12.74,-0.06,2743,3501204,卖盘,002298,2025-10-17 22:53:51
09:34:15,12.79,0.05,11455,14553894,买盘,002298,2025-10-17 22:53:51
09:34:18,12.78,-0.01,678,865190,中性盘,002298,2025-10-17 22:53:51
09:34:21,12.79,0.01,1840,2349788,买盘,002298,2025-10-17 22:53:51
09:34:24,12.78,-0.01,2028,2589400,卖盘,002298,2025-10-17 22:53:51
09:34:27,12.78,0.0,3746,4777663,买盘,002298,2025-10-17 22:53:51
09:34:30,12.78,0.0,2306,2947363,买盘,002298,2025-10-17 22:53:51
09:34:33,12.79,0.01,1396,1783876,买盘,002298,2025-10-17 22:53:51
09:34:36,12.8,0.01,593,758188,买盘,002298,2025-10-17 22:53:51
09:34:39,12.8,0.0,834,1067234,买盘,002298,2025-10-17 22:53:51
09:34:42,12.8,0.0,1202,1538815,买盘,002298,2025-10-17 22:53:51
09:34:45,12.78,-0.02,5746,7340500,卖盘,002298,2025-10-17 22:53:51
09:34:48,12.78,0.0,751,959710,买盘,002298,2025-10-17 22:53:51
09:34:51,12.76,-0.02,864,1103420,中性盘,002298,2025-10-17 22:53:51
09:34:54,12.75,-0.01,1012,1290727,中性盘,002298,2025-10-17 22:53:51
09:34:57,12.73,-0.02,566,720541,卖盘,002298,2025-10-17 22:53:51
09:35:00,12.72,-0.01,2430,3089451,卖盘,002298,2025-10-17 22:53:51
09:35:03,12.72,0.0,1801,2289637,买盘,002298,2025-10-17 22:53:51
09:35:06,12.71,-0.01,1690,2147511,中性盘,002298,2025-10-17 22:53:51
09:35:09,12.7,-0.01,2580,3277619,卖盘,002298,2025-10-17 22:53:51
09:35:12,12.7,0.0,1032,1311254,买盘,002298,2025-10-17 22:53:51
09:35:15,12.7,0.0,1498,1902182,卖盘,002298,2025-10-17 22:53:51
09:35:18,12.7,0.0,1351,1715896,卖盘,002298,2025-10-17 22:53:51
09:35:21,12.7,0.0,1105,1403640,买盘,002298,2025-10-17 22:53:51
09:35:24,12.71,0.01,974,1237371,买盘,002298,2025-10-17 22:53:51
09:35:27,12.7,-0.01,1771,2249080,卖盘,002298,2025-10-17 22:53:51
09:35:30,12.7,0.0,2722,3455268,买盘,002298,2025-10-17 22:53:51
09:35:33,12.7,0.0,736,934788,买盘,002298,2025-10-17 22:53:51
09:35:36,12.7,0.0,754,957733,卖盘,002298,2025-10-17 22:53:51
09:35:39,12.71,0.01,1129,1434758,中性盘,002298,2025-10-17 22:53:51
09:35:42,12.71,0.0,1891,2402053,卖盘,002298,2025-10-17 22:53:51
09:35:45,12.71,0.0,1115,1416760,买盘,002298,2025-10-17 22:53:51
09:35:48,12.71,0.0,786,999125,卖盘,002298,2025-10-17 22:53:51
09:35:51,12.7,-0.01,675,857964,卖盘,002298,2025-10-17 22:53:51
09:35:54,12.7,0.0,1090,1385749,卖盘,002298,2025-10-17 22:53:51
09:35:57,12.71,0.01,1544,1962198,中性盘,002298,2025-10-17 22:53:51
09:36:00,12.71,0.0,799,1015830,卖盘,002298,2025-10-17 22:53:51
09:36:03,12.71,0.0,1743,2215643,卖盘,002298,2025-10-17 22:53:51
09:36:06,12.7,-0.01,4339,5511146,卖盘,002298,2025-10-17 22:53:51
09:36:09,12.7,0.0,1342,1704748,买盘,002298,2025-10-17 22:53:51
09:36:12,12.71,0.01,1238,1573823,买盘,002298,2025-10-17 22:53:51
09:36:15,12.7,-0.01,1583,2010951,卖盘,002298,2025-10-17 22:53:51
09:36:18,12.71,0.01,549,697849,中性盘,002298,2025-10-17 22:53:51
09:36:21,12.73,0.02,756,961572,买盘,002298,2025-10-17 22:53:51
09:36:24,12.73,0.0,199,253193,买盘,002298,2025-10-17 22:53:51
09:36:27,12.73,0.0,571,726784,买盘,002298,2025-10-17 22:53:51
09:36:30,12.74,0.01,629,800986,买盘,002298,2025-10-17 22:53:51
09:36:33,12.74,0.0,287,365556,买盘,002298,2025-10-17 22:53:51
09:36:36,12.75,0.01,460,586273,买盘,002298,2025-10-17 22:53:51
09:36:39,12.76,0.01,523,667452,买盘,002298,2025-10-17 22:53:51
09:36:42,12.77,0.01,768,980362,买盘,002298,2025-10-17 22:53:51
09:36:45,12.77,0.0,1392,1776945,卖盘,002298,2025-10-17 22:53:51
09:36:48,12.78,0.01,3253,4151997,买盘,002298,2025-10-17 22:53:51
09:36:51,12.77,-0.01,1568,2003228,卖盘,002298,2025-10-17 22:53:51
09:36:54,12.79,0.02,1696,2166718,买盘,002298,2025-10-17 22:53:51
09:36:57,12.8,0.01,1590,2032724,买盘,002298,2025-10-17 22:53:51
09:37:00,12.77,-0.03,1647,2105938,卖盘,002298,2025-10-17 22:53:51
09:37:03,12.76,-0.01,4612,5875570,卖盘,002298,2025-10-17 22:53:51
09:37:06,12.72,-0.04,1842,2347870,卖盘,002298,2025-10-17 22:53:51
09:37:09,12.75,0.03,570,726550,买盘,002298,2025-10-17 22:53:51
09:37:12,12.74,-0.01,853,1085564,卖盘,002298,2025-10-17 22:53:51
09:37:15,12.74,0.0,676,861192,买盘,002298,2025-10-17 22:53:51
09:37:18,12.72,-0.02,1258,1601424,卖盘,002298,2025-10-17 22:53:51
09:37:21,12.72,0.0,1035,1318013,卖盘,002298,2025-10-17 22:53:51
09:37:24,12.74,0.02,568,722860,买盘,002298,2025-10-17 22:53:51
09:37:27,12.73,-0.01,961,1222855,中性盘,002298,2025-10-17 22:53:51
09:37:30,12.74,0.01,582,741189,买盘,002298,2025-10-17 22:53:51
09:37:33,12.74,0.0,601,765495,卖盘,002298,2025-10-17 22:53:51
09:37:36,12.75,0.01,543,691601,买盘,002298,2025-10-17 22:53:51
09:37:39,12.75,0.0,895,1140602,卖盘,002298,2025-10-17 22:53:51
09:37:42,12.76,0.01,747,952897,买盘,002298,2025-10-17 22:53:51
09:37:45,12.76,0.0,569,726548,买盘,002298,2025-10-17 22:53:51
09:37:48,12.76,0.0,262,334374,卖盘,002298,2025-10-17 22:53:51
09:37:51,12.76,0.0,762,973603,卖盘,002298,2025-10-17 22:53:51
09:37:54,12.76,0.0,967,1234234,卖盘,002298,2025-10-17 22:53:51
09:37:57,12.78,0.02,724,924097,买盘,002298,2025-10-17 22:53:51
09:38:00,12.76,-0.02,677,863447,买盘,002298,2025-10-17 22:53:51
09:38:03,12.76,0.0,2223,2834951,中性盘,002298,2025-10-17 22:53:51
09:38:06,12.78,0.02,369,471084,买盘,002298,2025-10-17 22:53:51
09:38:09,12.78,0.0,863,1102814,卖盘,002298,2025-10-17 22:53:51
09:38:12,12.8,0.02,336,429430,买盘,002298,2025-10-17 22:53:51
09:38:15,12.77,-0.03,587,749990,卖盘,002298,2025-10-17 22:53:51
09:38:18,12.78,0.01,509,650771,中性盘,002298,2025-10-17 22:53:51
09:38:21,12.8,0.02,1890,2412348,买盘,002298,2025-10-17 22:53:51
09:38:24,12.8,0.0,571,730025,买盘,002298,2025-10-17 22:53:51
09:38:27,12.78,-0.02,1125,1437660,卖盘,002298,2025-10-17 22:53:51
09:38:30,12.8,0.02,455,582056,中性盘,002298,2025-10-17 22:53:51
09:38:33,12.8,0.0,540,690547,买盘,002298,2025-10-17 22:53:51
09:38:36,12.75,-0.05,2603,3321515,卖盘,002298,2025-10-17 22:53:51
09:38:39,12.72,-0.03,2229,2837808,卖盘,002298,2025-10-17 22:53:51
09:38:42,12.7,-0.02,9871,12540827,卖盘,002298,2025-10-17 22:53:51
09:38:45,12.69,-0.01,2130,2702873,卖盘,002298,2025-10-17 22:53:51
09:38:48,12.62,-0.07,13713,17350159,卖盘,002298,2025-10-17 22:53:51
09:38:51,12.61,-0.01,3390,4275241,卖盘,002298,2025-10-17 22:53:51
09:38:54,12.58,-0.03,7561,9524918,卖盘,002298,2025-10-17 22:53:51
09:38:57,12.57,-0.01,3422,4306451,卖盘,002298,2025-10-17 22:53:51
09:39:00,12.53,-0.04,2229,2799615,卖盘,002298,2025-10-17 22:53:51
09:39:03,12.53,0.0,1107,1387750,卖盘,002298,2025-10-17 22:53:51
09:39:06,12.51,-0.02,1897,2375485,卖盘,002298,2025-10-17 22:53:51
09:39:09,12.51,0.0,2946,3688202,卖盘,002298,2025-10-17 22:53:51
09:39:12,12.5,-0.01,2553,3192778,卖盘,002298,2025-10-17 22:53:51
09:39:15,12.5,0.0,2576,3221866,卖盘,002298,2025-10-17 22:53:51
09:39:18,12.51,0.01,3020,3777400,中性盘,002298,2025-10-17 22:53:51
09:39:21,12.54,0.03,1669,2089947,买盘,002298,2025-10-17 22:53:51
09:39:24,12.55,0.01,3154,3948778,买盘,002298,2025-10-17 22:53:51
09:39:27,12.55,0.0,1484,1862435,卖盘,002298,2025-10-17 22:53:51
09:39:30,12.57,0.02,844,1059859,买盘,002298,2025-10-17 22:53:51
09:39:33,12.58,0.01,826,1038900,买盘,002298,2025-10-17 22:53:51
09:39:36,12.56,-0.02,2934,3688215,卖盘,002298,2025-10-17 22:53:51
09:39:39,12.56,0.0,1468,1843583,买盘,002298,2025-10-17 22:53:51
09:39:42,12.56,0.0,2479,3112647,买盘,002298,2025-10-17 22:53:51
09:39:45,12.57,0.01,1440,1808343,买盘,002298,2025-10-17 22:53:51
09:39:48,12.56,-0.01,1212,1522686,卖盘,002298,2025-10-17 22:53:51
09:39:51,12.58,0.02,1167,1466691,买盘,002298,2025-10-17 22:53:51
09:39:54,12.54,-0.04,9929,12447181,卖盘,002298,2025-10-17 22:53:51
09:39:57,12.51,-0.03,4426,5536280,卖盘,002298,2025-10-17 22:53:51
09:40:00,12.5,-0.01,7095,8870774,卖盘,002298,2025-10-17 22:53:51
09:40:03,12.48,-0.02,1921,2399204,卖盘,002298,2025-10-17 22:53:51
09:40:06,12.47,-0.01,1477,1842176,卖盘,002298,2025-10-17 22:53:51
09:40:09,12.46,-0.01,1767,2201557,卖盘,002298,2025-10-17 22:53:51
09:40:12,12.46,0.0,5175,6446344,买盘,002298,2025-10-17 22:53:51
09:40:15,12.47,0.01,1855,2310271,卖盘,002298,2025-10-17 22:53:51
09:40:18,12.46,-0.01,1388,1730254,卖盘,002298,2025-10-17 22:53:51
09:40:21,12.48,0.02,3623,4519072,买盘,002298,2025-10-17 22:53:51
09:40:24,12.47,-0.01,1006,1255510,卖盘,002298,2025-10-17 22:53:51
09:40:27,12.47,0.0,2346,2925372,卖盘,002298,2025-10-17 22:53:51
09:40:30,12.47,0.0,927,1156788,卖盘,002298,2025-10-17 22:53:51
09:40:33,12.5,0.03,1490,1858973,买盘,002298,2025-10-17 22:53:51
09:40:36,12.57,0.07,4100,5143835,买盘,002298,2025-10-17 22:53:51
09:40:39,12.58,0.01,657,825996,买盘,002298,2025-10-17 22:53:51
09:40:42,12.59,0.01,323,406513,买盘,002298,2025-10-17 22:53:51
09:40:45,12.59,0.0,527,663500,卖盘,002298,2025-10-17 22:53:51
09:40:48,12.6,0.01,1773,2233026,买盘,002298,2025-10-17 22:53:51
09:40:51,12.6,0.0,2075,2612102,卖盘,002298,2025-10-17 22:53:51
09:40:54,12.61,0.01,716,902066,买盘,002298,2025-10-17 22:53:51
09:40:57,12.65,0.04,861,1086167,买盘,002298,2025-10-17 22:53:51
09:41:00,12.61,-0.04,325,410186,卖盘,002298,2025-10-17 22:53:51
09:41:03,12.61,0.0,796,1005328,卖盘,002298,2025-10-17 22:53:51
09:41:06,12.62,0.01,1019,1285438,中性盘,002298,2025-10-17 22:53:51
09:41:09,12.59,-0.03,2164,2726775,卖盘,002298,2025-10-17 22:53:51
09:41:12,12.55,-0.04,1909,2403146,卖盘,002298,2025-10-17 22:53:51
09:41:15,12.53,-0.02,450,564777,卖盘,002298,2025-10-17 22:53:51
09:41:18,12.51,-0.02,545,681972,卖盘,002298,2025-10-17 22:53:51
09:41:21,12.5,-0.01,546,683927,卖盘,002298,2025-10-17 22:53:51
09:41:24,12.5,0.0,809,1011853,卖盘,002298,2025-10-17 22:53:51
09:41:27,12.5,0.0,1935,2419417,卖盘,002298,2025-10-17 22:53:51
09:41:30,12.5,0.0,1107,1384283,买盘,002298,2025-10-17 22:53:51
09:41:33,12.5,0.0,912,1141204,卖盘,002298,2025-10-17 22:53:51
09:41:36,12.5,0.0,724,906636,卖盘,002298,2025-10-17 22:53:51
09:41:39,12.55,0.05,1244,1556553,买盘,002298,2025-10-17 22:53:51
09:41:42,12.55,0.0,971,1216670,卖盘,002298,2025-10-17 22:53:51
09:41:45,12.55,0.0,406,508858,买盘,002298,2025-10-17 22:53:51
09:41:48,12.55,0.0,591,740938,卖盘,002298,2025-10-17 22:53:51
09:41:51,12.53,-0.02,641,804052,中性盘,002298,2025-10-17 22:53:51
09:41:54,12.55,0.02,362,454203,买盘,002298,2025-10-17 22:53:51
09:41:57,12.54,-0.01,460,576856,中性盘,002298,2025-10-17 22:53:51
09:42:00,12.53,-0.01,598,749929,卖盘,002298,2025-10-17 22:53:51
09:42:03,12.53,0.0,606,759293,买盘,002298,2025-10-17 22:53:51
09:42:06,12.54,0.01,639,801138,买盘,002298,2025-10-17 22:53:51
09:42:09,12.53,-0.01,747,935987,卖盘,002298,2025-10-17 22:53:51
09:42:12,12.52,-0.01,507,635345,卖盘,002298,2025-10-17 22:53:51
09:42:15,12.53,0.01,500,626978,卖盘,002298,2025-10-17 22:53:51
09:42:18,12.53,0.0,267,334729,卖盘,002298,2025-10-17 22:53:51
09:42:21,12.54,0.01,6041,7627200,买盘,002298,2025-10-17 22:53:51
09:42:24,12.54,0.0,567,711102,卖盘,002298,2025-10-17 22:53:51
09:42:27,12.54,0.0,503,630573,买盘,002298,2025-10-17 22:53:51
09:42:30,12.54,0.0,759,951545,买盘,002298,2025-10-17 22:53:51
09:42:33,12.54,0.0,655,821797,买盘,002298,2025-10-17 22:53:51
09:42:36,12.6,0.06,449,563231,买盘,002298,2025-10-17 22:53:51
09:42:39,12.55,-0.05,350,439060,卖盘,002298,2025-10-17 22:53:51
09:42:42,12.6,0.05,428,538325,买盘,002298,2025-10-17 22:53:51
09:42:45,12.6,0.0,200,251612,卖盘,002298,2025-10-17 22:53:51
09:42:48,12.63,0.03,299,377228,买盘,002298,2025-10-17 22:53:51
09:42:51,12.63,0.0,721,910022,卖盘,002298,2025-10-17 22:53:51
09:42:54,12.64,0.01,3499,4438776,中性盘,002298,2025-10-17 22:53:51
09:42:57,12.66,0.02,161,203999,卖盘,002298,2025-10-17 22:53:51
09:43:00,12.66,0.0,452,573760,卖盘,002298,2025-10-17 22:53:51
09:43:03,12.7,0.04,714,906371,买盘,002298,2025-10-17 22:53:51
09:43:06,12.69,-0.01,447,566993,中性盘,002298,2025-10-17 22:53:51
09:43:09,12.69,0.0,422,535766,买盘,002298,2025-10-17 22:53:51
09:43:12,12.69,0.0,562,713319,卖盘,002298,2025-10-17 22:53:51
09:43:15,12.69,0.0,507,643448,卖盘,002298,2025-10-17 22:53:51
09:43:18,12.68,-0.01,564,715635,卖盘,002298,2025-10-17 22:53:51
09:43:21,12.67,-0.01,411,521222,卖盘,002298,2025-10-17 22:53:51
09:43:24,12.66,-0.01,962,1217765,卖盘,002298,2025-10-17 22:53:51
09:43:27,12.66,0.0,850,1074117,买盘,002298,2025-10-17 22:53:51
09:43:30,12.64,-0.02,425,536939,中性盘,002298,2025-10-17 22:53:51
09:43:33,12.67,0.03,604,764244,买盘,002298,2025-10-17 22:53:51
09:43:36,12.67,0.0,820,1038664,买盘,002298,2025-10-17 22:53:51
09:43:39,12.69,0.02,331,419546,买盘,002298,2025-10-17 22:53:51
09:43:42,12.66,-0.03,452,573496,卖盘,002298,2025-10-17 22:53:51
09:43:45,12.69,0.03,264,335103,中性盘,002298,2025-10-17 22:53:51
09:43:48,12.7,0.01,443,561933,买盘,002298,2025-10-17 22:53:51
09:43:51,12.7,0.0,311,394990,卖盘,002298,2025-10-17 22:53:51
09:43:54,12.71,0.01,594,754781,买盘,002298,2025-10-17 22:53:51
09:43:57,12.71,0.0,377,479291,卖盘,002298,2025-10-17 22:53:51
09:44:00,12.72,0.01,195,247988,买盘,002298,2025-10-17 22:53:51
09:44:03,12.73,0.01,518,658834,买盘,002298,2025-10-17 22:53:51
09:44:06,12.74,0.01,556,708037,买盘,002298,2025-10-17 22:53:51
09:44:09,12.72,-0.02,1393,1772085,卖盘,002298,2025-10-17 22:53:51
09:44:12,12.68,-0.04,2622,3321636,卖盘,002298,2025-10-17 22:53:51
09:44:15,12.65,-0.03,959,1213212,中性盘,002298,2025-10-17 22:53:51
09:44:18,12.6,-0.05,304,383507,卖盘,002298,2025-10-17 22:53:51
09:44:21,12.6,0.0,361,455044,卖盘,002298,2025-10-17 22:53:51
09:44:24,12.6,0.0,451,568502,卖盘,002298,2025-10-17 22:53:51
09:44:27,12.61,0.01,201,253320,卖盘,002298,2025-10-17 22:53:51
09:44:30,12.6,-0.01,714,898630,卖盘,002298,2025-10-17 22:53:51
09:44:33,12.6,0.0,444,559397,买盘,002298,2025-10-17 22:53:51
09:44:36,12.61,0.01,558,703696,买盘,002298,2025-10-17 22:53:51
09:44:39,12.61,0.0,629,792929,卖盘,002298,2025-10-17 22:53:51
09:44:42,12.6,-0.01,392,493848,卖盘,002298,2025-10-17 22:53:51
09:44:45,12.6,0.0,475,597829,买盘,002298,2025-10-17 22:53:51
09:44:48,12.6,0.0,365,459908,卖盘,002298,2025-10-17 22:53:51
09:44:51,12.6,0.0,223,280941,卖盘,002298,2025-10-17 22:53:51
09:44:54,12.59,-0.01,226,284745,卖盘,002298,2025-10-17 22:53:51
09:44:57,12.59,0.0,301,378889,买盘,002298,2025-10-17 22:53:51
09:45:00,12.58,-0.01,429,540333,卖盘,002298,2025-10-17 22:53:51
09:45:03,12.59,0.01,271,341034,买盘,002298,2025-10-17 22:53:51
09:45:06,12.58,-0.01,619,778376,中性盘,002298,2025-10-17 22:53:51
09:45:09,12.57,-0.01,389,489217,卖盘,002298,2025-10-17 22:53:51
09:45:12,12.57,0.0,258,324357,买盘,002298,2025-10-17 22:53:51
09:45:15,12.56,-0.01,239,300305,卖盘,002298,2025-10-17 22:53:51
09:45:18,12.57,0.01,866,1088779,买盘,002298,2025-10-17 22:53:51
09:45:21,12.57,0.0,317,398452,卖盘,002298,2025-10-17 22:53:51
09:45:24,12.57,0.0,592,743491,卖盘,002298,2025-10-17 22:53:51
09:45:27,12.54,-0.03,2748,3447179,卖盘,002298,2025-10-17 22:53:51
09:45:30,12.53,-0.01,398,499344,卖盘,002298,2025-10-17 22:53:51
09:45:33,12.54,0.01,375,469968,中性盘,002298,2025-10-17 22:53:51
09:45:36,12.53,-0.01,499,625194,卖盘,002298,2025-10-17 22:53:51
09:45:39,12.53,0.0,426,533711,买盘,002298,2025-10-17 22:53:51
09:45:42,12.52,-0.01,598,749214,卖盘,002298,2025-10-17 22:53:51
09:45:45,12.53,0.01,1757,2199231,买盘,002298,2025-10-17 22:53:51
09:45:48,12.54,0.01,318,398559,买盘,002298,2025-10-17 22:53:51
09:45:51,12.53,-0.01,440,551483,卖盘,002298,2025-10-17 22:53:51
09:45:54,12.54,0.01,568,712263,卖盘,002298,2025-10-17 22:53:51
09:45:57,12.53,-0.01,270,338606,卖盘,002298,2025-10-17 22:53:51
09:46:00,12.53,0.0,754,945088,卖盘,002298,2025-10-17 22:53:51
09:46:03,12.53,0.0,1034,1296185,卖盘,002298,2025-10-17 22:53:51
09:46:06,12.53,0.0,815,1021632,卖盘,002298,2025-10-17 22:53:51
09:46:09,12.53,0.0,187,234576,卖盘,002298,2025-10-17 22:53:51
09:46:12,12.54,0.01,211,264653,卖盘,002298,2025-10-17 22:53:51
09:46:15,12.54,0.0,368,462061,买盘,002298,2025-10-17 22:53:51
09:46:18,12.56,0.02,171,214737,买盘,002298,2025-10-17 22:53:51
09:46:21,12.56,0.0,215,269909,卖盘,002298,2025-10-17 22:53:51
09:46:24,12.57,0.01,93,116875,买盘,002298,2025-10-17 22:53:51
09:46:27,12.58,0.01,379,476406,买盘,002298,2025-10-17 22:53:51
09:46:30,12.57,-0.01,429,539776,卖盘,002298,2025-10-17 22:53:51
09:46:33,12.59,0.02,249,313516,买盘,002298,2025-10-17 22:53:51
09:46:36,12.59,0.0,467,587728,卖盘,002298,2025-10-17 22:53:51
09:46:39,12.59,0.0,309,389137,买盘,002298,2025-10-17 22:53:51
09:46:42,12.6,0.01,661,832739,买盘,002298,2025-10-17 22:53:51
09:46:45,12.6,0.0,767,966248,买盘,002298,2025-10-17 22:53:51
09:46:48,12.6,0.0,703,885522,卖盘,002298,2025-10-17 22:53:51
09:46:51,12.6,0.0,457,576008,卖盘,002298,2025-10-17 22:53:51
09:46:54,12.59,-0.01,843,1062197,卖盘,002298,2025-10-17 22:53:51
09:46:57,12.59,0.0,256,322494,卖盘,002298,2025-10-17 22:53:51
09:47:00,12.58,-0.01,494,621996,卖盘,002298,2025-10-17 22:53:51
09:47:03,12.59,0.01,497,625982,卖盘,002298,2025-10-17 22:53:51
09:47:06,12.59,0.0,402,505854,买盘,002298,2025-10-17 22:53:51
09:47:09,12.6,0.01,1244,1565067,买盘,002298,2025-10-17 22:53:51
09:47:12,12.6,0.0,476,599423,买盘,002298,2025-10-17 22:53:51
09:47:15,12.59,-0.01,415,522633,卖盘,002298,2025-10-17 22:53:51
09:47:18,12.58,-0.01,506,636856,卖盘,002298,2025-10-17 22:53:51
09:47:21,12.59,0.01,298,374965,买盘,002298,2025-10-17 22:53:51
09:47:24,12.58,-0.01,168,211492,卖盘,002298,2025-10-17 22:53:51
09:47:27,12.59,0.01,373,469554,买盘,002298,2025-10-17 22:53:51
09:47:30,12.59,0.0,414,520924,买盘,002298,2025-10-17 22:53:51
09:47:33,12.59,0.0,339,426824,买盘,002298,2025-10-17 22:53:51
09:47:36,12.59,0.0,225,283285,卖盘,002298,2025-10-17 22:53:51
09:47:39,12.58,-0.01,887,1116449,卖盘,002298,2025-10-17 22:53:51
09:47:42,12.6,0.02,644,810734,买盘,002298,2025-10-17 22:53:51
09:47:45,12.6,0.0,310,390327,买盘,002298,2025-10-17 22:53:51
09:47:48,12.59,-0.01,497,625487,卖盘,002298,2025-10-17 22:53:51
09:47:51,12.59,0.0,119,149824,卖盘,002298,2025-10-17 22:53:51
09:47:54,12.58,-0.01,421,529625,卖盘,002298,2025-10-17 22:53:51
09:47:57,12.58,0.0,356,447906,买盘,002298,2025-10-17 22:53:51
09:48:00,12.57,-0.01,291,366092,卖盘,002298,2025-10-17 22:53:51
09:48:03,12.58,0.01,305,383460,买盘,002298,2025-10-17 22:53:51
09:48:06,12.57,-0.01,197,247562,中性盘,002298,2025-10-17 22:53:51
09:48:09,12.56,-0.01,287,360885,卖盘,002298,2025-10-17 22:53:51
09:48:12,12.57,0.01,374,470162,卖盘,002298,2025-10-17 22:53:51
09:48:15,12.56,-0.01,380,477599,卖盘,002298,2025-10-17 22:53:51
09:48:18,12.57,0.01,624,784498,买盘,002298,2025-10-17 22:53:51
09:48:21,12.57,0.0,331,416081,买盘,002298,2025-10-17 22:53:51
09:48:24,12.57,0.0,350,439712,卖盘,002298,2025-10-17 22:53:51
09:48:27,12.57,0.0,443,556676,买盘,002298,2025-10-17 22:53:51
09:48:30,12.56,-0.01,939,1179912,卖盘,002298,2025-10-17 22:53:51
09:48:33,12.55,-0.01,1573,1974479,卖盘,002298,2025-10-17 22:53:51
09:48:36,12.56,0.01,223,279874,买盘,002298,2025-10-17 22:53:51
09:48:39,12.54,-0.02,310,388849,卖盘,002298,2025-10-17 22:53:51
09:48:42,12.54,0.0,554,695307,卖盘,002298,2025-10-17 22:53:51
09:48:45,12.55,0.01,853,1069827,买盘,002298,2025-10-17 22:53:51
09:48:48,12.54,-0.01,634,794765,卖盘,002298,2025-10-17 22:53:51
09:48:51,12.55,0.01,485,608641,买盘,002298,2025-10-17 22:53:51
09:48:54,12.54,-0.01,1114,1396761,卖盘,002298,2025-10-17 22:53:51
09:48:57,12.53,-0.01,385,482590,卖盘,002298,2025-10-17 22:53:51
09:49:00,12.53,0.0,398,498903,卖盘,002298,2025-10-17 22:53:51
09:49:03,12.53,0.0,562,703746,买盘,002298,2025-10-17 22:53:51
09:49:06,12.53,0.0,456,571179,买盘,002298,2025-10-17 22:53:51
09:49:09,12.53,0.0,791,991074,买盘,002298,2025-10-17 22:53:51
09:49:12,12.53,0.0,674,844232,卖盘,002298,2025-10-17 22:53:51
09:49:15,12.55,0.02,476,596504,买盘,002298,2025-10-17 22:53:51
09:49:18,12.55,0.0,278,348458,买盘,002298,2025-10-17 22:53:51
09:49:21,12.55,0.0,460,576940,买盘,002298,2025-10-17 22:53:51
09:49:24,12.54,-0.01,390,489102,卖盘,002298,2025-10-17 22:53:51
09:49:27,12.54,0.0,347,435133,卖盘,002298,2025-10-17 22:53:51
09:49:30,12.54,0.0,511,640749,买盘,002298,2025-10-17 22:53:51
09:49:33,12.55,0.01,195,244541,买盘,002298,2025-10-17 22:53:51
09:49:36,12.54,-0.01,269,337367,卖盘,002298,2025-10-17 22:53:51
09:49:39,12.55,0.01,670,840312,买盘,002298,2025-10-17 22:53:51
09:49:42,12.54,-0.01,283,354958,卖盘,002298,2025-10-17 22:53:51
09:49:45,12.55,0.01,512,642243,买盘,002298,2025-10-17 22:53:51
09:49:48,12.54,-0.01,610,765244,卖盘,002298,2025-10-17 22:53:51
09:49:51,12.55,0.01,191,239655,买盘,002298,2025-10-17 22:53:51
09:49:54,12.55,0.0,804,1008661,买盘,002298,2025-10-17 22:53:51
09:49:57,12.54,-0.01,1358,1702815,卖盘,002298,2025-10-17 22:53:51
09:50:00,12.55,0.01,357,448019,卖盘,002298,2025-10-17 22:53:51
09:50:03,12.55,0.0,339,425348,卖盘,002298,2025-10-17 22:53:51
09:50:06,12.55,0.0,525,658778,卖盘,002298,2025-10-17 22:53:51
09:50:09,12.55,0.0,490,614939,买盘,002298,2025-10-17 22:53:51
09:50:12,12.55,0.0,682,855755,买盘,002298,2025-10-17 22:53:51
09:50:15,12.55,0.0,355,445656,卖盘,002298,2025-10-17 22:53:51
09:50:18,12.55,0.0,517,648853,卖盘,002298,2025-10-17 22:53:51
09:50:21,12.55,0.0,503,631343,卖盘,002298,2025-10-17 22:53:51
09:50:24,12.56,0.01,554,695322,买盘,002298,2025-10-17 22:53:51
09:50:27,12.55,-0.01,452,567354,卖盘,002298,2025-10-17 22:53:51
09:50:30,12.55,0.0,230,288570,买盘,002298,2025-10-17 22:53:51
09:50:33,12.55,0.0,217,272258,买盘,002298,2025-10-17 22:53:51
09:50:36,12.54,-0.01,1096,1375121,卖盘,002298,2025-10-17 22:53:51
09:50:39,12.54,0.0,253,317444,卖盘,002298,2025-10-17 22:53:51
09:50:42,12.54,0.0,590,740658,卖盘,002298,2025-10-17 22:53:51
09:50:45,12.54,0.0,576,722335,卖盘,002298,2025-10-17 22:53:51
09:50:48,12.54,0.0,1460,1829999,卖盘,002298,2025-10-17 22:53:51
09:50:51,12.53,-0.01,293,367258,卖盘,002298,2025-10-17 22:53:51
09:50:54,12.53,0.0,250,313279,买盘,002298,2025-10-17 22:53:51
09:50:57,12.53,0.0,334,418397,卖盘,002298,2025-10-17 22:53:51
09:51:00,12.52,-0.01,692,866626,卖盘,002298,2025-10-17 22:53:51
09:51:03,12.52,0.0,280,350590,卖盘,002298,2025-10-17 22:53:51
09:51:06,12.51,-0.01,365,456892,卖盘,002298,2025-10-17 22:53:51
09:51:09,12.5,-0.01,6206,7759840,卖盘,002298,2025-10-17 22:53:51
09:51:12,12.5,0.0,2065,2581500,卖盘,002298,2025-10-17 22:53:51
09:51:15,12.5,0.0,2479,3098800,卖盘,002298,2025-10-17 22:53:51
09:51:18,12.5,0.0,1451,1813814,卖盘,002298,2025-10-17 22:53:51
09:51:21,12.5,0.0,1190,1487433,卖盘,002298,2025-10-17 22:53:51
09:51:24,12.49,-0.01,451,563508,卖盘,002298,2025-10-17 22:53:51
09:51:27,12.48,-0.01,609,760691,卖盘,002298,2025-10-17 22:53:51
09:51:30,12.48,0.0,550,686639,卖盘,002298,2025-10-17 22:53:51
09:51:33,12.48,0.0,961,1199358,卖盘,002298,2025-10-17 22:53:51
09:51:36,12.48,0.0,1192,1487637,卖盘,002298,2025-10-17 22:53:51
09:51:39,12.48,0.0,871,1086270,买盘,002298,2025-10-17 22:53:51
09:51:42,12.47,-0.01,1753,2184720,卖盘,002298,2025-10-17 22:53:51
09:51:45,12.46,-0.01,1058,1319477,卖盘,002298,2025-10-17 22:53:51
09:51:48,12.46,0.0,992,1236834,卖盘,002298,2025-10-17 22:53:51
09:51:51,12.46,0.0,599,745868,卖盘,002298,2025-10-17 22:53:51
09:51:54,12.46,0.0,739,920456,买盘,002298,2025-10-17 22:53:51
09:51:57,12.45,-0.01,3382,4211059,卖盘,002298,2025-10-17 22:53:51
09:52:00,12.44,-0.01,853,1062205,卖盘,002298,2025-10-17 22:53:51
09:52:03,12.44,0.0,614,763994,卖盘,002298,2025-10-17 22:53:51
09:52:06,12.44,0.0,660,821001,卖盘,002298,2025-10-17 22:53:51
09:52:09,12.43,-0.01,699,869195,卖盘,002298,2025-10-17 22:53:51
09:52:12,12.43,0.0,1043,1296801,卖盘,002298,2025-10-17 22:53:51
09:52:15,12.42,-0.01,1389,1726307,卖盘,002298,2025-10-17 22:53:51
09:52:18,12.43,0.01,780,969036,买盘,002298,2025-10-17 22:53:51
09:52:21,12.42,-0.01,2879,3576964,卖盘,002298,2025-10-17 22:53:51
09:52:24,12.42,0.0,1996,2479080,卖盘,002298,2025-10-17 22:53:51
09:52:27,12.42,0.0,1616,2006318,买盘,002298,2025-10-17 22:53:51
09:52:30,12.42,0.0,1154,1432932,买盘,002298,2025-10-17 22:53:51
09:52:33,12.42,0.0,723,897711,买盘,002298,2025-10-17 22:53:51
09:52:36,12.43,0.01,1169,1451831,买盘,002298,2025-10-17 22:53:51
09:52:39,12.42,-0.01,1134,1408669,卖盘,002298,2025-10-17 22:53:51
09:52:42,12.42,0.0,1246,1547034,买盘,002298,2025-10-17 22:53:51
09:52:45,12.43,0.01,1041,1292726,买盘,002298,2025-10-17 22:53:51
09:52:48,12.43,0.0,478,593784,买盘,002298,2025-10-17 22:53:51
09:52:51,12.43,0.0,439,545429,卖盘,002298,2025-10-17 22:53:51
09:52:54,12.44,0.01,887,1102484,买盘,002298,2025-10-17 22:53:51
09:52:57,12.44,0.0,491,610580,买盘,002298,2025-10-17 22:53:51
09:53:00,12.44,0.0,1509,1876085,买盘,002298,2025-10-17 22:53:51
09:53:03,12.44,0.0,704,875612,买盘,002298,2025-10-17 22:53:51
09:53:06,12.42,-0.02,764,949718,卖盘,002298,2025-10-17 22:53:51
09:53:09,12.42,0.0,1020,1267863,卖盘,002298,2025-10-17 22:53:51
09:53:12,12.43,0.01,452,561877,中性盘,002298,2025-10-17 22:53:51
09:53:15,12.44,0.01,618,768194,买盘,002298,2025-10-17 22:53:51
09:53:18,12.44,0.0,631,784336,买盘,002298,2025-10-17 22:53:51
09:53:21,12.44,0.0,682,847799,买盘,002298,2025-10-17 22:53:51
09:53:24,12.44,0.0,514,639206,买盘,002298,2025-10-17 22:53:51
09:53:27,12.44,0.0,719,894319,买盘,002298,2025-10-17 22:53:51
09:53:30,12.44,0.0,442,549857,卖盘,002298,2025-10-17 22:53:51
09:53:33,12.45,0.01,720,896004,买盘,002298,2025-10-17 22:53:51
09:53:36,12.45,0.0,424,527730,买盘,002298,2025-10-17 22:53:51
09:53:39,12.45,0.0,345,429657,卖盘,002298,2025-10-17 22:53:51
09:53:42,12.46,0.01,469,584016,买盘,002298,2025-10-17 22:53:51
09:53:45,12.45,-0.01,715,890455,卖盘,002298,2025-10-17 22:53:51
09:53:48,12.46,0.01,160,199723,买盘,002298,2025-10-17 22:53:51
09:53:51,12.46,0.0,477,594371,卖盘,002298,2025-10-17 22:53:51
09:53:54,12.47,0.01,231,287978,买盘,002298,2025-10-17 22:53:51
09:53:57,12.48,0.01,248,309285,买盘,002298,2025-10-17 22:53:51
09:54:00,12.48,0.0,304,379253,买盘,002298,2025-10-17 22:53:51
09:54:03,12.48,0.0,414,516498,买盘,002298,2025-10-17 22:53:51
09:54:06,12.49,0.01,187,233500,买盘,002298,2025-10-17 22:53:51
09:54:09,12.49,0.0,65,81229,卖盘,002298,2025-10-17 22:53:51
09:54:12,12.5,0.01,188,234925,买盘,002298,2025-10-17 22:53:51
09:54:15,12.5,0.0,454,566763,买盘,002298,2025-10-17 22:53:51
09:54:18,12.5,0.0,345,431865,卖盘,002298,2025-10-17 22:53:51
09:54:21,12.51,0.01,260,324518,买盘,002298,2025-10-17 22:53:51
09:54:24,12.51,0.0,228,285226,买盘,002298,2025-10-17 22:53:51
09:54:27,12.51,0.0,338,422850,卖盘,002298,2025-10-17 22:53:51
09:54:30,12.53,0.02,272,340469,买盘,002298,2025-10-17 22:53:51
09:54:33,12.52,-0.01,563,704587,卖盘,002298,2025-10-17 22:53:51
09:54:36,12.53,0.01,668,836086,买盘,002298,2025-10-17 22:53:51
09:54:39,12.54,0.01,114,142853,买盘,002298,2025-10-17 22:53:51
09:54:42,12.54,0.0,829,1040135,买盘,002298,2025-10-17 22:53:51
09:54:45,12.53,-0.01,357,447718,卖盘,002298,2025-10-17 22:53:51
09:54:48,12.53,0.0,541,678917,卖盘,002298,2025-10-17 22:53:51
09:54:51,12.54,0.01,281,352222,买盘,002298,2025-10-17 22:53:51
09:54:54,12.54,0.0,747,936351,买盘,002298,2025-10-17 22:53:51
09:54:57,12.53,-0.01,412,516318,卖盘,002298,2025-10-17 22:53:51
09:55:00,12.52,-0.01,309,387116,卖盘,002298,2025-10-17 22:53:51
09:55:03,12.52,0.0,364,455630,卖盘,002298,2025-10-17 22:53:51
09:55:06,12.52,0.0,471,589212,买盘,002298,2025-10-17 22:53:51
09:55:09,12.5,-0.02,622,778135,卖盘,002298,2025-10-17 22:53:51
09:55:12,12.51,0.01,370,462837,买盘,002298,2025-10-17 22:53:51
09:55:15,12.52,0.01,294,367607,买盘,002298,2025-10-17 22:53:51
09:55:18,12.51,-0.01,287,358796,中性盘,002298,2025-10-17 22:53:51
09:55:21,12.5,-0.01,437,546943,卖盘,002298,2025-10-17 22:53:51
09:55:24,12.49,-0.01,264,329854,卖盘,002298,2025-10-17 22:53:51
09:55:27,12.5,0.01,422,527207,买盘,002298,2025-10-17 22:53:51
09:55:30,12.49,-0.01,599,747771,中性盘,002298,2025-10-17 22:53:51
09:55:33,12.5,0.01,429,536008,买盘,002298,2025-10-17 22:53:51
09:55:36,12.48,-0.02,274,342121,卖盘,002298,2025-10-17 22:53:51
09:55:39,12.48,0.0,598,747111,卖盘,002298,2025-10-17 22:53:51
09:55:42,12.47,-0.01,376,469002,卖盘,002298,2025-10-17 22:53:51
09:55:45,12.48,0.01,363,452784,买盘,002298,2025-10-17 22:53:51
09:55:48,12.46,-0.02,191,238184,卖盘,002298,2025-10-17 22:53:51
09:55:51,12.47,0.01,164,204422,买盘,002298,2025-10-17 22:53:51
09:55:54,12.47,0.0,162,201890,买盘,002298,2025-10-17 22:53:51
09:55:57,12.46,-0.01,316,393915,卖盘,002298,2025-10-17 22:53:51
09:56:00,12.47,0.01,187,233136,买盘,002298,2025-10-17 22:53:51
09:56:03,12.47,0.0,257,320339,卖盘,002298,2025-10-17 22:53:51
09:56:06,12.48,0.01,428,533878,买盘,002298,2025-10-17 22:53:51
09:56:09,12.48,0.0,439,547869,买盘,002298,2025-10-17 22:53:51
09:56:12,12.48,0.0,209,260838,卖盘,002298,2025-10-17 22:53:51
09:56:15,12.49,0.01,267,333401,买盘,002298,2025-10-17 22:53:51
09:56:18,12.49,0.0,327,408225,卖盘,002298,2025-10-17 22:53:51
09:56:21,12.5,0.01,237,296071,买盘,002298,2025-10-17 22:53:51
09:56:24,12.49,-0.01,188,234827,卖盘,002298,2025-10-17 22:53:51
09:56:27,12.5,0.01,329,411175,买盘,002298,2025-10-17 22:53:51
09:56:30,12.5,0.0,411,513580,买盘,002298,2025-10-17 22:53:51
09:56:33,12.49,-0.01,511,638651,卖盘,002298,2025-10-17 22:53:51
09:56:36,12.5,0.01,340,424941,买盘,002298,2025-10-17 22:53:51
09:56:39,12.49,-0.01,178,222378,卖盘,002298,2025-10-17 22:53:51
09:56:42,12.49,0.0,157,196187,卖盘,002298,2025-10-17 22:53:51
09:56:45,12.49,0.0,578,722376,卖盘,002298,2025-10-17 22:53:51
09:56:48,12.49,0.0,342,427209,卖盘,002298,2025-10-17 22:53:51
09:56:51,12.48,-0.01,388,484440,卖盘,002298,2025-10-17 22:53:51
09:56:54,12.48,0.0,1336,1667085,卖盘,002298,2025-10-17 22:53:51
09:56:57,12.48,0.0,172,214625,卖盘,002298,2025-10-17 22:53:51
09:57:00,12.48,0.0,234,292115,买盘,002298,2025-10-17 22:53:51
09:57:03,12.48,0.0,251,313230,买盘,002298,2025-10-17 22:53:51
09:57:06,12.47,-0.01,436,543978,卖盘,002298,2025-10-17 22:53:51
09:57:09,12.47,0.0,109,135942,卖盘,002298,2025-10-17 22:53:51
09:57:12,12.48,0.01,202,252095,买盘,002298,2025-10-17 22:53:51
09:57:15,12.48,0.0,520,648621,卖盘,002298,2025-10-17 22:53:51
09:57:18,12.48,0.0,339,423077,卖盘,002298,2025-10-17 22:53:51
09:57:21,12.48,0.0,338,421860,卖盘,002298,2025-10-17 22:53:51
09:57:24,12.48,0.0,544,678734,买盘,002298,2025-10-17 22:53:51
09:57:27,12.48,0.0,249,310700,买盘,002298,2025-10-17 22:53:51
09:57:30,12.48,0.0,387,482930,卖盘,002298,2025-10-17 22:53:51
09:57:33,12.48,0.0,202,252204,卖盘,002298,2025-10-17 22:53:51
09:57:36,12.48,0.0,311,388293,卖盘,002298,2025-10-17 22:53:51
09:57:39,12.5,0.02,560,699525,买盘,002298,2025-10-17 22:53:51
09:57:42,12.49,-0.01,180,224735,卖盘,002298,2025-10-17 22:53:51
09:57:45,12.5,0.01,37,46219,买盘,002298,2025-10-17 22:53:51
09:57:48,12.49,-0.01,511,638180,卖盘,002298,2025-10-17 22:53:51
09:57:51,12.5,0.01,123,153648,买盘,002298,2025-10-17 22:53:51
09:57:54,12.5,0.0,119,148660,买盘,002298,2025-10-17 22:53:51
09:57:57,12.49,-0.01,68,84991,卖盘,002298,2025-10-17 22:53:51
09:58:00,12.49,0.0,172,214896,卖盘,002298,2025-10-17 22:53:51
09:58:03,12.49,0.0,282,352286,卖盘,002298,2025-10-17 22:53:51
09:58:06,12.49,0.0,580,724807,卖盘,002298,2025-10-17 22:53:51
09:58:09,12.5,0.01,801,1000725,买盘,002298,2025-10-17 22:53:51
09:58:12,12.5,0.0,115,143750,卖盘,002298,2025-10-17 22:53:51
09:58:15,12.51,0.01,240,300019,买盘,002298,2025-10-17 22:53:51
09:58:18,12.51,0.0,276,345134,买盘,002298,2025-10-17 22:53:51
09:58:21,12.51,0.0,80,100059,买盘,002298,2025-10-17 22:53:51
09:58:24,12.51,0.0,110,137626,卖盘,002298,2025-10-17 22:53:51
09:58:27,12.52,0.01,272,340319,买盘,002298,2025-10-17 22:53:51
09:58:30,12.52,0.0,117,146410,买盘,002298,2025-10-17 22:53:51
09:58:33,12.52,0.0,389,486908,买盘,002298,2025-10-17 22:53:51
09:58:36,12.52,0.0,107,134048,卖盘,002298,2025-10-17 22:53:51
09:58:39,12.53,0.01,177,221716,买盘,002298,2025-10-17 22:53:51
09:58:42,12.51,-0.02,964,1205842,卖盘,002298,2025-10-17 22:53:51
09:58:45,12.49,-0.02,4729,5900948,卖盘,002298,2025-10-17 22:53:51
09:58:48,12.5,0.01,1123,1402321,买盘,002298,2025-10-17 22:53:51
09:58:51,12.51,0.01,157,196303,买盘,002298,2025-10-17 22:53:51
09:58:54,12.51,0.0,176,220086,买盘,002298,2025-10-17 22:53:51
09:58:57,12.51,0.0,210,262647,买盘,002298,2025-10-17 22:53:51
09:59:00,12.5,-0.01,497,621607,卖盘,002298,2025-10-17 22:53:51
09:59:03,12.5,0.0,252,315085,买盘,002298,2025-10-17 22:53:51
09:59:06,12.5,0.0,228,285013,买盘,002298,2025-10-17 22:53:51
09:59:09,12.5,0.0,186,232473,买盘,002298,2025-10-17 22:53:51
09:59:12,12.49,-0.01,198,247871,卖盘,002298,2025-10-17 22:53:51
09:59:15,12.49,0.0,264,330162,卖盘,002298,2025-10-17 22:53:51
09:59:18,12.49,0.0,106,132476,卖盘,002298,2025-10-17 22:53:51
09:59:21,12.5,0.01,274,342431,买盘,002298,2025-10-17 22:53:51
09:59:24,12.5,0.0,203,253753,卖盘,002298,2025-10-17 22:53:51
09:59:27,12.5,0.0,297,371136,卖盘,002298,2025-10-17 22:53:51
09:59:30,12.5,0.0,333,416263,卖盘,002298,2025-10-17 22:53:51
09:59:33,12.49,-0.01,188,234860,卖盘,002298,2025-10-17 22:53:51
09:59:36,12.49,0.0,134,167433,卖盘,002298,2025-10-17 22:53:51
09:59:39,12.49,0.0,213,265995,卖盘,002298,2025-10-17 22:53:51
09:59:42,12.49,0.0,166,207356,卖盘,002298,2025-10-17 22:53:51
09:59:45,12.5,0.01,336,419912,买盘,002298,2025-10-17 22:53:51
09:59:48,12.5,0.0,234,292468,买盘,002298,2025-10-17 22:53:51
09:59:51,12.5,0.0,118,147426,买盘,002298,2025-10-17 22:53:51
09:59:54,12.49,-0.01,264,329777,卖盘,002298,2025-10-17 22:53:51
09:59:57,12.5,0.01,98,122463,买盘,002298,2025-10-17 22:53:51
10:00:00,12.49,-0.01,339,423415,卖盘,002298,2025-10-17 22:53:51
10:00:03,12.49,0.0,369,460909,卖盘,002298,2025-10-17 22:53:51
10:00:06,12.49,0.0,299,373399,中性盘,002298,2025-10-17 22:53:51
10:00:09,12.49,0.0,143,178566,买盘,002298,2025-10-17 22:53:51
10:00:12,12.49,0.0,227,283440,买盘,002298,2025-10-17 22:53:51
10:00:15,12.48,-0.01,968,1207690,卖盘,002298,2025-10-17 22:53:51
10:00:18,12.48,0.0,161,201389,买盘,002298,2025-10-17 22:53:51
10:00:21,12.49,0.01,421,524811,买盘,002298,2025-10-17 22:53:51
10:00:24,12.48,-0.01,199,248307,中性盘,002298,2025-10-17 22:53:51
10:00:27,12.49,0.01,329,410643,买盘,002298,2025-10-17 22:53:51
10:00:30,12.48,-0.01,111,138558,卖盘,002298,2025-10-17 22:53:51
10:00:33,12.49,0.01,222,277083,买盘,002298,2025-10-17 22:53:51
10:00:36,12.48,-0.01,211,263356,卖盘,002298,2025-10-17 22:53:51
10:00:39,12.48,0.0,687,856790,卖盘,002298,2025-10-17 22:53:51
10:00:42,12.47,-0.01,427,532505,卖盘,002298,2025-10-17 22:53:51
10:00:45,12.47,0.0,398,496325,卖盘,002298,2025-10-17 22:53:51
10:00:48,12.46,-0.01,81,100958,卖盘,002298,2025-10-17 22:53:51
10:00:51,12.47,0.01,263,327801,买盘,002298,2025-10-17 22:53:51
10:00:54,12.46,-0.01,278,346450,卖盘,002298,2025-10-17 22:53:51
10:00:57,12.47,0.01,511,636711,买盘,002298,2025-10-17 22:53:51
10:01:00,12.47,0.0,1073,1337003,买盘,002298,2025-10-17 22:53:51
10:01:03,12.46,-0.01,233,290253,买盘,002298,2025-10-17 22:53:51
10:01:06,12.46,0.0,722,899269,卖盘,002298,2025-10-17 22:53:51
10:01:09,12.46,0.0,512,637678,买盘,002298,2025-10-17 22:53:51
10:01:12,12.45,-0.01,603,751047,卖盘,002298,2025-10-17 22:53:51
10:01:15,12.46,0.01,374,465786,买盘,002298,2025-10-17 22:53:51
10:01:18,12.46,0.0,317,394793,买盘,002298,2025-10-17 22:53:51
10:01:21,12.46,0.0,653,813119,中性盘,002298,2025-10-17 22:53:51
10:01:24,12.45,-0.01,677,843009,卖盘,002298,2025-10-17 22:53:51
10:01:27,12.46,0.01,323,402294,买盘,002298,2025-10-17 22:53:51
10:01:30,12.45,-0.01,331,412160,卖盘,002298,2025-10-17 22:53:51
10:01:33,12.46,0.01,374,465696,买盘,002298,2025-10-17 22:53:51
10:01:36,12.45,-0.01,411,511826,卖盘,002298,2025-10-17 22:53:51
10:01:39,12.44,-0.01,494,615095,卖盘,002298,2025-10-17 22:53:51
10:01:42,12.44,0.0,160,199091,卖盘,002298,2025-10-17 22:53:51
10:01:45,12.45,0.01,352,437955,买盘,002298,2025-10-17 22:53:51
10:01:48,12.44,-0.01,763,949138,卖盘,002298,2025-10-17 22:53:51
10:01:51,12.44,0.0,389,483797,买盘,002298,2025-10-17 22:53:51
10:01:54,12.43,-0.01,401,498665,卖盘,002298,2025-10-17 22:53:51
10:01:57,12.44,0.01,648,805638,买盘,002298,2025-10-17 22:53:51
10:02:00,12.44,0.0,254,315756,买盘,002298,2025-10-17 22:53:51
10:02:03,12.43,-0.01,1050,1305115,卖盘,002298,2025-10-17 22:53:51
10:02:06,12.42,-0.01,564,700691,卖盘,002298,2025-10-17 22:53:51
10:02:09,12.43,0.01,387,481050,中性盘,002298,2025-10-17 22:53:51
10:02:12,12.43,0.0,788,978901,买盘,002298,2025-10-17 22:53:51
10:02:15,12.42,-0.01,807,1002459,卖盘,002298,2025-10-17 22:53:51
10:02:18,12.43,0.01,718,892064,买盘,002298,2025-10-17 22:53:51
10:02:21,12.42,-0.01,360,447175,卖盘,002298,2025-10-17 22:53:51
10:02:24,12.43,0.01,766,951642,买盘,002298,2025-10-17 22:53:51
10:02:27,12.42,-0.01,402,499605,卖盘,002298,2025-10-17 22:53:51
10:02:30,12.43,0.01,351,436125,卖盘,002298,2025-10-17 22:53:51
10:02:33,12.43,0.0,394,489613,卖盘,002298,2025-10-17 22:53:51
10:02:36,12.43,0.0,176,218710,买盘,002298,2025-10-17 22:53:51
10:02:39,12.42,-0.01,371,460879,卖盘,002298,2025-10-17 22:53:51
10:02:42,12.43,0.01,323,401318,买盘,002298,2025-10-17 22:53:51
10:02:45,12.43,0.0,224,278301,买盘,002298,2025-10-17 22:53:51
10:02:48,12.43,0.0,1144,1420995,买盘,002298,2025-10-17 22:53:51
10:02:51,12.42,-0.01,537,667142,卖盘,002298,2025-10-17 22:53:51
10:02:54,12.43,0.01,195,242370,中性盘,002298,2025-10-17 22:53:51
10:02:57,12.43,0.0,322,400209,卖盘,002298,2025-10-17 22:53:51
10:03:00,12.42,-0.01,1178,1462811,卖盘,002298,2025-10-17 22:53:51
10:03:03,12.42,0.0,200,248634,卖盘,002298,2025-10-17 22:53:51
10:03:06,12.42,0.0,170,211201,卖盘,002298,2025-10-17 22:53:51
10:03:09,12.43,0.01,597,742006,买盘,002298,2025-10-17 22:53:51
10:03:12,12.43,0.0,396,492314,卖盘,002298,2025-10-17 22:53:51
10:03:15,12.43,0.0,325,404102,卖盘,002298,2025-10-17 22:53:51
10:03:18,12.44,0.01,478,594363,买盘,002298,2025-10-17 22:53:51
10:03:21,12.43,-0.01,294,365670,卖盘,002298,2025-10-17 22:53:51
10:03:24,12.43,0.0,313,389234,卖盘,002298,2025-10-17 22:53:51
10:03:27,12.43,0.0,725,900741,买盘,002298,2025-10-17 22:53:51
10:03:30,12.43,0.0,589,731958,买盘,002298,2025-10-17 22:53:51
10:03:33,12.43,0.0,395,490855,买盘,002298,2025-10-17 22:53:51
10:03:36,12.43,0.0,195,242448,卖盘,002298,2025-10-17 22:53:51
10:03:39,12.44,0.01,323,401561,买盘,002298,2025-10-17 22:53:51
10:03:42,12.44,0.0,143,177800,买盘,002298,2025-10-17 22:53:51
10:03:45,12.43,-0.01,324,402850,卖盘,002298,2025-10-17 22:53:51
10:03:48,12.43,0.0,450,559507,卖盘,002298,2025-10-17 22:53:51
10:03:51,12.44,0.01,482,599320,买盘,002298,2025-10-17 22:53:51
10:03:54,12.45,0.01,88,109475,买盘,002298,2025-10-17 22:53:51
10:03:57,12.45,0.0,294,365767,买盘,002298,2025-10-17 22:53:51
10:04:00,12.45,0.0,534,664188,买盘,002298,2025-10-17 22:53:51
10:04:03,12.44,-0.01,393,489189,卖盘,002298,2025-10-17 22:53:51
10:04:06,12.44,0.0,104,129376,买盘,002298,2025-10-17 22:53:51
10:04:09,12.44,0.0,191,237576,买盘,002298,2025-10-17 22:53:51
10:04:12,12.44,0.0,382,475123,买盘,002298,2025-10-17 22:53:51
10:04:15,12.44,0.0,306,380671,买盘,002298,2025-10-17 22:53:51
10:04:18,12.44,0.0,181,225144,卖盘,002298,2025-10-17 22:53:51
10:04:21,12.44,0.0,202,251298,卖盘,002298,2025-10-17 22:53:51
10:04:24,12.44,0.0,268,333589,卖盘,002298,2025-10-17 22:53:51
10:04:27,12.45,0.01,216,268776,买盘,002298,2025-10-17 22:53:51
10:04:30,12.45,0.0,61,75946,卖盘,002298,2025-10-17 22:53:51
10:04:33,12.46,0.01,138,171844,买盘,002298,2025-10-17 22:53:51
10:04:36,12.45,-0.01,398,495717,卖盘,002298,2025-10-17 22:53:51
10:04:39,12.45,0.0,217,270155,买盘,002298,2025-10-17 22:53:51
10:04:42,12.45,0.0,377,469241,买盘,002298,2025-10-17 22:53:51
10:04:45,12.46,0.01,115,143259,买盘,002298,2025-10-17 22:53:51
10:04:48,12.46,0.0,102,127074,买盘,002298,2025-10-17 22:53:51
10:04:51,12.47,0.01,540,672249,买盘,002298,2025-10-17 22:53:51
10:04:54,12.47,0.0,101,125923,买盘,002298,2025-10-17 22:53:51
10:04:57,12.47,0.0,476,593140,买盘,002298,2025-10-17 22:53:51
10:05:00,12.47,0.0,100,124695,买盘,002298,2025-10-17 22:53:51
10:05:03,12.48,0.01,120,149654,买盘,002298,2025-10-17 22:53:51
10:05:06,12.47,-0.01,277,345289,卖盘,002298,2025-10-17 22:53:51
10:05:09,12.47,0.0,222,276827,买盘,002298,2025-10-17 22:53:51
10:05:12,12.47,0.0,221,275671,买盘,002298,2025-10-17 22:53:51
10:05:15,12.47,0.0,96,119733,卖盘,002298,2025-10-17 22:53:51
10:05:18,12.48,0.01,91,113534,买盘,002298,2025-10-17 22:53:51
10:05:21,12.48,0.0,95,118560,卖盘,002298,2025-10-17 22:53:51
10:05:24,12.48,0.0,157,195974,卖盘,002298,2025-10-17 22:53:51
10:05:27,12.48,0.0,278,346944,买盘,002298,2025-10-17 22:53:51
10:05:30,12.48,0.0,214,267060,买盘,002298,2025-10-17 22:53:51
10:05:33,12.49,0.01,383,477822,买盘,002298,2025-10-17 22:53:51
10:05:36,12.49,0.0,301,375668,买盘,002298,2025-10-17 22:53:51
10:05:39,12.48,-0.01,419,522989,卖盘,002298,2025-10-17 22:53:51
10:05:42,12.48,0.0,370,461751,买盘,002298,2025-10-17 22:53:51
10:05:45,12.48,0.0,211,263333,买盘,002298,2025-10-17 22:53:51
10:05:48,12.49,0.01,109,136042,买盘,002298,2025-10-17 22:53:51
10:05:51,12.48,-0.01,247,308470,卖盘,002298,2025-10-17 22:53:51
10:05:54,12.49,0.01,202,252160,买盘,002298,2025-10-17 22:53:51
10:05:57,12.48,-0.01,187,233531,卖盘,002298,2025-10-17 22:53:51
10:06:00,12.48,0.0,537,670190,卖盘,002298,2025-10-17 22:53:51
10:06:03,12.48,0.0,251,313324,卖盘,002298,2025-10-17 22:53:51
10:06:06,12.49,0.01,720,898645,买盘,002298,2025-10-17 22:53:51
10:06:09,12.49,0.0,189,235881,买盘,002298,2025-10-17 22:53:51
10:06:12,12.49,0.0,178,222260,买盘,002298,2025-10-17 22:53:51
10:06:15,12.49,0.0,184,229713,买盘,002298,2025-10-17 22:53:51
10:06:18,12.49,0.0,279,348384,买盘,002298,2025-10-17 22:53:51
10:06:21,12.49,0.0,530,661914,买盘,002298,2025-10-17 22:53:51
10:06:24,12.49,0.0,157,196093,卖盘,002298,2025-10-17 22:53:51
10:06:27,12.49,0.0,458,572219,卖盘,002298,2025-10-17 22:53:51
10:06:30,12.49,0.0,37,46223,卖盘,002298,2025-10-17 22:53:51
10:06:33,12.5,0.01,105,131214,买盘,002298,2025-10-17 22:53:51
10:06:36,12.5,0.0,345,430958,买盘,002298,2025-10-17 22:53:51
10:06:39,12.49,-0.01,1314,1641480,卖盘,002298,2025-10-17 22:53:51
10:06:42,12.49,0.0,143,178607,买盘,002298,2025-10-17 22:53:51
10:06:45,12.48,-0.01,162,202298,卖盘,002298,2025-10-17 22:53:51
10:06:48,12.48,0.0,215,268414,卖盘,002298,2025-10-17 22:53:51
10:06:51,12.49,0.01,72,89893,买盘,002298,2025-10-17 22:53:51
10:06:54,12.49,0.0,194,242143,买盘,002298,2025-10-17 22:53:51
10:06:57,12.49,0.0,353,440644,买盘,002298,2025-10-17 22:53:51
10:07:00,12.49,0.0,224,279764,买盘,002298,2025-10-17 22:53:51
10:07:03,12.48,-0.01,220,274751,卖盘,002298,2025-10-17 22:53:51
10:07:06,12.48,0.0,70,87396,卖盘,002298,2025-10-17 22:53:51
10:07:09,12.49,0.01,82,102412,买盘,002298,2025-10-17 22:53:51
10:07:12,12.49,0.0,293,365850,买盘,002298,2025-10-17 22:53:51
10:07:15,12.49,0.0,159,198591,买盘,002298,2025-10-17 22:53:51
10:07:18,12.49,0.0,55,68695,卖盘,002298,2025-10-17 22:53:51
10:07:21,12.49,0.0,147,183705,卖盘,002298,2025-10-17 22:53:51
10:07:24,12.49,0.0,102,127408,卖盘,002298,2025-10-17 22:53:51
10:07:27,12.49,0.0,70,87464,卖盘,002298,2025-10-17 22:53:51
10:07:30,12.48,-0.01,1260,1572882,卖盘,002298,2025-10-17 22:53:51
10:07:33,12.48,0.0,161,201023,中性盘,002298,2025-10-17 22:53:51
10:07:36,12.48,0.0,3350,4174297,中性盘,002298,2025-10-17 22:53:51
10:07:39,12.48,0.0,444,553213,买盘,002298,2025-10-17 22:53:51
10:07:42,12.48,0.0,198,246880,买盘,002298,2025-10-17 22:53:51
10:07:45,12.48,0.0,188,234388,买盘,002298,2025-10-17 22:53:51
10:07:48,12.47,-0.01,147,183066,买盘,002298,2025-10-17 22:53:51
10:07:51,12.45,-0.02,190,236799,卖盘,002298,2025-10-17 22:53:51
10:07:54,12.45,0.0,65,80907,买盘,002298,2025-10-17 22:53:51
10:07:57,12.45,0.0,153,190439,买盘,002298,2025-10-17 22:53:51
10:08:00,12.45,0.0,226,281327,买盘,002298,2025-10-17 22:53:51
10:08:03,12.45,0.0,194,241357,买盘,002298,2025-10-17 22:53:51
10:08:06,12.45,0.0,246,306141,买盘,002298,2025-10-17 22:53:51
10:08:09,12.45,0.0,414,515127,买盘,002298,2025-10-17 22:53:51
10:08:12,12.44,-0.01,446,555084,卖盘,002298,2025-10-17 22:53:51
10:08:15,12.45,0.01,354,440444,中性盘,002298,2025-10-17 22:53:51
10:08:18,12.46,0.01,68,84669,买盘,002298,2025-10-17 22:53:51
10:08:21,12.46,0.0,54,67288,卖盘,002298,2025-10-17 22:53:51
10:08:24,12.46,0.0,113,140812,卖盘,002298,2025-10-17 22:53:51
10:08:27,12.46,0.0,191,238029,卖盘,002298,2025-10-17 22:53:51
10:08:30,12.46,0.0,96,119683,卖盘,002298,2025-10-17 22:53:51
10:08:33,12.46,0.0,333,414965,卖盘,002298,2025-10-17 22:53:51
10:08:36,12.46,0.0,191,237991,卖盘,002298,2025-10-17 22:53:51
10:08:39,12.47,0.01,173,215705,买盘,002298,2025-10-17 22:53:51
10:08:42,12.47,0.0,126,157074,卖盘,002298,2025-10-17 22:53:51
10:08:45,12.47,0.0,78,97298,买盘,002298,2025-10-17 22:53:51
10:08:48,12.47,0.0,24,29928,卖盘,002298,2025-10-17 22:53:51
10:08:51,12.47,0.0,55,68597,卖盘,002298,2025-10-17 22:53:51
10:08:54,12.47,0.0,394,491467,卖盘,002298,2025-10-17 22:53:51
10:08:57,12.46,-0.01,272,339153,卖盘,002298,2025-10-17 22:53:51
10:09:00,12.45,-0.01,546,680391,卖盘,002298,2025-10-17 22:53:51
10:09:03,12.45,0.0,207,258022,卖盘,002298,2025-10-17 22:53:51
10:09:06,12.46,0.01,69,85917,买盘,002298,2025-10-17 22:53:51
10:09:09,12.46,0.0,39,48580,买盘,002298,2025-10-17 22:53:51
10:09:12,12.46,0.0,81,100882,买盘,002298,2025-10-17 22:53:51
10:09:15,12.45,-0.01,616,766979,卖盘,002298,2025-10-17 22:53:51
10:09:18,12.45,0.0,281,349856,卖盘,002298,2025-10-17 22:53:51
10:09:21,12.45,0.0,146,181888,卖盘,002298,2025-10-17 22:53:51
10:09:24,12.45,0.0,784,976339,卖盘,002298,2025-10-17 22:53:51
10:09:27,12.45,0.0,207,257753,卖盘,002298,2025-10-17 22:53:51
10:09:30,12.45,0.0,328,408448,卖盘,002298,2025-10-17 22:53:51
10:09:33,12.45,0.0,212,263985,卖盘,002298,2025-10-17 22:53:51
10:09:36,12.45,0.0,174,216631,卖盘,002298,2025-10-17 22:53:51
10:09:39,12.45,0.0,194,241465,买盘,002298,2025-10-17 22:53:51
10:09:42,12.45,0.0,190,236549,买盘,002298,2025-10-17 22:53:51
10:09:45,12.45,0.0,147,182952,买盘,002298,2025-10-17 22:53:51
10:09:48,12.44,-0.01,214,266346,卖盘,002298,2025-10-17 22:53:51
10:09:51,12.44,0.0,236,293710,卖盘,002298,2025-10-17 22:53:51
10:09:54,12.45,0.01,163,202860,买盘,002298,2025-10-17 22:53:51
10:09:57,12.45,0.0,340,422970,买盘,002298,2025-10-17 22:53:51
10:10:00,12.44,-0.01,654,813792,卖盘,002298,2025-10-17 22:53:51
10:10:03,12.44,0.0,214,266312,卖盘,002298,2025-10-17 22:53:51
10:10:06,12.45,0.01,239,297365,买盘,002298,2025-10-17 22:53:51
10:10:09,12.44,-0.01,263,327241,卖盘,002298,2025-10-17 22:53:51
10:10:12,12.44,0.0,835,1038084,买盘,002298,2025-10-17 22:53:51
10:10:15,12.45,0.01,2672,3321927,买盘,002298,2025-10-17 22:53:51
10:10:18,12.44,-0.01,180,223920,卖盘,002298,2025-10-17 22:53:51
10:10:21,12.44,0.0,208,258788,卖盘,002298,2025-10-17 22:53:51
10:10:24,12.44,0.0,391,486410,卖盘,002298,2025-10-17 22:53:51
10:10:27,12.44,0.0,276,343317,买盘,002298,2025-10-17 22:53:51
10:10:30,12.44,0.0,203,252468,卖盘,002298,2025-10-17 22:53:51
10:10:33,12.45,0.01,167,207791,买盘,002298,2025-10-17 22:53:51
10:10:36,12.45,0.0,145,180400,买盘,002298,2025-10-17 22:53:51
10:10:39,12.45,0.0,169,210317,买盘,002298,2025-10-17 22:53:51
10:10:42,12.45,0.0,195,242656,买盘,002298,2025-10-17 22:53:51
10:10:45,12.45,0.0,219,272607,买盘,002298,2025-10-17 22:53:51
10:10:48,12.45,0.0,407,506473,买盘,002298,2025-10-17 22:53:51
10:10:51,12.45,0.0,140,174260,买盘,002298,2025-10-17 22:53:51
10:10:54,12.45,0.0,74,92146,卖盘,002298,2025-10-17 22:53:51
10:10:57,12.45,0.0,158,196726,卖盘,002298,2025-10-17 22:53:51
10:11:00,12.45,0.0,306,381085,卖盘,002298,2025-10-17 22:53:51
10:11:03,12.46,0.01,44,54811,买盘,002298,2025-10-17 22:53:51
10:11:06,12.46,0.0,135,168143,买盘,002298,2025-10-17 22:53:51
10:11:09,12.44,-0.02,481,598903,卖盘,002298,2025-10-17 22:53:51
10:11:12,12.45,0.01,99,123254,买盘,002298,2025-10-17 22:53:51
10:11:15,12.44,-0.01,142,176746,卖盘,002298,2025-10-17 22:53:51
10:11:18,12.44,0.0,295,367166,卖盘,002298,2025-10-17 22:53:51
10:11:21,12.45,0.01,231,287421,买盘,002298,2025-10-17 22:53:51
10:11:24,12.45,0.0,96,119473,买盘,002298,2025-10-17 22:53:51
10:11:27,12.45,0.0,1292,1607264,买盘,002298,2025-10-17 22:53:51
10:11:30,12.44,-0.01,262,326017,卖盘,002298,2025-10-17 22:53:51
10:11:33,12.44,0.0,208,258737,买盘,002298,2025-10-17 22:53:51
10:11:36,12.44,0.0,206,256235,买盘,002298,2025-10-17 22:53:51
10:11:39,12.44,0.0,518,644108,买盘,002298,2025-10-17 22:53:51
10:11:42,12.43,-0.01,197,245011,卖盘,002298,2025-10-17 22:53:51
10:11:45,12.44,0.01,21,26116,中性盘,002298,2025-10-17 22:53:51
10:11:48,12.43,-0.01,316,392973,卖盘,002298,2025-10-17 22:53:51
10:11:51,12.44,0.01,284,353178,中性盘,002298,2025-10-17 22:53:51
10:11:54,12.45,0.01,306,380552,买盘,002298,2025-10-17 22:53:51
10:11:57,12.43,-0.02,345,428936,卖盘,002298,2025-10-17 22:53:51
10:12:00,12.44,0.01,125,155411,买盘,002298,2025-10-17 22:53:51
10:12:03,12.43,-0.01,191,237445,卖盘,002298,2025-10-17 22:53:51
10:12:06,12.43,0.0,236,293411,卖盘,002298,2025-10-17 22:53:51
10:12:09,12.43,0.0,165,205171,卖盘,002298,2025-10-17 22:53:51
10:12:12,12.42,-0.01,565,702323,卖盘,002298,2025-10-17 22:53:51
10:12:15,12.42,0.0,354,439968,卖盘,002298,2025-10-17 22:53:51
10:12:18,12.42,0.0,213,264619,卖盘,002298,2025-10-17 22:53:51
10:12:21,12.43,0.01,824,1023549,买盘,002298,2025-10-17 22:53:51
10:12:24,12.42,-0.01,295,366448,卖盘,002298,2025-10-17 22:53:51
10:12:27,12.43,0.01,503,624839,中性盘,002298,2025-10-17 22:53:51
10:12:30,12.42,-0.01,271,336673,卖盘,002298,2025-10-17 22:53:51
10:12:33,12.42,0.0,388,481968,卖盘,002298,2025-10-17 22:53:51
10:12:36,12.42,0.0,367,455846,卖盘,002298,2025-10-17 22:53:51
10:12:39,12.42,0.0,787,977598,卖盘,002298,2025-10-17 22:53:51
10:12:42,12.43,0.01,421,522911,买盘,002298,2025-10-17 22:53:51
10:12:45,12.42,-0.01,360,447333,卖盘,002298,2025-10-17 22:53:51
10:12:48,12.43,0.01,600,745320,买盘,002298,2025-10-17 22:53:51
10:12:51,12.42,-0.01,910,1130537,卖盘,002298,2025-10-17 22:53:51
10:12:54,12.42,0.0,377,468085,买盘,002298,2025-10-17 22:53:51
10:12:57,12.42,0.0,759,942305,买盘,002298,2025-10-17 22:53:51
10:13:00,12.42,0.0,383,475589,买盘,002298,2025-10-17 22:53:51
10:13:03,12.43,0.01,244,303070,买盘,002298,2025-10-17 22:53:51
10:13:06,12.43,0.0,100,124231,买盘,002298,2025-10-17 22:53:51
10:13:09,12.43,0.0,286,355260,买盘,002298,2025-10-17 22:53:51
10:13:12,12.43,0.0,166,206245,买盘,002298,2025-10-17 22:53:51
10:13:15,12.43,0.0,212,263365,买盘,002298,2025-10-17 22:53:51
10:13:18,12.42,-0.01,350,434704,卖盘,002298,2025-10-17 22:53:51
10:13:21,12.42,0.0,282,350200,买盘,002298,2025-10-17 22:53:51
10:13:24,12.42,0.0,163,202412,买盘,002298,2025-10-17 22:53:51
10:13:27,12.42,0.0,343,425844,买盘,002298,2025-10-17 22:53:51
10:13:30,12.43,0.01,234,290674,买盘,002298,2025-10-17 22:53:51
10:13:33,12.43,0.0,163,202467,买盘,002298,2025-10-17 22:53:51
10:13:36,12.42,-0.01,172,213637,卖盘,002298,2025-10-17 22:53:51
10:13:39,12.43,0.01,162,201268,买盘,002298,2025-10-17 22:53:51
10:13:42,12.43,0.0,306,380187,买盘,002298,2025-10-17 22:53:51
10:13:45,12.43,0.0,209,259671,买盘,002298,2025-10-17 22:53:51
10:13:48,12.44,0.01,228,283338,买盘,002298,2025-10-17 22:53:51
10:13:51,12.43,-0.01,180,223713,卖盘,002298,2025-10-17 22:53:51
10:13:54,12.43,0.0,414,514824,卖盘,002298,2025-10-17 22:53:51
10:13:57,12.43,0.0,245,304622,卖盘,002298,2025-10-17 22:53:51
10:14:00,12.43,0.0,248,308317,卖盘,002298,2025-10-17 22:53:51
10:14:03,12.44,0.01,298,370479,买盘,002298,2025-10-17 22:53:51
10:14:06,12.44,0.0,868,1078363,买盘,002298,2025-10-17 22:53:51
10:14:09,12.43,-0.01,199,247502,卖盘,002298,2025-10-17 22:53:51
10:14:12,12.44,0.01,46,57228,卖盘,002298,2025-10-17 22:53:51
10:14:15,12.44,0.0,26,32355,卖盘,002298,2025-10-17 22:53:51
10:14:18,12.44,0.0,236,293588,卖盘,002298,2025-10-17 22:53:51
10:14:21,12.44,0.0,147,182867,买盘,002298,2025-10-17 22:53:51
10:14:24,12.43,-0.01,339,421569,卖盘,002298,2025-10-17 22:53:51
10:14:27,12.44,0.01,69,85797,买盘,002298,2025-10-17 22:53:51
10:14:30,12.43,-0.01,261,324630,卖盘,002298,2025-10-17 22:53:51
10:14:33,12.44,0.01,349,434290,买盘,002298,2025-10-17 22:53:51
10:14:36,12.45,0.01,64,79587,买盘,002298,2025-10-17 22:53:51
10:14:39,12.45,0.0,612,761938,买盘,002298,2025-10-17 22:53:51
10:14:42,12.44,-0.01,290,360940,卖盘,002298,2025-10-17 22:53:51
10:14:45,12.45,0.01,78,97122,卖盘,002298,2025-10-17 22:53:51
10:14:48,12.46,0.01,122,151969,买盘,002298,2025-10-17 22:53:51
10:14:51,12.44,-0.02,304,378530,卖盘,002298,2025-10-17 22:53:51
10:14:54,12.46,0.02,77,95883,买盘,002298,2025-10-17 22:53:51
10:14:57,12.45,-0.01,38,47320,卖盘,002298,2025-10-17 22:53:51
10:15:00,12.45,0.0,49,61019,卖盘,002298,2025-10-17 22:53:51
10:15:03,12.45,0.0,633,788374,卖盘,002298,2025-10-17 22:53:51
10:15:06,12.46,0.01,65,80991,卖盘,002298,2025-10-17 22:53:51
10:15:09,12.46,0.0,119,148281,卖盘,002298,2025-10-17 22:53:51
10:15:12,12.46,0.0,204,254328,卖盘,002298,2025-10-17 22:53:51
10:15:15,12.46,0.0,132,164547,卖盘,002298,2025-10-17 22:53:51
10:15:18,12.48,0.02,158,196918,买盘,002298,2025-10-17 22:53:51
10:15:21,12.47,-0.01,94,117230,中性盘,002298,2025-10-17 22:53:51
10:15:24,12.47,0.0,77,96048,卖盘,002298,2025-10-17 22:53:51
10:15:27,12.43,-0.04,3496,4349134,卖盘,002298,2025-10-17 22:53:51
10:15:30,12.45,0.02,1346,1672142,买盘,002298,2025-10-17 22:53:51
10:15:33,12.45,0.0,264,328072,买盘,002298,2025-10-17 22:53:51
10:15:36,12.44,-0.01,451,561243,中性盘,002298,2025-10-17 22:53:51
10:15:39,12.44,0.0,370,460185,中性盘,002298,2025-10-17 22:53:51
10:15:42,12.44,0.0,208,258721,中性盘,002298,2025-10-17 22:53:51
10:15:45,12.44,0.0,445,553547,买盘,002298,2025-10-17 22:53:51
10:15:48,12.45,0.01,193,240163,买盘,002298,2025-10-17 22:53:51
10:15:51,12.45,0.0,53,65932,买盘,002298,2025-10-17 22:53:51
10:15:54,12.45,0.0,82,102055,买盘,002298,2025-10-17 22:53:51
10:15:57,12.44,-0.01,241,299986,卖盘,002298,2025-10-17 22:53:51
10:16:00,12.44,0.0,166,206528,卖盘,002298,2025-10-17 22:53:51
10:16:03,12.44,0.0,162,201532,卖盘,002298,2025-10-17 22:53:51
10:16:06,12.45,0.01,189,235205,买盘,002298,2025-10-17 22:53:51
10:16:09,12.44,-0.01,145,180383,卖盘,002298,2025-10-17 22:53:51
10:16:12,12.44,0.0,179,222754,卖盘,002298,2025-10-17 22:53:51
10:16:15,12.44,0.0,183,227657,卖盘,002298,2025-10-17 22:53:51
10:16:18,12.44,0.0,195,242598,卖盘,002298,2025-10-17 22:53:51
10:16:21,12.44,0.0,77,95770,买盘,002298,2025-10-17 22:53:51
10:16:24,12.44,0.0,317,394174,买盘,002298,2025-10-17 22:53:51
10:16:27,12.43,-0.01,195,242636,卖盘,002298,2025-10-17 22:53:51
10:16:30,12.44,0.01,266,330702,买盘,002298,2025-10-17 22:53:51
10:16:33,12.44,0.0,72,89542,买盘,002298,2025-10-17 22:53:51
10:16:36,12.44,0.0,112,139329,买盘,002298,2025-10-17 22:53:51
10:16:39,12.44,0.0,49,60966,卖盘,002298,2025-10-17 22:53:51
10:16:42,12.44,0.0,88,109519,卖盘,002298,2025-10-17 22:53:51
10:16:45,12.44,0.0,101,125658,卖盘,002298,2025-10-17 22:53:51
10:16:48,12.44,0.0,83,103300,卖盘,002298,2025-10-17 22:53:51
10:16:51,12.45,0.01,366,455362,买盘,002298,2025-10-17 22:53:51
10:16:54,12.43,-0.02,82,101990,卖盘,002298,2025-10-17 22:53:51
10:16:57,12.44,0.01,148,184073,买盘,002298,2025-10-17 22:53:51
10:17:00,12.44,0.0,75,93254,买盘,002298,2025-10-17 22:53:51
10:17:03,12.44,0.0,77,95765,买盘,002298,2025-10-17 22:53:51
10:17:06,12.43,-0.01,370,459962,卖盘,002298,2025-10-17 22:53:51
10:17:09,12.44,0.01,200,248781,中性盘,002298,2025-10-17 22:53:51
10:17:12,12.45,0.01,235,292324,买盘,002298,2025-10-17 22:53:51
10:17:15,12.45,0.0,132,164254,买盘,002298,2025-10-17 22:53:51
10:17:18,12.44,-0.01,22,27377,卖盘,002298,2025-10-17 22:53:51
10:17:21,12.45,0.01,342,425659,买盘,002298,2025-10-17 22:53:51
10:17:24,12.44,-0.01,178,221561,卖盘,002298,2025-10-17 22:53:51
10:17:27,12.44,0.0,142,176682,卖盘,002298,2025-10-17 22:53:51
10:17:30,12.44,0.0,126,156860,卖盘,002298,2025-10-17 22:53:51
10:17:33,12.44,0.0,64,79673,卖盘,002298,2025-10-17 22:53:51
10:17:36,12.46,0.02,214,266297,买盘,002298,2025-10-17 22:53:51
10:17:39,12.46,0.0,197,245137,买盘,002298,2025-10-17 22:53:51
10:17:42,12.44,-0.02,303,377110,卖盘,002298,2025-10-17 22:53:51
10:17:45,12.44,0.0,104,129375,买盘,002298,2025-10-17 22:53:51
10:17:48,12.44,0.0,107,133117,买盘,002298,2025-10-17 22:53:51
10:17:51,12.44,0.0,43,53493,卖盘,002298,2025-10-17 22:53:51
10:17:54,12.44,0.0,194,241358,卖盘,002298,2025-10-17 22:53:51
10:17:57,12.44,0.0,105,130638,卖盘,002298,2025-10-17 22:53:51
10:18:00,12.44,0.0,108,134426,卖盘,002298,2025-10-17 22:53:51
10:18:03,12.45,0.01,53,65937,买盘,002298,2025-10-17 22:53:51
10:18:06,12.45,0.0,150,186702,买盘,002298,2025-10-17 22:53:51
10:18:09,12.44,-0.01,212,263935,卖盘,002298,2025-10-17 22:53:51
10:18:12,12.45,0.01,139,172973,买盘,002298,2025-10-17 22:53:51
10:18:15,12.45,0.0,99,123206,买盘,002298,2025-10-17 22:53:51
10:18:18,12.45,0.0,277,344816,买盘,002298,2025-10-17 22:53:51
10:18:21,12.45,0.0,155,192910,买盘,002298,2025-10-17 22:53:51
10:18:24,12.45,0.0,119,148154,买盘,002298,2025-10-17 22:53:51
10:18:27,12.45,0.0,115,143166,卖盘,002298,2025-10-17 22:53:51
10:18:30,12.45,0.0,276,343656,买盘,002298,2025-10-17 22:53:51
10:18:33,12.45,0.0,109,135702,卖盘,002298,2025-10-17 22:53:51
10:18:36,12.45,0.0,156,194231,卖盘,002298,2025-10-17 22:53:51
10:18:39,12.46,0.01,97,120790,买盘,002298,2025-10-17 22:53:51
10:18:42,12.45,-0.01,169,210471,卖盘,002298,2025-10-17 22:53:51
10:18:45,12.46,0.01,65,80956,买盘,002298,2025-10-17 22:53:51
10:18:48,12.46,0.0,79,98410,买盘,002298,2025-10-17 22:53:51
10:18:51,12.46,0.0,98,122083,买盘,002298,2025-10-17 22:53:51
10:18:54,12.46,0.0,57,71005,买盘,002298,2025-10-17 22:53:51
10:18:57,12.46,0.0,18,22425,买盘,002298,2025-10-17 22:53:51
10:19:00,12.46,0.0,69,85955,买盘,002298,2025-10-17 22:53:51
10:19:03,12.45,-0.01,116,144519,卖盘,002298,2025-10-17 22:53:51
10:19:06,12.46,0.01,189,235466,买盘,002298,2025-10-17 22:53:51
10:19:09,12.46,0.0,118,146953,买盘,002298,2025-10-17 22:53:51
10:19:12,12.46,0.0,253,315143,买盘,002298,2025-10-17 22:53:51
10:19:15,12.46,0.0,176,219295,卖盘,002298,2025-10-17 22:53:51
10:19:18,12.46,0.0,16,19946,卖盘,002298,2025-10-17 22:53:51
10:19:21,12.47,0.01,139,173216,买盘,002298,2025-10-17 22:53:51
10:19:24,12.47,0.0,60,74765,买盘,002298,2025-10-17 22:53:51
10:19:27,12.47,0.0,146,181973,买盘,002298,2025-10-17 22:53:51
10:19:30,12.47,0.0,125,155828,买盘,002298,2025-10-17 22:53:51
10:19:33,12.47,0.0,408,508747,买盘,002298,2025-10-17 22:53:51
10:19:36,12.47,0.0,58,72313,买盘,002298,2025-10-17 22:53:51
10:19:39,12.48,0.01,75,93532,买盘,002298,2025-10-17 22:53:51
10:19:42,12.48,0.0,138,172169,买盘,002298,2025-10-17 22:53:51
10:19:45,12.48,0.0,183,228373,买盘,002298,2025-10-17 22:53:51
10:19:48,12.47,-0.01,382,476700,卖盘,002298,2025-10-17 22:53:51
10:19:51,12.48,0.01,226,282048,买盘,002298,2025-10-17 22:53:51
10:19:54,12.49,0.01,31,38692,买盘,002298,2025-10-17 22:53:51
10:19:57,12.49,0.0,62,77412,买盘,002298,2025-10-17 22:53:51
10:20:00,12.49,0.0,253,315995,买盘,002298,2025-10-17 22:53:51
10:20:03,12.5,0.01,207,258525,买盘,002298,2025-10-17 22:53:51
10:20:06,12.5,0.0,15,18743,买盘,002298,2025-10-17 22:53:51
10:20:09,12.5,0.0,76,94975,买盘,002298,2025-10-17 22:53:51
10:20:12,12.49,-0.01,616,769504,卖盘,002298,2025-10-17 22:53:51
10:20:15,12.5,0.01,729,910048,买盘,002298,2025-10-17 22:53:51
10:20:18,12.49,-0.01,94,117452,中性盘,002298,2025-10-17 22:53:51
10:20:21,12.49,0.0,235,293501,买盘,002298,2025-10-17 22:53:51
10:20:24,12.48,-0.01,110,137287,中性盘,002298,2025-10-17 22:53:51
10:20:27,12.47,-0.01,564,703132,卖盘,002298,2025-10-17 22:53:51
10:20:30,12.47,0.0,56,69830,买盘,002298,2025-10-17 22:53:51
10:20:33,12.45,-0.02,553,689240,卖盘,002298,2025-10-17 22:53:51
10:20:36,12.47,0.02,157,195773,中性盘,002298,2025-10-17 22:53:51
10:20:39,12.46,-0.01,220,274254,卖盘,002298,2025-10-17 22:53:51
10:20:42,12.46,0.0,301,375488,卖盘,002298,2025-10-17 22:53:51
10:20:45,12.47,0.01,32,39890,卖盘,002298,2025-10-17 22:53:51
10:20:48,12.47,0.0,124,154580,买盘,002298,2025-10-17 22:53:51
10:20:51,12.46,-0.01,204,254370,卖盘,002298,2025-10-17 22:53:51
10:20:54,12.46,0.0,95,118391,卖盘,002298,2025-10-17 22:53:51
10:20:57,12.46,0.0,35,43625,买盘,002298,2025-10-17 22:53:51
10:21:00,12.46,0.0,44,54835,卖盘,002298,2025-10-17 22:53:51
10:21:03,12.46,0.0,88,109671,卖盘,002298,2025-10-17 22:53:51
10:21:06,12.46,0.0,707,882239,卖盘,002298,2025-10-17 22:53:51
10:21:09,12.45,-0.01,930,1158019,卖盘,002298,2025-10-17 22:53:51
10:21:12,12.46,0.01,253,315262,买盘,002298,2025-10-17 22:53:51
10:21:15,12.45,-0.01,90,112121,卖盘,002298,2025-10-17 22:53:51
10:21:18,12.48,0.03,80,99750,买盘,002298,2025-10-17 22:53:51
10:21:21,12.46,-0.02,45,56082,卖盘,002298,2025-10-17 22:53:51
10:21:24,12.46,0.0,174,216804,卖盘,002298,2025-10-17 22:53:51
10:21:27,12.46,0.0,405,504392,买盘,002298,2025-10-17 22:53:51
10:21:30,12.46,0.0,194,241740,卖盘,002298,2025-10-17 22:53:51
10:21:33,12.46,0.0,49,61072,卖盘,002298,2025-10-17 22:53:51
10:21:36,12.48,0.02,33,41157,买盘,002298,2025-10-17 22:53:51
10:21:39,12.46,-0.02,412,513512,卖盘,002298,2025-10-17 22:53:51
10:21:42,12.46,0.0,59,73514,买盘,002298,2025-10-17 22:53:51
10:21:45,12.45,-0.01,254,316441,卖盘,002298,2025-10-17 22:53:51
10:21:48,12.46,0.01,107,133322,买盘,002298,2025-10-17 22:53:51
10:21:51,12.46,0.0,84,104624,买盘,002298,2025-10-17 22:53:51
10:21:54,12.46,0.0,24,29904,卖盘,002298,2025-10-17 22:53:51
10:21:57,12.47,0.01,2,2494,买盘,002298,2025-10-17 22:53:51
10:22:00,12.46,-0.01,13,16203,卖盘,002298,2025-10-17 22:53:51
10:22:03,12.47,0.01,39,48608,买盘,002298,2025-10-17 22:53:51
10:22:06,12.46,-0.01,195,243012,卖盘,002298,2025-10-17 22:53:51
10:22:09,12.46,0.0,101,125846,卖盘,002298,2025-10-17 22:53:51
10:22:12,12.47,0.01,179,223080,买盘,002298,2025-10-17 22:53:51
10:22:15,12.47,0.0,102,127131,买盘,002298,2025-10-17 22:53:51
10:22:18,12.47,0.0,73,91021,买盘,002298,2025-10-17 22:53:51
10:22:21,12.47,0.0,119,148345,买盘,002298,2025-10-17 22:53:51
10:22:24,12.48,0.01,11,13722,买盘,002298,2025-10-17 22:53:51
10:22:27,12.47,-0.01,28,34937,卖盘,002298,2025-10-17 22:53:51
10:22:30,12.48,0.01,131,163388,买盘,002298,2025-10-17 22:53:51
10:22:33,12.48,0.0,116,144757,买盘,002298,2025-10-17 22:53:51
10:22:36,12.49,0.01,7,8738,买盘,002298,2025-10-17 22:53:51
10:22:39,12.48,-0.01,117,146018,卖盘,002298,2025-10-17 22:53:51
10:22:42,12.49,0.01,193,241050,买盘,002298,2025-10-17 22:53:51
10:22:45,12.49,0.0,46,57427,买盘,002298,2025-10-17 22:53:51
10:22:48,12.49,0.0,80,99906,买盘,002298,2025-10-17 22:53:51
10:22:51,12.49,0.0,83,103652,买盘,002298,2025-10-17 22:53:51
10:22:54,12.49,0.0,149,186077,买盘,002298,2025-10-17 22:53:51
10:22:57,12.49,0.0,130,162368,买盘,002298,2025-10-17 22:53:51
10:23:00,12.5,0.01,123,153632,买盘,002298,2025-10-17 22:53:51
10:23:03,12.49,-0.01,172,214745,卖盘,002298,2025-10-17 22:53:51
10:23:06,12.48,-0.01,70,87425,卖盘,002298,2025-10-17 22:53:51
10:23:09,12.5,0.02,1065,1329237,买盘,002298,2025-10-17 22:53:51
10:23:12,12.48,-0.02,156,194710,卖盘,002298,2025-10-17 22:53:51
10:23:15,12.48,0.0,1036,1292689,买盘,002298,2025-10-17 22:53:51
10:23:18,12.48,0.0,334,416558,买盘,002298,2025-10-17 22:53:51
10:23:21,12.47,-0.01,502,626436,卖盘,002298,2025-10-17 22:53:51
10:23:24,12.48,0.01,242,301810,卖盘,002298,2025-10-17 22:53:51
10:23:27,12.48,0.0,80,99754,买盘,002298,2025-10-17 22:53:51
10:23:30,12.48,0.0,109,136007,买盘,002298,2025-10-17 22:53:51
10:23:33,12.49,0.01,529,660449,买盘,002298,2025-10-17 22:53:51
10:23:36,12.49,0.0,110,137317,中性盘,002298,2025-10-17 22:53:51
10:23:39,12.48,-0.01,23,28737,卖盘,002298,2025-10-17 22:53:51
10:23:42,12.48,0.0,284,354572,卖盘,002298,2025-10-17 22:53:51
10:23:45,12.49,0.01,259,323334,买盘,002298,2025-10-17 22:53:51
10:23:48,12.49,0.0,42,52428,买盘,002298,2025-10-17 22:53:51
10:23:51,12.48,-0.01,140,174820,卖盘,002298,2025-10-17 22:53:51
10:23:54,12.48,0.0,102,127330,卖盘,002298,2025-10-17 22:53:51
10:23:57,12.49,0.01,960,1199669,买盘,002298,2025-10-17 22:53:51
10:24:00,12.49,0.0,106,132395,卖盘,002298,2025-10-17 22:53:51
10:24:03,12.5,0.01,164,204817,买盘,002298,2025-10-17 22:53:51
10:24:06,12.5,0.0,179,223703,买盘,002298,2025-10-17 22:53:51
10:24:09,12.49,-0.01,145,181180,卖盘,002298,2025-10-17 22:53:51
10:24:12,12.5,0.01,50,62476,买盘,002298,2025-10-17 22:53:51
10:24:15,12.49,-0.01,160,199841,卖盘,002298,2025-10-17 22:53:51
10:24:18,12.5,0.01,612,764277,买盘,002298,2025-10-17 22:53:51
10:24:21,12.5,0.0,176,219849,买盘,002298,2025-10-17 22:53:51
10:24:24,12.48,-0.02,249,311068,卖盘,002298,2025-10-17 22:53:51
10:24:27,12.5,0.02,178,222272,买盘,002298,2025-10-17 22:53:51
10:24:30,12.49,-0.01,27,33731,卖盘,002298,2025-10-17 22:53:51
10:24:33,12.49,0.0,299,373497,卖盘,002298,2025-10-17 22:53:51
10:24:36,12.48,-0.01,386,482071,卖盘,002298,2025-10-17 22:53:51
10:24:39,12.49,0.01,102,127391,中性盘,002298,2025-10-17 22:53:51
10:24:42,12.49,0.0,90,112411,卖盘,002298,2025-10-17 22:53:51
10:24:45,12.49,0.0,96,119809,买盘,002298,2025-10-17 22:53:51
10:24:48,12.49,0.0,135,168536,买盘,002298,2025-10-17 22:53:51
10:24:51,12.48,-0.01,74,92366,卖盘,002298,2025-10-17 22:53:51
10:24:54,12.48,0.0,65,81153,卖盘,002298,2025-10-17 22:53:51
10:24:57,12.49,0.01,201,251009,买盘,002298,2025-10-17 22:53:51
10:25:00,12.48,-0.01,61,76154,卖盘,002298,2025-10-17 22:53:51
10:25:03,12.49,0.01,141,176024,买盘,002298,2025-10-17 22:53:51
10:25:06,12.48,-0.01,42,52445,卖盘,002298,2025-10-17 22:53:51
10:25:09,12.49,0.01,38,47447,买盘,002298,2025-10-17 22:53:51
10:25:12,12.49,0.0,37,46206,买盘,002298,2025-10-17 22:53:51
10:25:15,12.49,0.0,379,473065,买盘,002298,2025-10-17 22:53:51
10:25:18,12.48,-0.01,187,233535,卖盘,002298,2025-10-17 22:53:51
10:25:21,12.49,0.01,187,233418,买盘,002298,2025-10-17 22:53:51
10:25:24,12.48,-0.01,127,158570,卖盘,002298,2025-10-17 22:53:51
10:25:27,12.48,0.0,62,77396,卖盘,002298,2025-10-17 22:53:51
10:25:30,12.49,0.01,287,358258,买盘,002298,2025-10-17 22:53:51
10:25:33,12.49,0.0,111,138634,买盘,002298,2025-10-17 22:53:51
10:25:36,12.49,0.0,117,146114,卖盘,002298,2025-10-17 22:53:51
10:25:39,12.48,-0.01,14,17486,卖盘,002298,2025-10-17 22:53:51
10:25:42,12.49,0.01,146,182284,买盘,002298,2025-10-17 22:53:51
10:25:45,12.48,-0.01,93,116065,卖盘,002298,2025-10-17 22:53:51
10:25:48,12.49,0.01,148,184711,买盘,002298,2025-10-17 22:53:51
10:25:51,12.49,0.0,74,92381,买盘,002298,2025-10-17 22:53:51
10:25:54,12.48,-0.01,280,349506,卖盘,002298,2025-10-17 22:53:51
10:25:57,12.48,0.0,55,68672,卖盘,002298,2025-10-17 22:53:51
10:26:00,12.49,0.01,37,46205,买盘,002298,2025-10-17 22:53:51
10:26:03,12.48,-0.01,480,599046,卖盘,002298,2025-10-17 22:53:51
10:26:06,12.48,0.0,259,323299,卖盘,002298,2025-10-17 22:53:51
10:26:09,12.48,0.0,90,112315,买盘,002298,2025-10-17 22:53:51
10:26:12,12.48,0.0,171,213322,买盘,002298,2025-10-17 22:53:51
10:26:15,12.48,0.0,201,250808,买盘,002298,2025-10-17 22:53:51
10:26:18,12.48,0.0,53,66144,卖盘,002298,2025-10-17 22:53:51
10:26:21,12.48,0.0,63,78614,买盘,002298,2025-10-17 22:53:51
10:26:24,12.48,0.0,283,352939,买盘,002298,2025-10-17 22:53:51
10:26:27,12.48,0.0,47,58650,买盘,002298,2025-10-17 22:53:51
10:26:30,12.48,0.0,65,81122,卖盘,002298,2025-10-17 22:53:51
10:26:33,12.49,0.01,188,234662,买盘,002298,2025-10-17 22:53:51
10:26:36,12.48,-0.01,28,34944,卖盘,002298,2025-10-17 22:53:51
10:26:39,12.49,0.01,104,129823,买盘,002298,2025-10-17 22:53:51
10:26:42,12.48,-0.01,8,9984,中性盘,002298,2025-10-17 22:53:51
10:26:45,12.48,0.0,59,73632,买盘,002298,2025-10-17 22:53:51
10:26:48,12.48,0.0,90,112302,买盘,002298,2025-10-17 22:53:51
10:26:51,12.47,-0.01,85,106057,卖盘,002298,2025-10-17 22:53:51
10:26:54,12.47,0.0,335,417777,卖盘,002298,2025-10-17 22:53:51
10:26:57,12.48,0.01,159,198294,买盘,002298,2025-10-17 22:53:51
10:27:00,12.47,-0.01,157,195881,卖盘,002298,2025-10-17 22:53:51
10:27:03,12.47,0.0,71,88554,卖盘,002298,2025-10-17 22:53:51
10:27:06,12.47,0.0,118,147152,卖盘,002298,2025-10-17 22:53:51
10:27:09,12.47,0.0,145,180889,卖盘,002298,2025-10-17 22:53:51
10:27:12,12.45,-0.02,5180,6450074,卖盘,002298,2025-10-17 22:53:51
10:27:15,12.45,0.0,78,97105,买盘,002298,2025-10-17 22:53:51
10:27:18,12.44,-0.01,784,975441,卖盘,002298,2025-10-17 22:53:51
10:27:21,12.45,0.01,140,174254,买盘,002298,2025-10-17 22:53:51
10:27:24,12.44,-0.01,572,711697,卖盘,002298,2025-10-17 22:53:51
10:27:27,12.43,-0.01,56,69662,卖盘,002298,2025-10-17 22:53:51
10:27:30,12.44,0.01,146,181704,卖盘,002298,2025-10-17 22:53:51
10:27:33,12.44,0.0,269,334589,卖盘,002298,2025-10-17 22:53:51
10:27:36,12.44,0.0,185,230146,卖盘,002298,2025-10-17 22:53:51
10:27:39,12.44,0.0,69,85818,买盘,002298,2025-10-17 22:53:51
10:27:42,12.44,0.0,414,514741,买盘,002298,2025-10-17 22:53:51
10:27:45,12.44,0.0,382,474985,买盘,002298,2025-10-17 22:53:51
10:27:48,12.44,0.0,260,323306,买盘,002298,2025-10-17 22:53:51
10:27:51,12.44,0.0,236,293541,买盘,002298,2025-10-17 22:53:51
10:27:54,12.45,0.01,1119,1390999,买盘,002298,2025-10-17 22:53:51
10:27:57,12.44,-0.01,132,164226,卖盘,002298,2025-10-17 22:53:51
10:28:00,12.43,-0.01,484,602156,卖盘,002298,2025-10-17 22:53:51
10:28:03,12.44,0.01,175,217789,卖盘,002298,2025-10-17 22:53:51
10:28:06,12.43,-0.01,310,385480,卖盘,002298,2025-10-17 22:53:51
10:28:09,12.43,0.0,285,354273,卖盘,002298,2025-10-17 22:53:51
10:28:12,12.44,0.01,667,829293,买盘,002298,2025-10-17 22:53:51
10:28:15,12.43,-0.01,313,389183,卖盘,002298,2025-10-17 22:53:51
10:28:18,12.44,0.01,329,409032,买盘,002298,2025-10-17 22:53:51
10:28:21,12.43,-0.01,274,340632,卖盘,002298,2025-10-17 22:53:51
10:28:24,12.43,0.0,302,375414,卖盘,002298,2025-10-17 22:53:51
10:28:27,12.45,0.02,318,395614,买盘,002298,2025-10-17 22:53:51
10:28:30,12.44,-0.01,77,95776,卖盘,002298,2025-10-17 22:53:51
10:28:33,12.44,0.0,78,97052,卖盘,002298,2025-10-17 22:53:51
10:28:36,12.44,0.0,159,197828,卖盘,002298,2025-10-17 22:53:51
10:28:39,12.45,0.01,471,585982,买盘,002298,2025-10-17 22:53:51
10:28:42,12.45,0.0,79,98317,买盘,002298,2025-10-17 22:53:51
10:28:45,12.45,0.0,260,323702,买盘,002298,2025-10-17 22:53:51
10:28:48,12.45,0.0,273,339687,卖盘,002298,2025-10-17 22:53:51
10:28:51,12.46,0.01,280,348623,买盘,002298,2025-10-17 22:53:51
10:28:54,12.45,-0.01,139,173074,卖盘,002298,2025-10-17 22:53:51
10:28:57,12.44,-0.01,209,260106,卖盘,002298,2025-10-17 22:53:51
10:29:00,12.46,0.02,144,179326,买盘,002298,2025-10-17 22:53:51
10:29:03,12.46,0.0,238,296338,买盘,002298,2025-10-17 22:53:51
10:29:06,12.46,0.0,147,183033,买盘,002298,2025-10-17 22:53:51
10:29:09,12.46,0.0,146,181845,买盘,002298,2025-10-17 22:53:51
10:29:12,12.46,0.0,94,117140,卖盘,002298,2025-10-17 22:53:51
10:29:15,12.47,0.01,260,324220,买盘,002298,2025-10-17 22:53:51
10:29:18,12.47,0.0,18,22446,卖盘,002298,2025-10-17 22:53:51
10:29:21,12.47,0.0,22,27440,买盘,002298,2025-10-17 22:53:51
10:29:24,12.47,0.0,84,104811,卖盘,002298,2025-10-17 22:53:51
10:29:27,12.47,0.0,127,158380,卖盘,002298,2025-10-17 22:53:51
10:29:30,12.47,0.0,100,124730,卖盘,002298,2025-10-17 22:53:51
10:29:33,12.48,0.01,349,435287,买盘,002298,2025-10-17 22:53:51
10:29:36,12.47,-0.01,154,192038,卖盘,002298,2025-10-17 22:53:51
10:29:39,12.48,0.01,250,311578,买盘,002298,2025-10-17 22:53:51
10:29:42,12.47,-0.01,83,103493,中性盘,002298,2025-10-17 22:53:51
10:29:45,12.47,0.0,400,498929,买盘,002298,2025-10-17 22:53:51
10:29:48,12.47,0.0,182,227067,中性盘,002298,2025-10-17 22:53:51
10:29:51,12.48,0.01,44,54864,买盘,002298,2025-10-17 22:53:51
10:29:54,12.48,0.0,69,86112,卖盘,002298,2025-10-17 22:53:51
10:29:57,12.48,0.0,112,139818,中性盘,002298,2025-10-17 22:53:51
10:30:00,12.47,-0.01,154,192176,卖盘,002298,2025-10-17 22:53:51
10:30:03,12.47,0.0,265,330572,卖盘,002298,2025-10-17 22:53:51
10:30:06,12.48,0.01,489,609497,买盘,002298,2025-10-17 22:53:51
10:30:09,12.47,-0.01,126,157136,卖盘,002298,2025-10-17 22:53:51
10:30:12,12.48,0.01,70,87360,买盘,002298,2025-10-17 22:53:51
10:30:15,12.48,0.0,41,51168,卖盘,002298,2025-10-17 22:53:51
10:30:18,12.48,0.0,82,102336,卖盘,002298,2025-10-17 22:53:51
10:30:21,12.49,0.01,32,39957,买盘,002298,2025-10-17 22:53:51
10:30:24,12.49,0.0,57,71172,买盘,002298,2025-10-17 22:53:51
10:30:27,12.49,0.0,61,76171,买盘,002298,2025-10-17 22:53:51
10:30:30,12.49,0.0,412,514499,买盘,002298,2025-10-17 22:53:51
10:30:33,12.48,-0.01,47,58684,卖盘,002298,2025-10-17 22:53:51
10:30:36,12.48,0.0,25,31200,卖盘,002298,2025-10-17 22:53:51
10:30:39,12.49,0.01,32,39952,买盘,002298,2025-10-17 22:53:51
10:30:42,12.49,0.0,144,179837,买盘,002298,2025-10-17 22:53:51
10:30:45,12.49,0.0,115,143635,买盘,002298,2025-10-17 22:53:51
10:30:48,12.49,0.0,13,16237,买盘,002298,2025-10-17 22:53:51
10:30:51,12.5,0.01,181,226066,买盘,002298,2025-10-17 22:53:51
10:30:54,12.49,-0.01,19,23734,卖盘,002298,2025-10-17 22:53:51
10:30:57,12.49,0.0,137,171150,卖盘,002298,2025-10-17 22:53:51
10:31:00,12.49,0.0,277,346199,卖盘,002298,2025-10-17 22:53:51
10:31:03,12.49,0.0,125,156106,卖盘,002298,2025-10-17 22:53:51
10:31:06,12.49,0.0,11,13739,买盘,002298,2025-10-17 22:53:51
10:31:09,12.49,0.0,81,101160,买盘,002298,2025-10-17 22:53:51
10:31:12,12.49,0.0,231,288425,买盘,002298,2025-10-17 22:53:51
10:31:15,12.48,-0.01,198,247170,卖盘,002298,2025-10-17 22:53:51
10:31:18,12.49,0.01,24,29979,买盘,002298,2025-10-17 22:53:51
10:31:21,12.5,0.01,94,117342,买盘,002298,2025-10-17 22:53:51
10:31:24,12.49,-0.01,38,47453,中性盘,002298,2025-10-17 22:53:51
10:31:27,12.49,0.0,49,61196,卖盘,002298,2025-10-17 22:53:51
10:31:30,12.5,0.01,248,309931,买盘,002298,2025-10-17 22:53:51
10:31:33,12.49,-0.01,24,29986,卖盘,002298,2025-10-17 22:53:51
10:31:36,12.5,0.01,139,173655,买盘,002298,2025-10-17 22:53:51
10:31:39,12.5,0.0,164,204882,买盘,002298,2025-10-17 22:53:51
10:31:42,12.5,0.0,120,149932,买盘,002298,2025-10-17 22:53:51
10:31:45,12.5,0.0,197,246249,买盘,002298,2025-10-17 22:53:51
10:31:48,12.5,0.0,361,451221,买盘,002298,2025-10-17 22:53:51
10:31:51,12.5,0.0,247,309161,买盘,002298,2025-10-17 22:53:51
10:31:54,12.5,0.0,46,57503,卖盘,002298,2025-10-17 22:53:51
10:31:57,12.51,0.01,61,76257,买盘,002298,2025-10-17 22:53:51
10:32:00,12.51,0.0,70,87553,买盘,002298,2025-10-17 22:53:51
10:32:03,12.5,-0.01,424,530082,卖盘,002298,2025-10-17 22:53:51
10:32:06,12.51,0.01,53,66303,买盘,002298,2025-10-17 22:53:51
10:32:09,12.51,0.0,66,82559,买盘,002298,2025-10-17 22:53:51
10:32:12,12.51,0.0,124,155073,买盘,002298,2025-10-17 22:53:51
10:32:15,12.52,0.01,129,161503,买盘,002298,2025-10-17 22:53:51
10:32:18,12.52,0.0,100,125200,买盘,002298,2025-10-17 22:53:51
10:32:21,12.52,0.0,52,65097,买盘,002298,2025-10-17 22:53:51
10:32:24,12.52,0.0,199,249133,买盘,002298,2025-10-17 22:53:51
10:32:27,12.51,-0.01,168,210325,卖盘,002298,2025-10-17 22:53:51
10:32:30,12.53,0.02,479,600042,买盘,002298,2025-10-17 22:53:51
10:32:33,12.53,0.0,34,42602,卖盘,002298,2025-10-17 22:53:51
10:32:36,12.54,0.01,85,106592,买盘,002298,2025-10-17 22:53:51
10:32:39,12.55,0.01,49,61450,买盘,002298,2025-10-17 22:53:51
10:32:42,12.55,0.0,339,425381,买盘,002298,2025-10-17 22:53:51
10:32:45,12.54,-0.01,474,594420,卖盘,002298,2025-10-17 22:53:51
10:32:48,12.55,0.01,114,142993,买盘,002298,2025-10-17 22:53:51
10:32:51,12.55,0.0,73,91608,买盘,002298,2025-10-17 22:53:51
10:32:54,12.54,-0.01,245,307459,卖盘,002298,2025-10-17 22:53:51
10:32:57,12.55,0.01,137,171914,买盘,002298,2025-10-17 22:53:51
10:33:00,12.55,0.0,504,632463,买盘,002298,2025-10-17 22:53:51
10:33:03,12.56,0.01,80,100412,买盘,002298,2025-10-17 22:53:51
10:33:06,12.55,-0.01,368,461834,卖盘,002298,2025-10-17 22:53:51
10:33:09,12.55,0.0,483,606095,买盘,002298,2025-10-17 22:53:51
10:33:12,12.55,0.0,979,1227866,买盘,002298,2025-10-17 22:53:51
10:33:15,12.56,0.01,113,141824,买盘,002298,2025-10-17 22:53:51
10:33:18,12.56,0.0,1319,1655138,买盘,002298,2025-10-17 22:53:51
10:33:21,12.56,0.0,13,16328,卖盘,002298,2025-10-17 22:53:51
10:33:24,12.57,0.01,260,326740,买盘,002298,2025-10-17 22:53:51
10:33:27,12.57,0.0,31,38975,卖盘,002298,2025-10-17 22:53:51
10:33:30,12.58,0.01,516,649029,买盘,002298,2025-10-17 22:53:51
10:33:33,12.56,-0.02,573,720235,卖盘,002298,2025-10-17 22:53:51
10:33:36,12.56,0.0,802,1008052,卖盘,002298,2025-10-17 22:53:51
10:33:39,12.55,-0.01,370,464766,卖盘,002298,2025-10-17 22:53:51
10:33:42,12.55,0.0,1322,1661475,卖盘,002298,2025-10-17 22:53:51
10:33:45,12.55,0.0,153,191982,卖盘,002298,2025-10-17 22:53:51
10:33:48,12.53,-0.02,139,174409,卖盘,002298,2025-10-17 22:53:51
10:33:51,12.56,0.03,247,310079,买盘,002298,2025-10-17 22:53:51
10:33:54,12.53,-0.03,177,221924,卖盘,002298,2025-10-17 22:53:51
10:33:57,12.53,0.0,61,76552,卖盘,002298,2025-10-17 22:53:51
10:34:00,12.53,0.0,162,203102,卖盘,002298,2025-10-17 22:53:51
10:34:03,12.53,0.0,117,146669,卖盘,002298,2025-10-17 22:53:51
10:34:06,12.53,0.0,55,69003,卖盘,002298,2025-10-17 22:53:51
10:34:09,12.55,0.02,110,137952,买盘,002298,2025-10-17 22:53:51
10:34:12,12.53,-0.02,244,305733,卖盘,002298,2025-10-17 22:53:51
10:34:15,12.53,0.0,275,344470,买盘,002298,2025-10-17 22:53:51
10:34:18,12.52,-0.01,108,135274,卖盘,002298,2025-10-17 22:53:51
10:34:21,12.52,0.0,179,224121,卖盘,002298,2025-10-17 22:53:51
10:34:24,12.51,-0.01,433,541829,卖盘,002298,2025-10-17 22:53:51
10:34:27,12.51,0.0,121,151453,卖盘,002298,2025-10-17 22:53:51
10:34:30,12.51,0.0,98,122618,卖盘,002298,2025-10-17 22:53:51
10:34:33,12.51,0.0,212,265063,买盘,002298,2025-10-17 22:53:51
10:34:36,12.51,0.0,66,82561,买盘,002298,2025-10-17 22:53:51
10:34:39,12.5,-0.01,138,172550,卖盘,002298,2025-10-17 22:53:51
10:34:42,12.5,0.0,97,121251,卖盘,002298,2025-10-17 22:53:51
10:34:45,12.5,0.0,128,160033,卖盘,002298,2025-10-17 22:53:51
10:34:48,12.5,0.0,380,475004,卖盘,002298,2025-10-17 22:53:51
10:34:51,12.51,0.01,107,133801,买盘,002298,2025-10-17 22:53:51
10:34:54,12.5,-0.01,66,82511,卖盘,002298,2025-10-17 22:53:51
10:34:57,12.5,0.0,68,85022,卖盘,002298,2025-10-17 22:53:51
10:35:00,12.5,0.0,176,220017,卖盘,002298,2025-10-17 22:53:51
10:35:03,12.5,0.0,190,237505,卖盘,002298,2025-10-17 22:53:51
10:35:06,12.5,0.0,126,157559,卖盘,002298,2025-10-17 22:53:51
10:35:09,12.5,0.0,118,147522,卖盘,002298,2025-10-17 22:53:51
10:35:12,12.51,0.01,103,128847,买盘,002298,2025-10-17 22:53:51
10:35:15,12.5,-0.01,176,220039,卖盘,002298,2025-10-17 22:53:51
10:35:18,12.5,0.0,236,294600,卖盘,002298,2025-10-17 22:53:51
10:35:21,12.5,0.0,71,88758,买盘,002298,2025-10-17 22:53:51
10:35:24,12.5,0.0,32,40416,买盘,002298,2025-10-17 22:53:51
10:35:27,12.51,0.01,394,492503,买盘,002298,2025-10-17 22:53:51
10:35:30,12.52,0.01,177,221386,买盘,002298,2025-10-17 22:53:51
10:35:33,12.51,-0.01,86,107509,卖盘,002298,2025-10-17 22:53:51
10:35:36,12.51,0.0,19,23861,卖盘,002298,2025-10-17 22:53:51
10:35:39,12.52,0.01,91,113856,买盘,002298,2025-10-17 22:53:51
10:35:42,12.52,0.0,28,35050,买盘,002298,2025-10-17 22:53:51
10:35:45,12.51,-0.01,12,15012,卖盘,002298,2025-10-17 22:53:51
10:35:48,12.51,0.0,153,191390,卖盘,002298,2025-10-17 22:53:51
10:35:51,12.5,-0.01,128,160055,卖盘,002298,2025-10-17 22:53:51
10:35:54,12.5,0.0,200,250100,卖盘,002298,2025-10-17 22:53:51
10:35:57,12.5,0.0,769,961257,卖盘,002298,2025-10-17 22:53:51
10:36:00,12.5,0.0,435,543002,买盘,002298,2025-10-17 22:53:51
10:36:03,12.49,-0.01,276,344475,中性盘,002298,2025-10-17 22:53:51
10:36:06,12.48,-0.01,30,37458,卖盘,002298,2025-10-17 22:53:51
10:36:09,12.49,0.01,50,62489,中性盘,002298,2025-10-17 22:53:51
10:36:12,12.49,0.0,752,938513,买盘,002298,2025-10-17 22:53:51
10:36:15,12.48,-0.01,182,227138,卖盘,002298,2025-10-17 22:53:51
10:36:18,12.47,-0.01,155,193502,卖盘,002298,2025-10-17 22:53:51
10:36:21,12.48,0.01,131,163502,买盘,002298,2025-10-17 22:53:51
10:36:24,12.47,-0.01,56,69875,卖盘,002298,2025-10-17 22:53:51
10:36:27,12.48,0.01,147,183371,买盘,002298,2025-10-17 22:53:51
10:36:30,12.48,0.0,134,167127,买盘,002298,2025-10-17 22:53:51
10:36:33,12.47,-0.01,278,346666,卖盘,002298,2025-10-17 22:53:51
10:36:36,12.46,-0.01,114,142155,卖盘,002298,2025-10-17 22:53:51
10:36:39,12.47,0.01,611,762002,买盘,002298,2025-10-17 22:53:51
10:36:42,12.46,-0.01,403,502515,卖盘,002298,2025-10-17 22:53:51
10:36:45,12.47,0.01,150,187105,买盘,002298,2025-10-17 22:53:51
10:36:48,12.47,0.0,223,278103,卖盘,002298,2025-10-17 22:53:51
10:36:51,12.48,0.01,461,575237,买盘,002298,2025-10-17 22:53:51
10:36:54,12.48,0.0,81,101039,卖盘,002298,2025-10-17 22:53:51
10:36:57,12.48,0.0,53,66144,卖盘,002298,2025-10-17 22:53:51
10:37:00,12.47,-0.01,54,67391,卖盘,002298,2025-10-17 22:53:51
10:37:03,12.47,0.0,71,88564,卖盘,002298,2025-10-17 22:53:51
10:37:06,12.47,0.0,121,150933,卖盘,002298,2025-10-17 22:53:51
10:37:09,12.48,0.01,342,426628,买盘,002298,2025-10-17 22:53:51
10:37:12,12.47,-0.01,199,248160,卖盘,002298,2025-10-17 22:53:51
10:37:15,12.47,0.0,89,111045,买盘,002298,2025-10-17 22:53:51
10:37:18,12.47,0.0,59,73575,卖盘,002298,2025-10-17 22:53:51
10:37:21,12.48,0.01,149,185808,买盘,002298,2025-10-17 22:53:51
10:37:24,12.47,-0.01,186,231942,卖盘,002298,2025-10-17 22:53:51
10:37:27,12.46,-0.01,209,260500,卖盘,002298,2025-10-17 22:53:51
10:37:30,12.47,0.01,164,204518,买盘,002298,2025-10-17 22:53:51
10:37:33,12.47,0.0,104,129688,卖盘,002298,2025-10-17 22:53:51
10:37:36,12.47,0.0,136,169598,卖盘,002298,2025-10-17 22:53:51
10:37:39,12.47,0.0,412,513784,卖盘,002298,2025-10-17 22:53:51
10:37:42,12.47,0.0,214,266865,卖盘,002298,2025-10-17 22:53:51
10:37:45,12.46,-0.01,81,100984,卖盘,002298,2025-10-17 22:53:51
10:37:48,12.47,0.01,78,97239,买盘,002298,2025-10-17 22:53:51
10:37:51,12.47,0.0,462,575700,买盘,002298,2025-10-17 22:53:51
10:37:54,12.46,-0.01,40,49865,卖盘,002298,2025-10-17 22:53:51
10:37:57,12.47,0.01,97,120955,买盘,002298,2025-10-17 22:53:51
10:38:00,12.46,-0.01,220,274131,卖盘,002298,2025-10-17 22:53:51
10:38:03,12.46,0.0,721,898574,卖盘,002298,2025-10-17 22:53:51
10:38:06,12.46,0.0,308,383768,卖盘,002298,2025-10-17 22:53:51
10:38:09,12.45,-0.01,153,190611,卖盘,002298,2025-10-17 22:53:51
10:38:12,12.46,0.01,166,206799,买盘,002298,2025-10-17 22:53:51
10:38:15,12.46,0.0,187,232900,买盘,002298,2025-10-17 22:53:51
10:38:18,12.45,-0.01,115,143250,卖盘,002298,2025-10-17 22:53:51
10:38:21,12.46,0.01,169,210498,中性盘,002298,2025-10-17 22:53:51
10:38:24,12.46,0.0,73,90934,买盘,002298,2025-10-17 22:53:51
10:38:27,12.46,0.0,103,128338,卖盘,002298,2025-10-17 22:53:51
10:38:30,12.46,0.0,190,236741,卖盘,002298,2025-10-17 22:53:51
10:38:33,12.46,0.0,272,338912,买盘,002298,2025-10-17 22:53:51
10:38:36,12.46,0.0,62,77221,买盘,002298,2025-10-17 22:53:51
10:38:39,12.46,0.0,123,153197,买盘,002298,2025-10-17 22:53:51
10:38:42,12.46,0.0,133,165645,买盘,002298,2025-10-17 22:53:51
10:38:45,12.46,0.0,181,225501,买盘,002298,2025-10-17 22:53:51
10:38:48,12.46,0.0,289,360061,买盘,002298,2025-10-17 22:53:51
10:38:51,12.45,-0.01,2150,2676807,卖盘,002298,2025-10-17 22:53:51
10:38:54,12.46,0.01,20,24922,卖盘,002298,2025-10-17 22:53:51
10:38:57,12.46,0.0,254,316484,卖盘,002298,2025-10-17 22:53:51
10:39:00,12.46,0.0,41,51084,买盘,002298,2025-10-17 22:53:51
10:39:03,12.46,0.0,241,300157,买盘,002298,2025-10-17 22:53:51
10:39:06,12.46,0.0,101,125801,买盘,002298,2025-10-17 22:53:51
10:39:09,12.44,-0.02,6424,7986831,卖盘,002298,2025-10-17 22:53:51
10:39:12,12.44,0.0,39,48514,买盘,002298,2025-10-17 22:53:51
10:39:15,12.43,-0.01,90,111860,中性盘,002298,2025-10-17 22:53:51
10:39:18,12.42,-0.01,170,211256,卖盘,002298,2025-10-17 22:53:51
10:39:21,12.43,0.01,198,245986,买盘,002298,2025-10-17 22:53:51
10:39:24,12.43,0.0,69,85737,买盘,002298,2025-10-17 22:53:51
10:39:27,12.42,-0.01,112,139151,卖盘,002298,2025-10-17 22:53:51
10:39:30,12.42,0.0,106,131681,卖盘,002298,2025-10-17 22:53:51
10:39:33,12.43,0.01,1130,1403488,买盘,002298,2025-10-17 22:53:51
10:39:36,12.43,0.0,130,161508,买盘,002298,2025-10-17 22:53:51
10:39:39,12.42,-0.01,146,181366,卖盘,002298,2025-10-17 22:53:51
10:39:42,12.43,0.01,162,201365,买盘,002298,2025-10-17 22:53:51
10:39:45,12.43,0.0,885,1099298,买盘,002298,2025-10-17 22:53:51
10:39:48,12.43,0.0,176,218714,买盘,002298,2025-10-17 22:53:51
10:39:51,12.43,0.0,421,522867,卖盘,002298,2025-10-17 22:53:51
10:39:54,12.44,0.01,360,447696,买盘,002298,2025-10-17 22:53:51
10:39:57,12.43,-0.01,74,91981,卖盘,002298,2025-10-17 22:53:51
10:40:00,12.43,0.0,161,200121,买盘,002298,2025-10-17 22:53:51
10:40:03,12.44,0.01,250,310778,买盘,002298,2025-10-17 22:53:51
10:40:06,12.43,-0.01,66,82038,卖盘,002298,2025-10-17 22:53:51
10:40:09,12.43,0.0,113,140466,卖盘,002298,2025-10-17 22:53:51
10:40:12,12.44,0.01,37,46009,买盘,002298,2025-10-17 22:53:51
10:40:15,12.43,-0.01,63,78368,卖盘,002298,2025-10-17 22:53:51
10:40:18,12.44,0.01,46,57221,买盘,002298,2025-10-17 22:53:51
10:40:21,12.44,0.0,607,754521,买盘,002298,2025-10-17 22:53:51
10:40:24,12.43,-0.01,78,96954,买盘,002298,2025-10-17 22:53:51
10:40:27,12.43,0.0,85,105651,买盘,002298,2025-10-17 22:53:51
10:40:30,12.43,0.0,75,93226,卖盘,002298,2025-10-17 22:53:51
10:40:33,12.43,0.0,121,150433,卖盘,002298,2025-10-17 22:53:51
10:40:36,12.43,0.0,174,216362,卖盘,002298,2025-10-17 22:53:51
10:40:39,12.43,0.0,144,179046,卖盘,002298,2025-10-17 22:53:51
10:40:42,12.44,0.01,148,184016,买盘,002298,2025-10-17 22:53:51
10:40:45,12.44,0.0,68,84592,卖盘,002298,2025-10-17 22:53:51
10:40:48,12.44,0.0,88,109497,卖盘,002298,2025-10-17 22:53:51
10:40:51,12.45,0.01,116,144321,买盘,002298,2025-10-17 22:53:51
10:40:54,12.44,-0.01,203,252606,卖盘,002298,2025-10-17 22:53:51
10:40:57,12.45,0.01,246,306234,买盘,002298,2025-10-17 22:53:51
10:41:00,12.44,-0.01,61,75905,卖盘,002298,2025-10-17 22:53:51
10:41:03,12.45,0.01,32,39829,买盘,002298,2025-10-17 22:53:51
10:41:06,12.44,-0.01,96,119471,卖盘,002298,2025-10-17 22:53:51
10:41:09,12.45,0.01,73,90864,买盘,002298,2025-10-17 22:53:51
10:41:12,12.44,-0.01,223,277434,卖盘,002298,2025-10-17 22:53:51
10:41:15,12.44,0.0,94,116978,买盘,002298,2025-10-17 22:53:51
10:41:18,12.44,0.0,45,55995,卖盘,002298,2025-10-17 22:53:51
10:41:21,12.44,0.0,26,32354,卖盘,002298,2025-10-17 22:53:51
10:41:24,12.44,0.0,111,138127,卖盘,002298,2025-10-17 22:53:51
10:41:27,12.44,0.0,83,103255,卖盘,002298,2025-10-17 22:53:51
10:41:30,12.44,0.0,101,125653,卖盘,002298,2025-10-17 22:53:51
10:41:33,12.45,0.01,72,89590,买盘,002298,2025-10-17 22:53:51
10:41:36,12.45,0.0,73,90836,买盘,002298,2025-10-17 22:53:51
10:41:39,12.45,0.0,323,401888,买盘,002298,2025-10-17 22:53:51
10:41:42,12.44,-0.01,200,248886,卖盘,002298,2025-10-17 22:53:51
10:41:45,12.44,0.0,353,439154,卖盘,002298,2025-10-17 22:53:51
10:41:48,12.44,0.0,201,250098,卖盘,002298,2025-10-17 22:53:51
10:41:51,12.44,0.0,57,70908,买盘,002298,2025-10-17 22:53:51
10:41:54,12.43,-0.01,269,334401,卖盘,002298,2025-10-17 22:53:51
10:41:57,12.44,0.01,91,113203,买盘,002298,2025-10-17 22:53:51
10:42:00,12.44,0.0,52,64655,买盘,002298,2025-10-17 22:53:51
10:42:03,12.43,-0.01,391,486177,卖盘,002298,2025-10-17 22:53:51
10:42:06,12.43,0.0,296,368173,卖盘,002298,2025-10-17 22:53:51
10:42:09,12.43,0.0,98,121905,卖盘,002298,2025-10-17 22:53:51
10:42:12,12.44,0.01,53,65920,卖盘,002298,2025-10-17 22:53:51
10:42:15,12.44,0.0,55,68396,买盘,002298,2025-10-17 22:53:51
10:42:18,12.44,0.0,210,261078,买盘,002298,2025-10-17 22:53:51
10:42:21,12.44,0.0,132,164182,买盘,002298,2025-10-17 22:53:51
10:42:24,12.44,0.0,280,348130,买盘,002298,2025-10-17 22:53:51
10:42:27,12.44,0.0,43,53492,买盘,002298,2025-10-17 22:53:51
10:42:30,12.44,0.0,143,177892,卖盘,002298,2025-10-17 22:53:51
10:42:33,12.44,0.0,48,59733,买盘,002298,2025-10-17 22:53:51
10:42:36,12.43,-0.01,215,267492,卖盘,002298,2025-10-17 22:53:51
10:42:39,12.44,0.01,152,188997,买盘,002298,2025-10-17 22:53:51
10:42:42,12.44,0.0,86,106983,买盘,002298,2025-10-17 22:53:51
10:42:45,12.44,0.0,31,38543,买盘,002298,2025-10-17 22:53:51
10:42:48,12.44,0.0,162,201468,买盘,002298,2025-10-17 22:53:51
10:42:51,12.44,0.0,279,346911,买盘,002298,2025-10-17 22:53:51
10:42:54,12.44,0.0,92,114371,买盘,002298,2025-10-17 22:53:51
10:42:57,12.44,0.0,51,63439,买盘,002298,2025-10-17 22:53:51
10:43:00,12.43,-0.01,114,141787,卖盘,002298,2025-10-17 22:53:51
10:43:03,12.44,0.01,249,309643,买盘,002298,2025-10-17 22:53:51
10:43:06,12.44,0.0,108,134315,买盘,002298,2025-10-17 22:53:51
10:43:09,12.44,0.0,42,52244,卖盘,002298,2025-10-17 22:53:51
10:43:12,12.45,0.01,186,231325,买盘,002298,2025-10-17 22:53:51
10:43:15,12.45,0.0,78,97064,买盘,002298,2025-10-17 22:53:51
10:43:18,12.44,-0.01,26,32348,卖盘,002298,2025-10-17 22:53:51
10:43:21,12.45,0.01,281,349724,买盘,002298,2025-10-17 22:53:51
10:43:24,12.44,-0.01,213,264980,卖盘,002298,2025-10-17 22:53:51
10:43:27,12.44,0.0,148,184140,卖盘,002298,2025-10-17 22:53:51
10:43:30,12.44,0.0,41,51018,卖盘,002298,2025-10-17 22:53:51
10:43:33,12.44,0.0,225,280073,卖盘,002298,2025-10-17 22:53:51
10:43:36,12.45,0.01,134,166705,买盘,002298,2025-10-17 22:53:51
10:43:39,12.45,0.0,39,48551,买盘,002298,2025-10-17 22:53:51
10:43:42,12.44,-0.01,106,131915,卖盘,002298,2025-10-17 22:53:51
10:43:45,12.44,0.0,31,38582,卖盘,002298,2025-10-17 22:53:51
10:43:48,12.45,0.01,85,105765,买盘,002298,2025-10-17 22:53:51
10:43:51,12.45,0.0,62,77136,买盘,002298,2025-10-17 22:53:51
10:43:54,12.45,0.0,49,61002,买盘,002298,2025-10-17 22:53:51
10:43:57,12.44,-0.01,94,117005,卖盘,002298,2025-10-17 22:53:51
10:44:00,12.45,0.01,173,215227,买盘,002298,2025-10-17 22:53:51
10:44:03,12.44,-0.01,141,175443,卖盘,002298,2025-10-17 22:53:51
10:44:06,12.45,0.01,65,80882,买盘,002298,2025-10-17 22:53:51
10:44:09,12.44,-0.01,53,65941,卖盘,002298,2025-10-17 22:53:51
10:44:12,12.45,0.01,63,78423,买盘,002298,2025-10-17 22:53:51
10:44:15,12.45,0.0,134,166786,买盘,002298,2025-10-17 22:53:51
10:44:18,12.45,0.0,59,73444,买盘,002298,2025-10-17 22:53:51
10:44:21,12.45,0.0,195,242750,买盘,002298,2025-10-17 22:53:51
10:44:24,12.45,0.0,112,139436,卖盘,002298,2025-10-17 22:53:51
10:44:27,12.45,0.0,91,113252,卖盘,002298,2025-10-17 22:53:51
10:44:30,12.45,0.0,49,61000,买盘,002298,2025-10-17 22:53:51
10:44:33,12.45,0.0,92,114495,买盘,002298,2025-10-17 22:53:51
10:44:36,12.45,0.0,184,229051,买盘,002298,2025-10-17 22:53:51
10:44:39,12.45,0.0,255,317415,买盘,002298,2025-10-17 22:53:51
10:44:42,12.46,0.01,85,105804,买盘,002298,2025-10-17 22:53:51
10:44:45,12.46,0.0,112,139464,买盘,002298,2025-10-17 22:53:51
10:44:48,12.45,-0.01,40,49809,卖盘,002298,2025-10-17 22:53:51
10:44:51,12.46,0.01,250,311488,买盘,002298,2025-10-17 22:53:51
10:44:54,12.46,0.0,94,117124,卖盘,002298,2025-10-17 22:53:51
10:44:57,12.46,0.0,134,166965,卖盘,002298,2025-10-17 22:53:51
10:45:00,12.46,0.0,234,291593,卖盘,002298,2025-10-17 22:53:51
10:45:03,12.45,-0.01,41,51057,卖盘,002298,2025-10-17 22:53:51
10:45:06,12.45,0.0,95,118351,卖盘,002298,2025-10-17 22:53:51
10:45:09,12.46,0.01,128,159487,买盘,002298,2025-10-17 22:53:51
10:45:12,12.46,0.0,21,26149,买盘,002298,2025-10-17 22:53:51
10:45:15,12.46,0.0,58,72264,买盘,002298,2025-10-17 22:53:51
10:45:18,12.46,0.0,176,219296,买盘,002298,2025-10-17 22:53:51
10:45:21,12.46,0.0,133,165718,卖盘,002298,2025-10-17 22:53:51
10:45:24,12.47,0.01,27,33650,买盘,002298,2025-10-17 22:53:51
10:45:27,12.46,-0.01,64,79774,卖盘,002298,2025-10-17 22:53:51
10:45:30,12.47,0.01,31,38651,买盘,002298,2025-10-17 22:53:51
10:45:33,12.47,0.0,36,44862,买盘,002298,2025-10-17 22:53:51
10:45:36,12.46,-0.01,110,137119,卖盘,002298,2025-10-17 22:53:51
10:45:39,12.47,0.01,15,18705,买盘,002298,2025-10-17 22:53:51
10:45:42,12.46,-0.01,48,59826,卖盘,002298,2025-10-17 22:53:51
10:45:45,12.46,0.0,33,41137,卖盘,002298,2025-10-17 22:53:51
10:45:48,12.46,0.0,201,250555,卖盘,002298,2025-10-17 22:53:51
10:45:51,12.46,0.0,193,240621,卖盘,002298,2025-10-17 22:53:51
10:45:54,12.46,0.0,145,180682,卖盘,002298,2025-10-17 22:53:51
10:45:57,12.46,0.0,17,21193,卖盘,002298,2025-10-17 22:53:51
10:46:00,12.47,0.01,31,38637,买盘,002298,2025-10-17 22:53:51
10:46:03,12.46,-0.01,84,104714,卖盘,002298,2025-10-17 22:53:51
10:46:06,12.47,0.01,521,649195,买盘,002298,2025-10-17 22:53:51
10:46:09,12.46,-0.01,78,97188,卖盘,002298,2025-10-17 22:53:51
10:46:12,12.46,0.0,44,54812,买盘,002298,2025-10-17 22:53:51
10:46:15,12.45,-0.01,26,32394,卖盘,002298,2025-10-17 22:53:51
10:46:18,12.45,0.0,156,194238,卖盘,002298,2025-10-17 22:53:51
10:46:21,12.45,0.0,218,271410,卖盘,002298,2025-10-17 22:53:51
10:46:24,12.45,0.0,226,281460,卖盘,002298,2025-10-17 22:53:51
10:46:27,12.45,0.0,124,154406,卖盘,002298,2025-10-17 22:53:51
10:46:30,12.45,0.0,192,239066,卖盘,002298,2025-10-17 22:53:51
10:46:33,12.45,0.0,60,74700,卖盘,002298,2025-10-17 22:53:51
10:46:36,12.45,0.0,161,200497,卖盘,002298,2025-10-17 22:53:51
10:46:39,12.45,0.0,38,47332,卖盘,002298,2025-10-17 22:53:51
10:46:42,12.45,0.0,299,372255,卖盘,002298,2025-10-17 22:53:51
10:46:45,12.45,0.0,10,12450,买盘,002298,2025-10-17 22:53:51
10:46:48,12.45,0.0,111,138155,买盘,002298,2025-10-17 22:53:51
10:46:51,12.44,-0.01,91,113265,卖盘,002298,2025-10-17 22:53:51
10:46:54,12.45,0.01,27,33606,买盘,002298,2025-10-17 22:53:51
10:46:57,12.45,0.0,124,154319,买盘,002298,2025-10-17 22:53:51
10:47:00,12.44,-0.01,35,43571,卖盘,002298,2025-10-17 22:53:51
10:47:03,12.44,0.0,412,512586,卖盘,002298,2025-10-17 22:53:51
10:47:06,12.44,0.0,415,516274,卖盘,002298,2025-10-17 22:53:51
10:47:09,12.44,0.0,163,202802,卖盘,002298,2025-10-17 22:53:51
10:47:12,12.45,0.01,117,145550,买盘,002298,2025-10-17 22:53:51
10:47:15,12.44,-0.01,320,398110,卖盘,002298,2025-10-17 22:53:51
10:47:18,12.44,0.0,182,226408,卖盘,002298,2025-10-17 22:53:51
10:47:21,12.44,0.0,539,670889,卖盘,002298,2025-10-17 22:53:51
10:47:24,12.44,0.0,142,176702,买盘,002298,2025-10-17 22:53:51
10:47:27,12.43,-0.01,1523,1893106,卖盘,002298,2025-10-17 22:53:51
10:47:30,12.44,0.01,11,13674,买盘,002298,2025-10-17 22:53:51
10:47:33,12.44,0.0,64,79557,买盘,002298,2025-10-17 22:53:51
10:47:36,12.43,-0.01,124,154172,卖盘,002298,2025-10-17 22:53:51
10:47:39,12.43,0.0,34,42275,卖盘,002298,2025-10-17 22:53:51
10:47:42,12.44,0.01,257,319651,买盘,002298,2025-10-17 22:53:51
10:47:45,12.44,0.0,150,186600,卖盘,002298,2025-10-17 22:53:51
10:47:48,12.44,0.0,66,82104,卖盘,002298,2025-10-17 22:53:51
10:47:51,12.44,0.0,31,38569,卖盘,002298,2025-10-17 22:53:51
10:47:54,12.44,0.0,65,80858,买盘,002298,2025-10-17 22:53:51
10:47:57,12.44,0.0,66,82070,买盘,002298,2025-10-17 22:53:51
10:48:00,12.44,0.0,49,60932,买盘,002298,2025-10-17 22:53:51
10:48:03,12.43,-0.01,345,428851,卖盘,002298,2025-10-17 22:53:51
10:48:06,12.44,0.01,31,38551,买盘,002298,2025-10-17 22:53:51
10:48:09,12.44,0.0,35,43530,买盘,002298,2025-10-17 22:53:51
10:48:12,12.43,-0.01,781,970805,卖盘,002298,2025-10-17 22:53:51
10:48:15,12.43,0.0,2238,2779784,买盘,002298,2025-10-17 22:53:51
10:48:18,12.42,-0.01,1317,1636107,卖盘,002298,2025-10-17 22:53:51
10:48:21,12.42,0.0,296,367675,卖盘,002298,2025-10-17 22:53:51
10:48:24,12.42,0.0,491,609830,卖盘,002298,2025-10-17 22:53:51
10:48:27,12.41,-0.01,1151,1428473,卖盘,002298,2025-10-17 22:53:51
10:48:30,12.41,0.0,713,885049,卖盘,002298,2025-10-17 22:53:51
10:48:33,12.41,0.0,8532,10584451,卖盘,002298,2025-10-17 22:53:51
10:48:36,12.4,-0.01,160,198462,卖盘,002298,2025-10-17 22:53:51
10:48:39,12.4,0.0,2691,3336891,卖盘,002298,2025-10-17 22:53:51
10:48:42,12.4,0.0,1578,1956722,卖盘,002298,2025-10-17 22:53:51
10:48:45,12.41,0.01,1916,2375964,买盘,002298,2025-10-17 22:53:51
10:48:48,12.4,-0.01,1028,1274733,卖盘,002298,2025-10-17 22:53:51
10:48:51,12.41,0.01,1067,1323320,买盘,002298,2025-10-17 22:53:51
10:48:54,12.4,-0.01,3302,4092999,卖盘,002298,2025-10-17 22:53:51
10:48:57,12.4,0.0,270,334733,买盘,002298,2025-10-17 22:53:51
10:49:00,12.4,0.0,376,466075,买盘,002298,2025-10-17 22:53:51
10:49:03,12.39,-0.01,360,445988,卖盘,002298,2025-10-17 22:53:51
10:49:06,12.39,0.0,277,343032,买盘,002298,2025-10-17 22:53:51
10:49:09,12.36,-0.03,4574,5660221,卖盘,002298,2025-10-17 22:53:51
10:49:12,12.35,-0.01,2372,2929495,卖盘,002298,2025-10-17 22:53:51
10:49:15,12.33,-0.02,167,206011,卖盘,002298,2025-10-17 22:53:51
10:49:18,12.32,-0.01,1195,1472763,卖盘,002298,2025-10-17 22:53:51
10:49:21,12.31,-0.01,1010,1243453,卖盘,002298,2025-10-17 22:53:51
10:49:24,12.3,-0.01,4616,5676009,卖盘,002298,2025-10-17 22:53:51
10:49:27,12.27,-0.03,493,605396,卖盘,002298,2025-10-17 22:53:51
10:49:30,12.27,0.0,777,952967,买盘,002298,2025-10-17 22:53:51
10:49:33,12.25,-0.02,832,1019480,卖盘,002298,2025-10-17 22:53:51
10:49:36,12.25,0.0,891,1091775,卖盘,002298,2025-10-17 22:53:51
10:49:39,12.24,-0.01,489,598781,卖盘,002298,2025-10-17 22:53:51
10:49:42,12.24,0.0,1120,1370226,买盘,002298,2025-10-17 22:53:51
10:49:45,12.22,-0.02,1350,1650604,卖盘,002298,2025-10-17 22:53:51
10:49:48,12.22,0.0,1628,1989806,卖盘,002298,2025-10-17 22:53:51
10:49:51,12.22,0.0,1260,1539147,中性盘,002298,2025-10-17 22:53:51
10:49:54,12.21,-0.01,1981,2420220,卖盘,002298,2025-10-17 22:53:51
10:49:57,12.22,0.01,671,820115,卖盘,002298,2025-10-17 22:53:51
10:50:00,12.23,0.01,824,1007403,买盘,002298,2025-10-17 22:53:51
10:50:03,12.25,0.02,551,674816,中性盘,002298,2025-10-17 22:53:51
10:50:06,12.27,0.02,543,664237,买盘,002298,2025-10-17 22:53:51
10:50:09,12.26,-0.01,472,578895,卖盘,002298,2025-10-17 22:53:51
10:50:12,12.29,0.03,241,295882,买盘,002298,2025-10-17 22:53:51
10:50:15,12.3,0.01,200,245839,买盘,002298,2025-10-17 22:53:51
10:50:18,12.3,0.0,429,527577,买盘,002298,2025-10-17 22:53:51
10:50:21,12.31,0.01,164,201818,买盘,002298,2025-10-17 22:53:51
10:50:24,12.31,0.0,85,104647,买盘,002298,2025-10-17 22:53:51
10:50:27,12.32,0.01,193,237650,买盘,002298,2025-10-17 22:53:51
10:50:30,12.32,0.0,439,540906,买盘,002298,2025-10-17 22:53:51
10:50:33,12.33,0.01,161,198467,买盘,002298,2025-10-17 22:53:51
10:50:36,12.35,0.02,703,866490,买盘,002298,2025-10-17 22:53:51
10:50:39,12.35,0.0,784,967652,买盘,002298,2025-10-17 22:53:51
10:50:42,12.3,-0.05,3330,4094983,卖盘,002298,2025-10-17 22:53:51
10:50:45,12.3,0.0,345,424189,买盘,002298,2025-10-17 22:53:51
10:50:48,12.3,0.0,344,422558,买盘,002298,2025-10-17 22:53:51
10:50:51,12.29,-0.01,231,283578,中性盘,002298,2025-10-17 22:53:51
10:50:54,12.27,-0.02,326,400446,卖盘,002298,2025-10-17 22:53:51
10:50:57,12.26,-0.01,400,490820,卖盘,002298,2025-10-17 22:53:51
10:51:00,12.26,0.0,300,367959,卖盘,002298,2025-10-17 22:53:51
10:51:03,12.26,0.0,600,735298,买盘,002298,2025-10-17 22:53:51
10:51:06,12.26,0.0,484,593155,买盘,002298,2025-10-17 22:53:51
10:51:09,12.26,0.0,595,729507,卖盘,002298,2025-10-17 22:53:51
10:51:12,12.26,0.0,643,789042,卖盘,002298,2025-10-17 22:53:51
10:51:15,12.27,0.01,1106,1355914,买盘,002298,2025-10-17 22:53:51
10:51:18,12.28,0.01,280,343537,买盘,002298,2025-10-17 22:53:51
10:51:21,12.28,0.0,173,212317,买盘,002298,2025-10-17 22:53:51
10:51:24,12.29,0.01,129,158443,买盘,002298,2025-10-17 22:53:51
10:51:27,12.29,0.0,170,208857,买盘,002298,2025-10-17 22:53:51
10:51:30,12.3,0.01,232,285210,买盘,002298,2025-10-17 22:53:51
10:51:33,12.31,0.01,89,109490,买盘,002298,2025-10-17 22:53:51
10:51:36,12.31,0.0,165,203059,卖盘,002298,2025-10-17 22:53:51
10:51:39,12.31,0.0,154,189724,卖盘,002298,2025-10-17 22:53:51
10:51:42,12.31,0.0,497,611905,卖盘,002298,2025-10-17 22:53:51
10:51:45,12.31,0.0,165,203113,买盘,002298,2025-10-17 22:53:51
10:51:48,12.3,-0.01,618,760745,卖盘,002298,2025-10-17 22:53:51
10:51:51,12.32,0.02,55,67734,中性盘,002298,2025-10-17 22:53:51
10:51:54,12.31,-0.01,116,142856,卖盘,002298,2025-10-17 22:53:51
10:51:57,12.33,0.02,170,209578,买盘,002298,2025-10-17 22:53:51
10:52:00,12.33,0.0,233,287249,买盘,002298,2025-10-17 22:53:51
10:52:03,12.3,-0.03,1040,1280466,卖盘,002298,2025-10-17 22:53:51
10:52:06,12.3,0.0,327,402191,买盘,002298,2025-10-17 22:53:51
10:52:09,12.3,0.0,889,1093318,买盘,002298,2025-10-17 22:53:51
10:52:12,12.3,0.0,367,451388,买盘,002298,2025-10-17 22:53:51
