时间,成交价,价格变动,成交量,成交额,买卖盘性质,股票代码,采集时间
09:25:00,7.55,0.0,232905,175843275,卖盘,002370,2025-10-17 22:54:40
09:30:00,7.53,-0.02,40448,30366696,卖盘,002370,2025-10-17 22:54:40
09:30:03,7.5,-0.03,61017,45909450,中性盘,002370,2025-10-17 22:54:40
09:30:06,7.45,-0.05,5254,3936034,卖盘,002370,2025-10-17 22:54:40
09:30:09,7.45,0.0,16489,12274420,卖盘,002370,2025-10-17 22:54:40
09:30:12,7.41,-0.04,7287,5440346,卖盘,002370,2025-10-17 22:54:40
09:30:15,7.41,0.0,10426,7744204,卖盘,002370,2025-10-17 22:54:40
09:30:18,7.39,-0.02,8119,6017486,卖盘,002370,2025-10-17 22:54:40
09:30:21,7.38,-0.01,4757,3512827,卖盘,002370,2025-10-17 22:54:40
09:30:24,7.36,-0.02,5087,3755532,中性盘,002370,2025-10-17 22:54:40
09:30:27,7.35,-0.01,10646,7836076,卖盘,002370,2025-10-17 22:54:40
09:30:30,7.34,-0.01,18043,13266298,卖盘,002370,2025-10-17 22:54:40
09:30:33,7.34,0.0,11733,8617863,卖盘,002370,2025-10-17 22:54:40
09:30:36,7.33,-0.01,8462,6207728,卖盘,002370,2025-10-17 22:54:40
09:30:39,7.32,-0.01,9981,7313784,卖盘,002370,2025-10-17 22:54:40
09:30:42,7.31,-0.01,8632,6312296,卖盘,002370,2025-10-17 22:54:40
09:30:45,7.3,-0.01,10746,7851434,卖盘,002370,2025-10-17 22:54:40
09:30:48,7.29,-0.01,3088,2253280,卖盘,002370,2025-10-17 22:54:40
09:30:51,7.27,-0.02,4713,3431870,卖盘,002370,2025-10-17 22:54:40
09:30:54,7.26,-0.01,1494,1085793,卖盘,002370,2025-10-17 22:54:40
09:30:57,7.25,-0.01,2083,1511024,卖盘,002370,2025-10-17 22:54:40
09:31:00,7.23,-0.02,2571,1858808,卖盘,002370,2025-10-17 22:54:40
09:31:03,7.22,-0.01,3354,2422225,卖盘,002370,2025-10-17 22:54:40
09:31:06,7.21,-0.01,5070,3654371,卖盘,002370,2025-10-17 22:54:40
09:31:09,7.17,-0.04,9390,6738525,卖盘,002370,2025-10-17 22:54:40
09:31:12,7.18,0.01,9617,6898904,买盘,002370,2025-10-17 22:54:40
09:31:15,7.18,0.0,30831,22169075,买盘,002370,2025-10-17 22:54:40
09:31:18,7.17,-0.01,10496,7545231,卖盘,002370,2025-10-17 22:54:40
09:31:21,7.18,0.01,8682,6228970,买盘,002370,2025-10-17 22:54:40
09:31:24,7.18,0.0,10402,7466010,买盘,002370,2025-10-17 22:54:40
09:31:27,7.17,-0.01,20285,14590528,卖盘,002370,2025-10-17 22:54:40
09:31:30,7.24,0.07,13905,10019960,买盘,002370,2025-10-17 22:54:40
09:31:33,7.19,-0.05,15899,11492799,卖盘,002370,2025-10-17 22:54:40
09:31:36,7.21,0.02,10016,7261599,买盘,002370,2025-10-17 22:54:40
09:31:39,7.21,0.0,1937,1400994,卖盘,002370,2025-10-17 22:54:40
09:31:42,7.28,0.07,2942,2133433,买盘,002370,2025-10-17 22:54:40
09:31:45,7.28,0.0,7152,5194713,买盘,002370,2025-10-17 22:54:40
09:31:48,7.29,0.01,3549,2581141,买盘,002370,2025-10-17 22:54:40
09:31:51,7.31,0.02,16374,11894563,买盘,002370,2025-10-17 22:54:40
09:31:54,7.3,-0.01,3257,2378486,卖盘,002370,2025-10-17 22:54:40
09:31:57,7.32,0.02,6086,4452362,买盘,002370,2025-10-17 22:54:40
09:32:00,7.35,0.03,9480,6952329,买盘,002370,2025-10-17 22:54:40
09:32:03,7.37,0.02,1573,1157747,买盘,002370,2025-10-17 22:54:40
09:32:06,7.37,0.0,1721,1269992,买盘,002370,2025-10-17 22:54:40
09:32:09,7.38,0.01,1320,974957,卖盘,002370,2025-10-17 22:54:40
09:32:12,7.38,0.0,10978,8129966,卖盘,002370,2025-10-17 22:54:40
09:32:15,7.44,0.06,5200,3866363,买盘,002370,2025-10-17 22:54:40
09:32:18,7.48,0.04,6060,4519879,买盘,002370,2025-10-17 22:54:40
09:32:21,7.5,0.02,3268,2452014,买盘,002370,2025-10-17 22:54:40
09:32:24,7.53,0.03,15172,11419064,买盘,002370,2025-10-17 22:54:40
09:32:27,7.54,0.01,1256,946653,买盘,002370,2025-10-17 22:54:40
09:32:30,7.54,0.0,3442,2596617,买盘,002370,2025-10-17 22:54:40
09:32:33,7.55,0.01,6159,4646011,买盘,002370,2025-10-17 22:54:40
09:32:36,7.54,-0.01,4933,3722314,卖盘,002370,2025-10-17 22:54:40
09:32:39,7.56,0.02,15008,11310841,买盘,002370,2025-10-17 22:54:40
09:32:42,7.57,0.01,3828,2893435,买盘,002370,2025-10-17 22:54:40
09:32:45,7.58,0.01,1575,1192677,买盘,002370,2025-10-17 22:54:40
09:32:48,7.59,0.01,5115,3874117,买盘,002370,2025-10-17 22:54:40
09:32:51,7.61,0.02,3741,2842331,买盘,002370,2025-10-17 22:54:40
09:32:54,7.63,0.02,1758,1339942,买盘,002370,2025-10-17 22:54:40
09:32:57,7.65,0.02,4921,3759389,买盘,002370,2025-10-17 22:54:40
09:33:00,7.66,0.01,2423,1856313,买盘,002370,2025-10-17 22:54:40
09:33:03,7.68,0.02,4585,3517511,买盘,002370,2025-10-17 22:54:40
09:33:06,7.69,0.01,3889,2990264,买盘,002370,2025-10-17 22:54:40
09:33:09,7.7,0.01,8340,6411269,买盘,002370,2025-10-17 22:54:40
09:33:12,7.66,-0.04,17855,13702100,卖盘,002370,2025-10-17 22:54:40
09:33:15,7.7,0.04,17060,13113488,买盘,002370,2025-10-17 22:54:40
09:33:18,7.69,-0.01,9826,7567606,中性盘,002370,2025-10-17 22:54:40
09:33:21,7.7,0.01,5014,3860014,买盘,002370,2025-10-17 22:54:40
09:33:24,7.7,0.0,4477,3447795,买盘,002370,2025-10-17 22:54:40
09:33:27,7.72,0.02,3913,3014871,买盘,002370,2025-10-17 22:54:40
09:33:30,7.74,0.02,3178,2454103,买盘,002370,2025-10-17 22:54:40
09:33:33,7.75,0.01,6367,4922142,买盘,002370,2025-10-17 22:54:40
09:33:36,7.75,0.0,5254,4071136,买盘,002370,2025-10-17 22:54:40
09:33:39,7.77,0.02,7267,5639538,买盘,002370,2025-10-17 22:54:40
09:33:42,7.79,0.02,3334,2590643,买盘,002370,2025-10-17 22:54:40
09:33:45,7.79,0.0,4714,3670617,买盘,002370,2025-10-17 22:54:40
09:33:48,7.8,0.01,6196,4828678,买盘,002370,2025-10-17 22:54:40
09:33:51,7.8,0.0,10935,8518302,买盘,002370,2025-10-17 22:54:40
09:33:54,7.83,0.03,4481,3496302,买盘,002370,2025-10-17 22:54:40
09:33:57,7.84,0.01,1709,1337149,买盘,002370,2025-10-17 22:54:40
09:34:00,7.84,0.0,1975,1549055,买盘,002370,2025-10-17 22:54:40
09:34:03,7.84,0.0,5566,4366325,卖盘,002370,2025-10-17 22:54:40
09:34:06,7.84,0.0,5965,4682783,卖盘,002370,2025-10-17 22:54:40
09:34:09,7.84,0.0,5235,4111154,卖盘,002370,2025-10-17 22:54:40
09:34:12,7.84,0.0,10476,8211788,卖盘,002370,2025-10-17 22:54:40
09:34:15,7.84,0.0,7179,5618991,买盘,002370,2025-10-17 22:54:40
09:34:18,7.81,-0.03,3754,2938466,卖盘,002370,2025-10-17 22:54:40
09:34:21,7.8,-0.01,3825,2990320,卖盘,002370,2025-10-17 22:54:40
09:34:24,7.8,0.0,4899,3826322,卖盘,002370,2025-10-17 22:54:40
09:34:27,7.8,0.0,4156,3240850,买盘,002370,2025-10-17 22:54:40
09:34:30,7.77,-0.03,6156,4791448,卖盘,002370,2025-10-17 22:54:40
09:34:33,7.77,0.0,6690,5208619,买盘,002370,2025-10-17 22:54:40
09:34:36,7.76,-0.01,2439,1893390,卖盘,002370,2025-10-17 22:54:40
09:34:39,7.75,-0.01,5941,4609468,卖盘,002370,2025-10-17 22:54:40
09:34:42,7.75,0.0,6522,5057318,卖盘,002370,2025-10-17 22:54:40
09:34:45,7.74,-0.01,3009,2330537,卖盘,002370,2025-10-17 22:54:40
09:34:48,7.73,-0.01,2345,1814925,卖盘,002370,2025-10-17 22:54:40
09:34:51,7.71,-0.02,1199,926151,卖盘,002370,2025-10-17 22:54:40
09:34:54,7.71,0.0,3798,2930888,卖盘,002370,2025-10-17 22:54:40
09:34:57,7.7,-0.01,2817,2169160,卖盘,002370,2025-10-17 22:54:40
09:35:00,7.69,-0.01,2590,1991873,卖盘,002370,2025-10-17 22:54:40
09:35:03,7.69,0.0,2096,1611851,卖盘,002370,2025-10-17 22:54:40
09:35:06,7.68,-0.01,2983,2292337,买盘,002370,2025-10-17 22:54:40
09:35:09,7.68,0.0,1915,1468724,买盘,002370,2025-10-17 22:54:40
09:35:12,7.65,-0.03,2144,1642401,卖盘,002370,2025-10-17 22:54:40
09:35:15,7.66,0.01,1907,1460646,买盘,002370,2025-10-17 22:54:40
09:35:18,7.64,-0.02,1800,1376332,卖盘,002370,2025-10-17 22:54:40
09:35:21,7.64,0.0,2062,1577124,卖盘,002370,2025-10-17 22:54:40
09:35:24,7.65,0.01,2998,2291630,买盘,002370,2025-10-17 22:54:40
09:35:27,7.64,-0.01,2300,1757077,卖盘,002370,2025-10-17 22:54:40
09:35:30,7.64,0.0,2645,2019918,买盘,002370,2025-10-17 22:54:40
09:35:33,7.63,-0.01,1861,1420815,卖盘,002370,2025-10-17 22:54:40
09:35:36,7.62,-0.01,1320,1006875,卖盘,002370,2025-10-17 22:54:40
09:35:39,7.61,-0.01,1859,1416752,卖盘,002370,2025-10-17 22:54:40
09:35:42,7.6,-0.01,3361,2556295,卖盘,002370,2025-10-17 22:54:40
09:35:45,7.6,0.0,2633,2002340,卖盘,002370,2025-10-17 22:54:40
09:35:48,7.61,0.01,3860,2934263,买盘,002370,2025-10-17 22:54:40
09:35:51,7.6,-0.01,1746,1326480,卖盘,002370,2025-10-17 22:54:40
09:35:54,7.6,0.0,2333,1772879,买盘,002370,2025-10-17 22:54:40
09:35:57,7.59,-0.01,1264,959787,卖盘,002370,2025-10-17 22:54:40
09:36:00,7.58,-0.01,1143,867277,卖盘,002370,2025-10-17 22:54:40
09:36:03,7.58,0.0,3083,2337701,卖盘,002370,2025-10-17 22:54:40
09:36:06,7.56,-0.02,3469,2626823,卖盘,002370,2025-10-17 22:54:40
09:36:09,7.57,0.01,1490,1128624,中性盘,002370,2025-10-17 22:54:40
09:36:12,7.56,-0.01,1963,1485600,卖盘,002370,2025-10-17 22:54:40
09:36:15,7.57,0.01,3236,2448231,买盘,002370,2025-10-17 22:54:40
09:36:18,7.56,-0.01,3460,2616591,卖盘,002370,2025-10-17 22:54:40
09:36:21,7.56,0.0,2283,1725837,买盘,002370,2025-10-17 22:54:40
09:36:24,7.56,0.0,1999,1510957,买盘,002370,2025-10-17 22:54:40
09:36:27,7.57,0.01,6460,4889996,买盘,002370,2025-10-17 22:54:40
09:36:30,7.58,0.01,6442,4877925,买盘,002370,2025-10-17 22:54:40
09:36:33,7.59,0.01,2859,2166636,买盘,002370,2025-10-17 22:54:40
09:36:36,7.6,0.01,2867,2175945,买盘,002370,2025-10-17 22:54:40
09:36:39,7.6,0.0,2803,2128435,买盘,002370,2025-10-17 22:54:40
09:36:42,7.6,0.0,3433,2608408,买盘,002370,2025-10-17 22:54:40
09:36:45,7.6,0.0,2974,2259623,买盘,002370,2025-10-17 22:54:40
09:36:48,7.6,0.0,3809,2894380,买盘,002370,2025-10-17 22:54:40
09:36:51,7.6,0.0,3711,2819459,买盘,002370,2025-10-17 22:54:40
09:36:54,7.6,0.0,3152,2394519,买盘,002370,2025-10-17 22:54:40
09:36:57,7.6,0.0,2644,2009202,买盘,002370,2025-10-17 22:54:40
09:37:00,7.6,0.0,3618,2748874,买盘,002370,2025-10-17 22:54:40
09:37:03,7.6,0.0,3323,2523745,买盘,002370,2025-10-17 22:54:40
09:37:06,7.59,-0.01,2560,1944876,卖盘,002370,2025-10-17 22:54:40
09:37:09,7.6,0.01,1488,1130450,买盘,002370,2025-10-17 22:54:40
09:37:12,7.6,0.0,1860,1413017,买盘,002370,2025-10-17 22:54:40
09:37:15,7.6,0.0,1969,1495727,买盘,002370,2025-10-17 22:54:40
09:37:18,7.6,0.0,2196,1668055,买盘,002370,2025-10-17 22:54:40
09:37:21,7.6,0.0,4463,3390696,买盘,002370,2025-10-17 22:54:40
09:37:24,7.6,0.0,1223,928989,买盘,002370,2025-10-17 22:54:40
09:37:27,7.6,0.0,2585,1964162,买盘,002370,2025-10-17 22:54:40
09:37:30,7.61,0.01,4113,3127594,买盘,002370,2025-10-17 22:54:40
09:37:33,7.61,0.0,953,725036,买盘,002370,2025-10-17 22:54:40
09:37:36,7.61,0.0,2258,1718753,卖盘,002370,2025-10-17 22:54:40
09:37:39,7.62,0.01,1409,1072967,买盘,002370,2025-10-17 22:54:40
09:37:42,7.63,0.01,2081,1584855,买盘,002370,2025-10-17 22:54:40
09:37:45,7.63,0.0,626,477277,买盘,002370,2025-10-17 22:54:40
09:37:48,7.63,0.0,1310,999322,买盘,002370,2025-10-17 22:54:40
09:37:51,7.63,0.0,1222,933078,买盘,002370,2025-10-17 22:54:40
09:37:54,7.64,0.01,984,751308,买盘,002370,2025-10-17 22:54:40
09:37:57,7.65,0.01,1171,894533,买盘,002370,2025-10-17 22:54:40
09:38:00,7.65,0.0,2332,1783853,买盘,002370,2025-10-17 22:54:40
09:38:03,7.66,0.01,2819,2159284,买盘,002370,2025-10-17 22:54:40
09:38:06,7.68,0.02,1172,898228,买盘,002370,2025-10-17 22:54:40
09:38:09,7.67,-0.01,2238,1715858,卖盘,002370,2025-10-17 22:54:40
09:38:12,7.68,0.01,2439,1872922,买盘,002370,2025-10-17 22:54:40
09:38:15,7.68,0.0,1006,772545,买盘,002370,2025-10-17 22:54:40
09:38:18,7.69,0.01,1012,777597,买盘,002370,2025-10-17 22:54:40
09:38:21,7.69,0.0,852,654813,买盘,002370,2025-10-17 22:54:40
09:38:24,7.69,0.0,1474,1133199,买盘,002370,2025-10-17 22:54:40
09:38:27,7.69,0.0,3218,2475317,买盘,002370,2025-10-17 22:54:40
09:38:30,7.69,0.0,1094,841783,卖盘,002370,2025-10-17 22:54:40
09:38:33,7.69,0.0,3226,2483491,卖盘,002370,2025-10-17 22:54:40
09:38:36,7.71,0.02,1142,879242,买盘,002370,2025-10-17 22:54:40
09:38:39,7.71,0.0,535,412114,买盘,002370,2025-10-17 22:54:40
09:38:42,7.71,0.0,1976,1523268,买盘,002370,2025-10-17 22:54:40
09:38:45,7.71,0.0,1381,1065075,买盘,002370,2025-10-17 22:54:40
09:38:48,7.72,0.01,707,545619,买盘,002370,2025-10-17 22:54:40
09:38:51,7.73,0.01,739,570973,买盘,002370,2025-10-17 22:54:40
09:38:54,7.74,0.01,1029,795359,买盘,002370,2025-10-17 22:54:40
09:38:57,7.75,0.01,3862,2990762,买盘,002370,2025-10-17 22:54:40
09:39:00,7.74,-0.01,1704,1320245,卖盘,002370,2025-10-17 22:54:40
09:39:03,7.75,0.01,1315,1020065,中性盘,002370,2025-10-17 22:54:40
09:39:06,7.77,0.02,1020,791537,买盘,002370,2025-10-17 22:54:40
09:39:09,7.77,0.0,1130,877373,买盘,002370,2025-10-17 22:54:40
09:39:12,7.77,0.0,1828,1420637,买盘,002370,2025-10-17 22:54:40
09:39:15,7.78,0.01,1903,1479981,买盘,002370,2025-10-17 22:54:40
09:39:18,7.78,0.0,1746,1357986,买盘,002370,2025-10-17 22:54:40
09:39:21,7.78,0.0,1746,1358947,卖盘,002370,2025-10-17 22:54:40
09:39:24,7.79,0.01,5495,4280384,买盘,002370,2025-10-17 22:54:40
09:39:27,7.8,0.01,1081,842361,买盘,002370,2025-10-17 22:54:40
09:39:30,7.8,0.0,3042,2372323,买盘,002370,2025-10-17 22:54:40
09:39:33,7.8,0.0,7525,5868776,买盘,002370,2025-10-17 22:54:40
09:39:36,7.8,0.0,5574,4347468,买盘,002370,2025-10-17 22:54:40
09:39:39,7.8,0.0,4055,3161090,买盘,002370,2025-10-17 22:54:40
09:39:42,7.8,0.0,4137,3226351,买盘,002370,2025-10-17 22:54:40
09:39:45,7.8,0.0,1940,1513732,卖盘,002370,2025-10-17 22:54:40
09:39:48,7.82,0.02,3254,2539215,买盘,002370,2025-10-17 22:54:40
09:39:51,7.82,0.0,1549,1209581,买盘,002370,2025-10-17 22:54:40
09:39:54,7.82,0.0,2637,2060793,买盘,002370,2025-10-17 22:54:40
09:39:57,7.82,0.0,1364,1066865,卖盘,002370,2025-10-17 22:54:40
09:40:00,7.81,-0.01,4135,3234344,卖盘,002370,2025-10-17 22:54:40
09:40:03,7.8,-0.01,6951,5425871,卖盘,002370,2025-10-17 22:54:40
09:40:06,7.79,-0.01,3131,2443427,卖盘,002370,2025-10-17 22:54:40
09:40:09,7.79,0.0,2670,2083181,卖盘,002370,2025-10-17 22:54:40
09:40:12,7.79,0.0,3173,2473669,卖盘,002370,2025-10-17 22:54:40
09:40:15,7.79,0.0,4161,3242521,卖盘,002370,2025-10-17 22:54:40
09:40:18,7.79,0.0,4098,3191467,卖盘,002370,2025-10-17 22:54:40
09:40:21,7.78,-0.01,2579,2009607,卖盘,002370,2025-10-17 22:54:40
09:40:24,7.78,0.0,2902,2258172,卖盘,002370,2025-10-17 22:54:40
09:40:27,7.78,0.0,3012,2343563,卖盘,002370,2025-10-17 22:54:40
09:40:30,7.78,0.0,1853,1440447,买盘,002370,2025-10-17 22:54:40
09:40:33,7.76,-0.02,1055,819192,卖盘,002370,2025-10-17 22:54:40
09:40:36,7.76,0.0,627,486257,买盘,002370,2025-10-17 22:54:40
09:40:39,7.76,0.0,1220,946169,买盘,002370,2025-10-17 22:54:40
09:40:42,7.76,0.0,2001,1550771,买盘,002370,2025-10-17 22:54:40
09:40:45,7.75,-0.01,2150,1666281,买盘,002370,2025-10-17 22:54:40
09:40:48,7.75,0.0,525,406627,卖盘,002370,2025-10-17 22:54:40
09:40:51,7.74,-0.01,2801,2168555,卖盘,002370,2025-10-17 22:54:40
09:40:54,7.74,0.0,1545,1195685,买盘,002370,2025-10-17 22:54:40
09:40:57,7.74,0.0,1363,1054182,买盘,002370,2025-10-17 22:54:40
09:41:00,7.73,-0.01,1182,914244,卖盘,002370,2025-10-17 22:54:40
09:41:03,7.73,0.0,514,397357,卖盘,002370,2025-10-17 22:54:40
09:41:06,7.73,0.0,8085,6244928,买盘,002370,2025-10-17 22:54:40
09:41:09,7.75,0.02,9623,7453433,买盘,002370,2025-10-17 22:54:40
09:41:12,7.75,0.0,5280,4094993,买盘,002370,2025-10-17 22:54:40
09:41:15,7.78,0.03,14399,11197880,买盘,002370,2025-10-17 22:54:40
09:41:18,7.79,0.01,1821,1417929,买盘,002370,2025-10-17 22:54:40
09:41:21,7.8,0.01,826,643662,买盘,002370,2025-10-17 22:54:40
09:41:24,7.8,0.0,2322,1810454,买盘,002370,2025-10-17 22:54:40
09:41:27,7.8,0.0,2955,2304574,买盘,002370,2025-10-17 22:54:40
09:41:30,7.8,0.0,3918,3055364,买盘,002370,2025-10-17 22:54:40
09:41:33,7.8,0.0,3701,2885340,买盘,002370,2025-10-17 22:54:40
09:41:36,7.79,-0.01,4195,3271166,买盘,002370,2025-10-17 22:54:40
09:41:39,7.79,0.0,1352,1053622,买盘,002370,2025-10-17 22:54:40
09:41:42,7.79,0.0,1889,1472455,卖盘,002370,2025-10-17 22:54:40
09:41:45,7.8,0.01,1518,1183357,买盘,002370,2025-10-17 22:54:40
09:41:48,7.8,0.0,1706,1330206,买盘,002370,2025-10-17 22:54:40
09:41:51,7.8,0.0,3433,2677130,买盘,002370,2025-10-17 22:54:40
09:41:54,7.8,0.0,3486,2717076,买盘,002370,2025-10-17 22:54:40
09:41:57,7.8,0.0,5409,4211208,买盘,002370,2025-10-17 22:54:40
09:42:00,7.79,-0.01,9729,7562273,卖盘,002370,2025-10-17 22:54:40
09:42:03,7.79,0.0,770,599794,买盘,002370,2025-10-17 22:54:40
09:42:06,7.79,0.0,1203,935965,买盘,002370,2025-10-17 22:54:40
09:42:09,7.79,0.0,1210,942168,买盘,002370,2025-10-17 22:54:40
09:42:12,7.78,-0.01,684,531898,中性盘,002370,2025-10-17 22:54:40
09:42:15,7.79,0.01,844,656857,买盘,002370,2025-10-17 22:54:40
09:42:18,7.77,-0.02,946,735926,卖盘,002370,2025-10-17 22:54:40
09:42:21,7.77,0.0,745,579536,卖盘,002370,2025-10-17 22:54:40
09:42:24,7.78,0.01,1063,826321,买盘,002370,2025-10-17 22:54:40
09:42:27,7.78,0.0,1480,1151052,买盘,002370,2025-10-17 22:54:40
09:42:30,7.78,0.0,1007,782764,买盘,002370,2025-10-17 22:54:40
09:42:33,7.78,0.0,1657,1288841,买盘,002370,2025-10-17 22:54:40
09:42:36,7.78,0.0,1545,1201585,买盘,002370,2025-10-17 22:54:40
09:42:39,7.77,-0.01,804,624788,卖盘,002370,2025-10-17 22:54:40
09:42:42,7.77,0.0,886,688493,买盘,002370,2025-10-17 22:54:40
09:42:45,7.76,-0.01,2562,1988740,卖盘,002370,2025-10-17 22:54:40
09:42:48,7.77,0.01,648,503376,中性盘,002370,2025-10-17 22:54:40
09:42:51,7.77,0.0,2224,1726148,买盘,002370,2025-10-17 22:54:40
09:42:54,7.76,-0.01,827,642307,卖盘,002370,2025-10-17 22:54:40
09:42:57,7.77,0.01,2071,1608119,买盘,002370,2025-10-17 22:54:40
09:43:00,7.76,-0.01,1036,804350,卖盘,002370,2025-10-17 22:54:40
09:43:03,7.77,0.01,1042,809028,买盘,002370,2025-10-17 22:54:40
09:43:06,7.76,-0.01,1263,980241,卖盘,002370,2025-10-17 22:54:40
09:43:09,7.76,0.0,4585,3554885,买盘,002370,2025-10-17 22:54:40
09:43:12,7.76,0.0,1214,941774,买盘,002370,2025-10-17 22:54:40
09:43:15,7.75,-0.01,604,468530,卖盘,002370,2025-10-17 22:54:40
09:43:18,7.75,0.0,1301,1009182,卖盘,002370,2025-10-17 22:54:40
09:43:21,7.75,0.0,472,365912,卖盘,002370,2025-10-17 22:54:40
09:43:24,7.75,0.0,859,665624,买盘,002370,2025-10-17 22:54:40
09:43:27,7.74,-0.01,664,514317,卖盘,002370,2025-10-17 22:54:40
09:43:30,7.75,0.01,1310,1014904,买盘,002370,2025-10-17 22:54:40
09:43:33,7.75,0.0,1724,1335266,买盘,002370,2025-10-17 22:54:40
09:43:36,7.75,0.0,2361,1829698,买盘,002370,2025-10-17 22:54:40
09:43:39,7.75,0.0,1162,900126,买盘,002370,2025-10-17 22:54:40
09:43:42,7.75,0.0,1721,1332882,卖盘,002370,2025-10-17 22:54:40
09:43:45,7.75,0.0,542,420182,卖盘,002370,2025-10-17 22:54:40
09:43:48,7.76,0.01,1248,967909,买盘,002370,2025-10-17 22:54:40
09:43:51,7.75,-0.01,1159,898462,卖盘,002370,2025-10-17 22:54:40
09:43:54,7.76,0.01,1228,951671,买盘,002370,2025-10-17 22:54:40
09:43:57,7.76,0.0,703,545340,买盘,002370,2025-10-17 22:54:40
09:44:00,7.76,0.0,1205,934565,买盘,002370,2025-10-17 22:54:40
09:44:03,7.76,0.0,1506,1168467,买盘,002370,2025-10-17 22:54:40
09:44:06,7.77,0.01,5183,4023386,买盘,002370,2025-10-17 22:54:40
09:44:09,7.79,0.02,9184,7142914,买盘,002370,2025-10-17 22:54:40
09:44:12,7.79,0.0,2618,2038464,买盘,002370,2025-10-17 22:54:40
09:44:15,7.8,0.01,9949,7751381,买盘,002370,2025-10-17 22:54:40
09:44:18,7.79,-0.01,2263,1764919,卖盘,002370,2025-10-17 22:54:40
09:44:21,7.8,0.01,3400,2651729,买盘,002370,2025-10-17 22:54:40
09:44:24,7.79,-0.01,11215,8746553,卖盘,002370,2025-10-17 22:54:40
09:44:27,7.8,0.01,4515,3521417,买盘,002370,2025-10-17 22:54:40
09:44:30,7.8,0.0,12692,9904073,买盘,002370,2025-10-17 22:54:40
09:44:33,7.8,0.0,1841,1437912,卖盘,002370,2025-10-17 22:54:40
09:44:36,7.82,0.02,1911,1493271,买盘,002370,2025-10-17 22:54:40
09:44:39,7.82,0.0,1806,1411598,买盘,002370,2025-10-17 22:54:40
09:44:42,7.82,0.0,5398,4221027,买盘,002370,2025-10-17 22:54:40
09:44:45,7.83,0.01,2255,1764903,买盘,002370,2025-10-17 22:54:40
09:44:48,7.84,0.01,2653,2077058,买盘,002370,2025-10-17 22:54:40
09:44:51,7.84,0.0,3223,2526557,买盘,002370,2025-10-17 22:54:40
09:44:54,7.85,0.01,2087,1636832,买盘,002370,2025-10-17 22:54:40
09:44:57,7.85,0.0,2033,1595464,买盘,002370,2025-10-17 22:54:40
09:45:00,7.85,0.0,6082,4774138,买盘,002370,2025-10-17 22:54:40
09:45:03,7.86,0.01,9273,7282465,买盘,002370,2025-10-17 22:54:40
09:45:06,7.86,0.0,2323,1824862,买盘,002370,2025-10-17 22:54:40
09:45:09,7.87,0.01,2992,2353842,买盘,002370,2025-10-17 22:54:40
09:45:12,7.88,0.01,3664,2883250,买盘,002370,2025-10-17 22:54:40
09:45:15,7.88,0.0,2291,1804449,买盘,002370,2025-10-17 22:54:40
09:45:18,7.89,0.01,4535,3574070,买盘,002370,2025-10-17 22:54:40
09:45:21,7.9,0.01,2291,1807420,买盘,002370,2025-10-17 22:54:40
09:45:24,7.9,0.0,2508,1980689,买盘,002370,2025-10-17 22:54:40
09:45:27,7.9,0.0,6579,5197139,买盘,002370,2025-10-17 22:54:40
09:45:30,7.91,0.01,3700,2923983,买盘,002370,2025-10-17 22:54:40
09:45:33,7.92,0.01,1339,1059871,买盘,002370,2025-10-17 22:54:40
09:45:36,7.94,0.02,1694,1343006,买盘,002370,2025-10-17 22:54:40
09:45:39,7.95,0.01,1119,888314,买盘,002370,2025-10-17 22:54:40
09:45:42,7.96,0.01,1852,1472770,买盘,002370,2025-10-17 22:54:40
09:45:45,8.0,0.04,15891,12696569,买盘,002370,2025-10-17 22:54:40
09:45:48,8.0,0.0,6383,5105320,买盘,002370,2025-10-17 22:54:40
09:45:51,8.01,0.01,7495,5996231,买盘,002370,2025-10-17 22:54:40
09:45:54,8.05,0.04,4761,3812380,买盘,002370,2025-10-17 22:54:40
09:45:57,8.08,0.03,1552,1250509,买盘,002370,2025-10-17 22:54:40
09:46:00,8.09,0.01,1978,1598924,买盘,002370,2025-10-17 22:54:40
09:46:03,8.1,0.01,3624,2934341,买盘,002370,2025-10-17 22:54:40
09:46:06,8.12,0.02,5253,4258164,买盘,002370,2025-10-17 22:54:40
09:46:09,8.14,0.02,5068,4118812,买盘,002370,2025-10-17 22:54:40
09:46:12,8.16,0.02,1847,1507041,买盘,002370,2025-10-17 22:54:40
09:46:15,8.19,0.03,2435,1993052,买盘,002370,2025-10-17 22:54:40
09:46:18,8.2,0.01,3320,2721648,买盘,002370,2025-10-17 22:54:40
09:46:21,8.21,0.01,3486,2858811,买盘,002370,2025-10-17 22:54:40
09:46:24,8.23,0.02,2457,2018938,买盘,002370,2025-10-17 22:54:40
09:46:27,8.25,0.02,2067,1701663,买盘,002370,2025-10-17 22:54:40
09:46:30,8.26,0.01,4031,3325359,买盘,002370,2025-10-17 22:54:40
09:46:33,8.28,0.02,3245,2681623,买盘,002370,2025-10-17 22:54:40
09:46:36,8.28,0.0,4906,4061773,买盘,002370,2025-10-17 22:54:40
09:46:39,8.29,0.01,6840,5665776,买盘,002370,2025-10-17 22:54:40
09:46:42,8.29,0.0,5912,4900112,买盘,002370,2025-10-17 22:54:40
09:46:45,8.3,0.01,5376,4459467,买盘,002370,2025-10-17 22:54:40
09:46:48,8.3,0.0,11583,9612111,买盘,002370,2025-10-17 22:54:40
09:46:51,8.3,0.0,10099,8379813,买盘,002370,2025-10-17 22:54:40
09:46:54,8.3,0.0,13057,10835786,买盘,002370,2025-10-17 22:54:40
09:46:57,8.3,0.0,5701,4731139,买盘,002370,2025-10-17 22:54:40
09:47:00,8.29,-0.01,4219,3500081,卖盘,002370,2025-10-17 22:54:40
09:47:03,8.29,0.0,9675,8028908,买盘,002370,2025-10-17 22:54:40
09:47:06,8.28,-0.01,2566,2126358,卖盘,002370,2025-10-17 22:54:40
09:47:09,8.27,-0.01,4748,3934743,卖盘,002370,2025-10-17 22:54:40
09:47:12,8.24,-0.03,5269,4349347,卖盘,002370,2025-10-17 22:54:40
09:47:15,8.24,0.0,669,551085,买盘,002370,2025-10-17 22:54:40
09:47:18,8.21,-0.03,1513,1244285,卖盘,002370,2025-10-17 22:54:40
09:47:21,8.22,0.01,1200,986045,买盘,002370,2025-10-17 22:54:40
09:47:24,8.18,-0.04,6079,4975992,卖盘,002370,2025-10-17 22:54:40
09:47:27,8.18,0.0,1220,997267,买盘,002370,2025-10-17 22:54:40
09:47:30,8.16,-0.02,646,527339,卖盘,002370,2025-10-17 22:54:40
09:47:33,8.15,-0.01,514,419204,卖盘,002370,2025-10-17 22:54:40
09:47:36,8.14,-0.01,710,577855,卖盘,002370,2025-10-17 22:54:40
09:47:39,8.12,-0.02,2590,2107838,卖盘,002370,2025-10-17 22:54:40
09:47:42,8.1,-0.02,1219,989553,卖盘,002370,2025-10-17 22:54:40
09:47:45,8.1,0.0,647,524148,卖盘,002370,2025-10-17 22:54:40
09:47:48,8.08,-0.02,1111,898750,卖盘,002370,2025-10-17 22:54:40
09:47:51,8.08,0.0,3650,2954173,卖盘,002370,2025-10-17 22:54:40
09:47:54,8.06,-0.02,1082,874124,卖盘,002370,2025-10-17 22:54:40
09:47:57,8.05,-0.01,1785,1439262,卖盘,002370,2025-10-17 22:54:40
09:48:00,8.05,0.0,1096,881720,买盘,002370,2025-10-17 22:54:40
09:48:03,8.04,-0.01,886,712281,买盘,002370,2025-10-17 22:54:40
09:48:06,8.05,0.01,2467,1982338,买盘,002370,2025-10-17 22:54:40
09:48:09,8.05,0.0,2990,2407230,买盘,002370,2025-10-17 22:54:40
09:48:12,8.06,0.01,2458,1981123,买盘,002370,2025-10-17 22:54:40
09:48:15,8.08,0.02,1828,1474534,买盘,002370,2025-10-17 22:54:40
09:48:18,8.1,0.02,2966,2398832,买盘,002370,2025-10-17 22:54:40
09:48:21,8.11,0.01,1844,1493639,买盘,002370,2025-10-17 22:54:40
09:48:24,8.13,0.02,620,503500,买盘,002370,2025-10-17 22:54:40
09:48:27,8.16,0.03,2008,1634980,买盘,002370,2025-10-17 22:54:40
09:48:30,8.17,0.01,851,694151,买盘,002370,2025-10-17 22:54:40
09:48:33,8.19,0.02,1072,876100,买盘,002370,2025-10-17 22:54:40
09:48:36,8.2,0.01,1250,1024191,买盘,002370,2025-10-17 22:54:40
09:48:39,8.21,0.01,1344,1101992,买盘,002370,2025-10-17 22:54:40
09:48:42,8.22,0.01,2007,1646583,买盘,002370,2025-10-17 22:54:40
09:48:45,8.23,0.01,2084,1714340,买盘,002370,2025-10-17 22:54:40
09:48:48,8.25,0.02,974,802317,买盘,002370,2025-10-17 22:54:40
09:48:51,8.25,0.0,1004,827985,买盘,002370,2025-10-17 22:54:40
09:48:54,8.26,0.01,3697,3053411,买盘,002370,2025-10-17 22:54:40
09:48:57,8.28,0.02,953,787534,买盘,002370,2025-10-17 22:54:40
09:49:00,8.28,0.0,1637,1354173,买盘,002370,2025-10-17 22:54:40
09:49:03,8.28,0.0,3388,2804302,买盘,002370,2025-10-17 22:54:40
09:49:06,8.27,-0.01,3970,3281659,中性盘,002370,2025-10-17 22:54:40
09:49:09,8.26,-0.01,1621,1340874,中性盘,002370,2025-10-17 22:54:40
09:49:12,8.25,-0.01,1799,1485409,卖盘,002370,2025-10-17 22:54:40
09:49:15,8.25,0.0,2115,1745783,卖盘,002370,2025-10-17 22:54:40
09:49:18,8.24,-0.01,791,651979,卖盘,002370,2025-10-17 22:54:40
09:49:21,8.24,0.0,715,588893,买盘,002370,2025-10-17 22:54:40
09:49:24,8.23,-0.01,1120,921643,卖盘,002370,2025-10-17 22:54:40
09:49:27,8.22,-0.01,351,288748,卖盘,002370,2025-10-17 22:54:40
09:49:30,8.22,0.0,958,787760,卖盘,002370,2025-10-17 22:54:40
09:49:33,8.21,-0.01,910,747540,卖盘,002370,2025-10-17 22:54:40
09:49:36,8.21,0.0,1113,913682,卖盘,002370,2025-10-17 22:54:40
09:49:39,8.21,0.0,742,608699,买盘,002370,2025-10-17 22:54:40
09:49:42,8.2,-0.01,1260,1033287,卖盘,002370,2025-10-17 22:54:40
09:49:45,8.19,-0.01,520,426362,卖盘,002370,2025-10-17 22:54:40
09:49:48,8.19,0.0,1601,1311552,卖盘,002370,2025-10-17 22:54:40
09:49:51,8.18,-0.01,240,196407,中性盘,002370,2025-10-17 22:54:40
09:49:54,8.18,0.0,573,468611,卖盘,002370,2025-10-17 22:54:40
09:49:57,8.16,-0.02,476,388546,卖盘,002370,2025-10-17 22:54:40
09:50:00,8.15,-0.01,378,308244,卖盘,002370,2025-10-17 22:54:40
09:50:03,8.15,0.0,281,228864,买盘,002370,2025-10-17 22:54:40
09:50:06,8.14,-0.01,443,360415,买盘,002370,2025-10-17 22:54:40
09:50:09,8.13,-0.01,1786,1452966,卖盘,002370,2025-10-17 22:54:40
09:50:12,8.13,0.0,663,538839,买盘,002370,2025-10-17 22:54:40
09:50:15,8.12,-0.01,399,324169,卖盘,002370,2025-10-17 22:54:40
09:50:18,8.11,-0.01,505,409920,卖盘,002370,2025-10-17 22:54:40
09:50:21,8.11,0.0,547,443914,卖盘,002370,2025-10-17 22:54:40
09:50:24,8.11,0.0,472,382916,卖盘,002370,2025-10-17 22:54:40
09:50:27,8.1,-0.01,621,503526,卖盘,002370,2025-10-17 22:54:40
09:50:30,8.1,0.0,1101,892684,卖盘,002370,2025-10-17 22:54:40
09:50:33,8.1,0.0,1457,1180355,卖盘,002370,2025-10-17 22:54:40
09:50:36,8.09,-0.01,1281,1037317,卖盘,002370,2025-10-17 22:54:40
09:50:39,8.09,0.0,583,471370,买盘,002370,2025-10-17 22:54:40
09:50:42,8.09,0.0,938,758197,买盘,002370,2025-10-17 22:54:40
09:50:45,8.08,-0.01,1385,1119558,卖盘,002370,2025-10-17 22:54:40
09:50:48,8.08,0.0,674,544782,卖盘,002370,2025-10-17 22:54:40
09:50:51,8.08,0.0,489,395050,买盘,002370,2025-10-17 22:54:40
09:50:54,8.07,-0.01,648,523144,卖盘,002370,2025-10-17 22:54:40
09:50:57,8.07,0.0,192,154924,买盘,002370,2025-10-17 22:54:40
09:51:00,8.07,0.0,921,742743,买盘,002370,2025-10-17 22:54:40
09:51:03,8.07,0.0,627,505829,买盘,002370,2025-10-17 22:54:40
09:51:06,8.06,-0.01,711,573547,卖盘,002370,2025-10-17 22:54:40
09:51:09,8.07,0.01,798,643584,买盘,002370,2025-10-17 22:54:40
09:51:12,8.06,-0.01,860,693220,卖盘,002370,2025-10-17 22:54:40
09:51:15,8.07,0.01,1054,850247,买盘,002370,2025-10-17 22:54:40
09:51:18,8.07,0.0,823,663649,买盘,002370,2025-10-17 22:54:40
09:51:21,8.06,-0.01,1093,881586,卖盘,002370,2025-10-17 22:54:40
09:51:24,8.07,0.01,1610,1299017,买盘,002370,2025-10-17 22:54:40
09:51:27,8.07,0.0,1618,1305767,买盘,002370,2025-10-17 22:54:40
09:51:30,8.07,0.0,665,536473,买盘,002370,2025-10-17 22:54:40
09:51:33,8.07,0.0,386,311571,买盘,002370,2025-10-17 22:54:40
09:51:36,8.07,0.0,452,364861,卖盘,002370,2025-10-17 22:54:40
09:51:39,8.08,0.01,708,572043,买盘,002370,2025-10-17 22:54:40
09:51:42,8.09,0.01,1159,937003,买盘,002370,2025-10-17 22:54:40
09:51:45,8.1,0.01,743,601853,买盘,002370,2025-10-17 22:54:40
09:51:48,8.1,0.0,1042,843665,买盘,002370,2025-10-17 22:54:40
09:51:51,8.11,0.01,945,765612,买盘,002370,2025-10-17 22:54:40
09:51:54,8.11,0.0,781,632857,买盘,002370,2025-10-17 22:54:40
09:51:57,8.12,0.01,1616,1310271,买盘,002370,2025-10-17 22:54:40
09:52:00,8.12,0.0,791,641786,买盘,002370,2025-10-17 22:54:40
09:52:03,8.12,0.0,527,428054,买盘,002370,2025-10-17 22:54:40
09:52:06,8.13,0.01,754,612553,买盘,002370,2025-10-17 22:54:40
09:52:09,8.13,0.0,1771,1438559,买盘,002370,2025-10-17 22:54:40
09:52:12,8.13,0.0,1152,936197,买盘,002370,2025-10-17 22:54:40
09:52:15,8.14,0.01,610,495980,买盘,002370,2025-10-17 22:54:40
09:52:18,8.13,-0.01,1297,1054438,卖盘,002370,2025-10-17 22:54:40
09:52:21,8.1,-0.03,6400,5183624,卖盘,002370,2025-10-17 22:54:40
09:52:24,8.08,-0.02,949,767971,中性盘,002370,2025-10-17 22:54:40
09:52:27,8.08,0.0,286,231082,买盘,002370,2025-10-17 22:54:40
09:52:30,8.08,0.0,491,396638,买盘,002370,2025-10-17 22:54:40
09:52:33,8.07,-0.01,784,633509,卖盘,002370,2025-10-17 22:54:40
09:52:36,8.07,0.0,1482,1196791,卖盘,002370,2025-10-17 22:54:40
09:52:39,8.08,0.01,1853,1496780,买盘,002370,2025-10-17 22:54:40
09:52:42,8.07,-0.01,3662,2951303,卖盘,002370,2025-10-17 22:54:40
09:52:45,8.08,0.01,1197,966059,买盘,002370,2025-10-17 22:54:40
09:52:48,8.08,0.0,1091,880162,买盘,002370,2025-10-17 22:54:40
09:52:51,8.08,0.0,1342,1083412,买盘,002370,2025-10-17 22:54:40
09:52:54,8.08,0.0,1474,1188242,买盘,002370,2025-10-17 22:54:40
09:52:57,8.05,-0.03,1873,1509067,卖盘,002370,2025-10-17 22:54:40
09:53:00,8.07,0.02,2104,1691877,买盘,002370,2025-10-17 22:54:40
09:53:03,8.07,0.0,1136,916567,买盘,002370,2025-10-17 22:54:40
09:53:06,8.04,-0.03,1956,1575860,卖盘,002370,2025-10-17 22:54:40
09:53:09,8.01,-0.03,2528,2029272,卖盘,002370,2025-10-17 22:54:40
09:53:12,8.04,0.03,472,378650,买盘,002370,2025-10-17 22:54:40
09:53:15,8.04,0.0,394,316455,买盘,002370,2025-10-17 22:54:40
09:53:18,8.05,0.01,521,419237,买盘,002370,2025-10-17 22:54:40
09:53:21,8.06,0.01,1770,1425253,买盘,002370,2025-10-17 22:54:40
09:53:24,8.05,-0.01,683,550105,中性盘,002370,2025-10-17 22:54:40
09:53:27,8.06,0.01,288,232160,买盘,002370,2025-10-17 22:54:40
09:53:30,8.08,0.02,1991,1605058,买盘,002370,2025-10-17 22:54:40
09:53:33,8.07,-0.01,400,323062,卖盘,002370,2025-10-17 22:54:40
09:53:36,8.07,0.0,959,774203,卖盘,002370,2025-10-17 22:54:40
09:53:39,8.08,0.01,1020,823670,买盘,002370,2025-10-17 22:54:40
09:53:42,8.08,0.0,329,266041,卖盘,002370,2025-10-17 22:54:40
09:53:45,8.08,0.0,735,594261,卖盘,002370,2025-10-17 22:54:40
09:53:48,8.08,0.0,950,768450,卖盘,002370,2025-10-17 22:54:40
09:53:51,8.08,0.0,450,364150,卖盘,002370,2025-10-17 22:54:40
09:53:54,8.1,0.02,531,429259,买盘,002370,2025-10-17 22:54:40
09:53:57,8.1,0.0,522,422512,买盘,002370,2025-10-17 22:54:40
09:54:00,8.1,0.0,1693,1370533,买盘,002370,2025-10-17 22:54:40
09:54:03,8.1,0.0,487,394407,买盘,002370,2025-10-17 22:54:40
09:54:06,8.1,0.0,316,255857,卖盘,002370,2025-10-17 22:54:40
09:54:09,8.11,0.01,396,320919,买盘,002370,2025-10-17 22:54:40
09:54:12,8.12,0.01,506,410220,买盘,002370,2025-10-17 22:54:40
09:54:15,8.12,0.0,70,56813,买盘,002370,2025-10-17 22:54:40
09:54:18,8.11,-0.01,577,468021,卖盘,002370,2025-10-17 22:54:40
09:54:21,8.11,0.0,478,387952,买盘,002370,2025-10-17 22:54:40
09:54:24,8.12,0.01,623,505629,买盘,002370,2025-10-17 22:54:40
09:54:27,8.12,0.0,436,353930,买盘,002370,2025-10-17 22:54:40
09:54:30,8.12,0.0,2763,2240094,买盘,002370,2025-10-17 22:54:40
09:54:33,8.12,0.0,694,563430,卖盘,002370,2025-10-17 22:54:40
09:54:36,8.13,0.01,688,558596,买盘,002370,2025-10-17 22:54:40
09:54:39,8.12,-0.01,260,211083,卖盘,002370,2025-10-17 22:54:40
09:54:42,8.13,0.01,524,425353,买盘,002370,2025-10-17 22:54:40
09:54:45,8.12,-0.01,932,757045,卖盘,002370,2025-10-17 22:54:40
09:54:48,8.11,-0.01,533,432395,卖盘,002370,2025-10-17 22:54:40
09:54:51,8.12,0.01,824,668752,买盘,002370,2025-10-17 22:54:40
09:54:54,8.12,0.0,333,270168,买盘,002370,2025-10-17 22:54:40
09:54:57,8.11,-0.01,61,49500,卖盘,002370,2025-10-17 22:54:40
09:55:00,8.12,0.01,298,241819,买盘,002370,2025-10-17 22:54:40
09:55:03,8.11,-0.01,1538,1247393,卖盘,002370,2025-10-17 22:54:40
09:55:06,8.11,0.0,770,624918,买盘,002370,2025-10-17 22:54:40
09:55:09,8.1,-0.01,615,498090,卖盘,002370,2025-10-17 22:54:40
09:55:12,8.1,0.0,150,121492,买盘,002370,2025-10-17 22:54:40
09:55:15,8.1,0.0,230,186257,买盘,002370,2025-10-17 22:54:40
09:55:18,8.1,0.0,262,211838,买盘,002370,2025-10-17 22:54:40
09:55:21,8.1,0.0,478,386967,买盘,002370,2025-10-17 22:54:40
09:55:24,8.09,-0.01,1751,1415920,卖盘,002370,2025-10-17 22:54:40
09:55:27,8.09,0.0,240,194173,买盘,002370,2025-10-17 22:54:40
09:55:30,8.09,0.0,179,144676,买盘,002370,2025-10-17 22:54:40
09:55:33,8.08,-0.01,346,279671,卖盘,002370,2025-10-17 22:54:40
09:55:36,8.08,0.0,401,323958,买盘,002370,2025-10-17 22:54:40
09:55:39,8.08,0.0,669,540552,买盘,002370,2025-10-17 22:54:40
09:55:42,8.07,-0.01,973,786168,卖盘,002370,2025-10-17 22:54:40
09:55:45,8.07,0.0,172,138992,卖盘,002370,2025-10-17 22:54:40
09:55:48,8.08,0.01,453,365956,买盘,002370,2025-10-17 22:54:40
09:55:51,8.08,0.0,453,365966,买盘,002370,2025-10-17 22:54:40
09:55:54,8.08,0.0,420,339181,买盘,002370,2025-10-17 22:54:40
09:55:57,8.08,0.0,796,642929,买盘,002370,2025-10-17 22:54:40
09:56:00,8.06,-0.02,449,362222,卖盘,002370,2025-10-17 22:54:40
09:56:03,8.06,0.0,858,692316,卖盘,002370,2025-10-17 22:54:40
09:56:06,8.06,0.0,420,338788,卖盘,002370,2025-10-17 22:54:40
09:56:09,8.07,0.01,517,417117,买盘,002370,2025-10-17 22:54:40
09:56:12,8.07,0.0,601,484870,买盘,002370,2025-10-17 22:54:40
09:56:15,8.07,0.0,1369,1104199,买盘,002370,2025-10-17 22:54:40
09:56:18,8.07,0.0,489,394582,买盘,002370,2025-10-17 22:54:40
09:56:21,8.06,-0.01,923,744338,卖盘,002370,2025-10-17 22:54:40
09:56:24,8.06,0.0,1466,1181461,买盘,002370,2025-10-17 22:54:40
09:56:27,8.06,0.0,1007,811602,买盘,002370,2025-10-17 22:54:40
09:56:30,8.05,-0.01,569,458424,卖盘,002370,2025-10-17 22:54:40
09:56:33,8.06,0.01,1595,1285474,买盘,002370,2025-10-17 22:54:40
09:56:36,8.06,0.0,510,410999,买盘,002370,2025-10-17 22:54:40
09:56:39,8.05,-0.01,758,610840,卖盘,002370,2025-10-17 22:54:40
09:56:42,8.06,0.01,897,723186,买盘,002370,2025-10-17 22:54:40
09:56:45,8.07,0.01,396,319333,买盘,002370,2025-10-17 22:54:40
09:56:48,8.04,-0.03,10589,8496320,卖盘,002370,2025-10-17 22:54:40
09:56:51,8.05,0.01,205,164936,买盘,002370,2025-10-17 22:54:40
09:56:54,8.06,0.01,600,482874,买盘,002370,2025-10-17 22:54:40
09:56:57,8.06,0.0,618,498059,买盘,002370,2025-10-17 22:54:40
09:57:00,8.06,0.0,584,470650,买盘,002370,2025-10-17 22:54:40
09:57:03,8.06,0.0,648,522102,买盘,002370,2025-10-17 22:54:40
09:57:06,8.06,0.0,365,294060,买盘,002370,2025-10-17 22:54:40
09:57:09,8.05,-0.01,609,490263,卖盘,002370,2025-10-17 22:54:40
09:57:12,8.05,0.0,333,268063,买盘,002370,2025-10-17 22:54:40
09:57:15,8.05,0.0,274,220617,买盘,002370,2025-10-17 22:54:40
09:57:18,8.05,0.0,492,396219,卖盘,002370,2025-10-17 22:54:40
09:57:21,8.06,0.01,519,418155,买盘,002370,2025-10-17 22:54:40
09:57:24,8.06,0.0,298,240033,买盘,002370,2025-10-17 22:54:40
09:57:27,8.06,0.0,567,456842,买盘,002370,2025-10-17 22:54:40
09:57:30,8.06,0.0,549,442419,买盘,002370,2025-10-17 22:54:40
09:57:33,8.06,0.0,797,642302,买盘,002370,2025-10-17 22:54:40
09:57:36,8.06,0.0,753,606948,买盘,002370,2025-10-17 22:54:40
09:57:39,8.06,0.0,371,298824,买盘,002370,2025-10-17 22:54:40
09:57:42,8.06,0.0,334,269142,买盘,002370,2025-10-17 22:54:40
09:57:45,8.06,0.0,370,298159,买盘,002370,2025-10-17 22:54:40
09:57:48,8.06,0.0,958,771743,买盘,002370,2025-10-17 22:54:40
09:57:51,8.06,0.0,392,315811,买盘,002370,2025-10-17 22:54:40
09:57:54,8.05,-0.01,385,309983,卖盘,002370,2025-10-17 22:54:40
09:57:57,8.05,0.0,239,192395,买盘,002370,2025-10-17 22:54:40
09:58:00,8.04,-0.01,156,125541,卖盘,002370,2025-10-17 22:54:40
09:58:03,8.05,0.01,246,197935,买盘,002370,2025-10-17 22:54:40
09:58:06,8.06,0.01,1471,1184025,买盘,002370,2025-10-17 22:54:40
09:58:09,8.05,-0.01,514,413767,卖盘,002370,2025-10-17 22:54:40
09:58:12,8.06,0.01,386,310863,买盘,002370,2025-10-17 22:54:40
09:58:15,8.05,-0.01,929,747924,卖盘,002370,2025-10-17 22:54:40
09:58:18,8.06,0.01,302,243252,买盘,002370,2025-10-17 22:54:40
09:58:21,8.05,-0.01,2279,1834669,卖盘,002370,2025-10-17 22:54:40
09:58:24,8.06,0.01,1024,824629,买盘,002370,2025-10-17 22:54:40
09:58:27,8.06,0.0,359,289020,买盘,002370,2025-10-17 22:54:40
09:58:30,8.05,-0.01,266,214161,卖盘,002370,2025-10-17 22:54:40
09:58:33,8.05,0.0,403,324704,卖盘,002370,2025-10-17 22:54:40
09:58:36,8.06,0.01,211,169953,买盘,002370,2025-10-17 22:54:40
09:58:39,8.06,0.0,868,698882,买盘,002370,2025-10-17 22:54:40
09:58:42,8.06,0.0,512,412400,买盘,002370,2025-10-17 22:54:40
09:58:45,8.06,0.0,568,457450,买盘,002370,2025-10-17 22:54:40
09:58:48,8.06,0.0,311,250529,买盘,002370,2025-10-17 22:54:40
09:58:51,8.06,0.0,619,498646,买盘,002370,2025-10-17 22:54:40
09:58:54,8.05,-0.01,287,231060,卖盘,002370,2025-10-17 22:54:40
09:58:57,8.06,0.01,240,193322,买盘,002370,2025-10-17 22:54:40
09:59:00,8.06,0.0,717,577326,买盘,002370,2025-10-17 22:54:40
09:59:03,8.05,-0.01,580,467418,卖盘,002370,2025-10-17 22:54:40
09:59:06,8.05,0.0,332,267257,卖盘,002370,2025-10-17 22:54:40
09:59:09,8.06,0.01,287,231072,买盘,002370,2025-10-17 22:54:40
09:59:12,8.05,-0.01,161,129674,卖盘,002370,2025-10-17 22:54:40
09:59:15,8.05,0.0,98,78899,卖盘,002370,2025-10-17 22:54:40
09:59:18,8.06,0.01,233,187640,买盘,002370,2025-10-17 22:54:40
09:59:21,8.05,-0.01,799,643276,卖盘,002370,2025-10-17 22:54:40
09:59:24,8.05,0.0,503,405026,卖盘,002370,2025-10-17 22:54:40
09:59:27,8.05,0.0,216,173953,卖盘,002370,2025-10-17 22:54:40
09:59:30,8.05,0.0,138,111133,卖盘,002370,2025-10-17 22:54:40
09:59:33,8.05,0.0,619,498672,卖盘,002370,2025-10-17 22:54:40
09:59:36,8.05,0.0,954,768323,卖盘,002370,2025-10-17 22:54:40
09:59:39,8.06,0.01,387,311554,买盘,002370,2025-10-17 22:54:40
09:59:42,8.06,0.0,556,447800,买盘,002370,2025-10-17 22:54:40
09:59:45,8.06,0.0,384,309299,买盘,002370,2025-10-17 22:54:40
09:59:48,8.06,0.0,359,289051,买盘,002370,2025-10-17 22:54:40
09:59:51,8.05,-0.01,80,64402,中性盘,002370,2025-10-17 22:54:40
09:59:54,8.05,0.0,443,356527,买盘,002370,2025-10-17 22:54:40
09:59:57,8.05,0.0,182,146534,卖盘,002370,2025-10-17 22:54:40
10:00:00,8.05,0.0,274,220558,卖盘,002370,2025-10-17 22:54:40
10:00:03,8.05,0.0,164,131995,买盘,002370,2025-10-17 22:54:40
10:00:06,8.05,0.0,138,111073,买盘,002370,2025-10-17 22:54:40
10:00:09,8.04,-0.01,454,365408,卖盘,002370,2025-10-17 22:54:40
10:00:12,8.05,0.01,659,529853,买盘,002370,2025-10-17 22:54:40
10:00:15,8.04,-0.01,244,196216,卖盘,002370,2025-10-17 22:54:40
10:00:18,8.05,0.01,276,222114,买盘,002370,2025-10-17 22:54:40
10:00:21,8.05,0.0,956,768740,买盘,002370,2025-10-17 22:54:40
10:00:24,8.04,-0.01,132,106183,中性盘,002370,2025-10-17 22:54:40
10:00:27,8.04,0.0,261,209698,买盘,002370,2025-10-17 22:54:40
10:00:30,8.03,-0.01,1634,1313256,卖盘,002370,2025-10-17 22:54:40
10:00:33,8.03,0.0,404,324523,买盘,002370,2025-10-17 22:54:40
10:00:36,8.01,-0.02,267,214153,卖盘,002370,2025-10-17 22:54:40
10:00:39,8.01,0.0,175,140212,卖盘,002370,2025-10-17 22:54:40
10:00:42,8.0,-0.01,1922,1538405,卖盘,002370,2025-10-17 22:54:40
10:00:45,8.0,0.0,583,466424,卖盘,002370,2025-10-17 22:54:40
10:00:48,8.0,0.0,674,539253,卖盘,002370,2025-10-17 22:54:40
10:00:51,7.99,-0.01,198,158321,卖盘,002370,2025-10-17 22:54:40
10:00:54,7.99,0.0,230,183777,卖盘,002370,2025-10-17 22:54:40
10:00:57,7.98,-0.01,331,264294,卖盘,002370,2025-10-17 22:54:40
10:01:00,7.99,0.01,95,75833,买盘,002370,2025-10-17 22:54:40
10:01:03,7.99,0.0,435,347114,买盘,002370,2025-10-17 22:54:40
10:01:06,7.98,-0.01,801,638469,卖盘,002370,2025-10-17 22:54:40
10:01:09,7.97,-0.01,462,368435,卖盘,002370,2025-10-17 22:54:40
10:01:12,7.97,0.0,536,427400,卖盘,002370,2025-10-17 22:54:40
10:01:15,7.96,-0.01,296,235726,卖盘,002370,2025-10-17 22:54:40
10:01:18,7.96,0.0,319,253937,卖盘,002370,2025-10-17 22:54:40
10:01:21,7.95,-0.01,755,600658,卖盘,002370,2025-10-17 22:54:40
10:01:24,7.95,0.0,332,263901,卖盘,002370,2025-10-17 22:54:40
10:01:27,7.95,0.0,330,262291,买盘,002370,2025-10-17 22:54:40
10:01:30,7.93,-0.02,568,450885,卖盘,002370,2025-10-17 22:54:40
10:01:33,7.93,0.0,486,385909,卖盘,002370,2025-10-17 22:54:40
10:01:36,7.92,-0.01,315,249670,卖盘,002370,2025-10-17 22:54:40
10:01:39,7.91,-0.01,285,225814,卖盘,002370,2025-10-17 22:54:40
10:01:42,7.92,0.01,70,55460,卖盘,002370,2025-10-17 22:54:40
10:01:45,7.91,-0.01,352,278384,卖盘,002370,2025-10-17 22:54:40
10:01:48,7.91,0.0,548,433415,买盘,002370,2025-10-17 22:54:40
10:01:51,7.9,-0.01,756,597497,卖盘,002370,2025-10-17 22:54:40
10:01:54,7.91,0.01,801,632934,买盘,002370,2025-10-17 22:54:40
10:01:57,7.9,-0.01,762,602322,卖盘,002370,2025-10-17 22:54:40
10:02:00,7.9,0.0,561,443128,买盘,002370,2025-10-17 22:54:40
10:02:03,7.9,0.0,428,337958,买盘,002370,2025-10-17 22:54:40
10:02:06,7.89,-0.01,400,315598,卖盘,002370,2025-10-17 22:54:40
10:02:09,7.89,0.0,367,289540,买盘,002370,2025-10-17 22:54:40
10:02:12,7.88,-0.01,808,636980,卖盘,002370,2025-10-17 22:54:40
10:02:15,7.88,0.0,404,318385,卖盘,002370,2025-10-17 22:54:40
10:02:18,7.88,0.0,178,140254,买盘,002370,2025-10-17 22:54:40
10:02:21,7.88,0.0,736,579500,买盘,002370,2025-10-17 22:54:40
10:02:24,7.87,-0.01,433,340907,卖盘,002370,2025-10-17 22:54:40
10:02:27,7.87,0.0,157,123564,买盘,002370,2025-10-17 22:54:40
10:02:30,7.88,0.01,767,603351,买盘,002370,2025-10-17 22:54:40
10:02:33,7.88,0.0,681,535846,买盘,002370,2025-10-17 22:54:40
10:02:36,7.89,0.01,3168,2496464,买盘,002370,2025-10-17 22:54:40
10:02:39,7.9,0.01,1305,1029384,买盘,002370,2025-10-17 22:54:40
10:02:42,7.9,0.0,2483,1961443,买盘,002370,2025-10-17 22:54:40
10:02:45,7.9,0.0,1865,1473583,买盘,002370,2025-10-17 22:54:40
10:02:48,7.91,0.01,966,764684,买盘,002370,2025-10-17 22:54:40
10:02:51,7.93,0.02,426,337692,买盘,002370,2025-10-17 22:54:40
10:02:54,7.92,-0.01,318,252111,卖盘,002370,2025-10-17 22:54:40
10:02:57,7.94,0.02,408,323552,买盘,002370,2025-10-17 22:54:40
10:03:00,7.94,0.0,1129,896443,买盘,002370,2025-10-17 22:54:40
10:03:03,7.95,0.01,425,337510,买盘,002370,2025-10-17 22:54:40
10:03:06,7.95,0.0,518,411535,买盘,002370,2025-10-17 22:54:40
10:03:09,7.95,0.0,540,429354,买盘,002370,2025-10-17 22:54:40
10:03:12,7.96,0.01,159,126499,买盘,002370,2025-10-17 22:54:40
10:03:15,7.96,0.0,218,173628,卖盘,002370,2025-10-17 22:54:40
10:03:18,7.97,0.01,321,255815,买盘,002370,2025-10-17 22:54:40
10:03:21,7.97,0.0,1405,1119561,卖盘,002370,2025-10-17 22:54:40
10:03:24,7.98,0.01,897,714558,买盘,002370,2025-10-17 22:54:40
10:03:27,7.97,-0.01,1231,979481,买盘,002370,2025-10-17 22:54:40
10:03:30,7.97,0.0,668,532320,买盘,002370,2025-10-17 22:54:40
10:03:33,7.97,0.0,322,256650,卖盘,002370,2025-10-17 22:54:40
10:03:36,7.97,0.0,381,303927,卖盘,002370,2025-10-17 22:54:40
10:03:39,7.98,0.01,428,341401,买盘,002370,2025-10-17 22:54:40
10:03:42,7.98,0.0,252,201005,买盘,002370,2025-10-17 22:54:40
10:03:45,7.98,0.0,282,225036,买盘,002370,2025-10-17 22:54:40
10:03:48,7.99,0.01,198,158028,买盘,002370,2025-10-17 22:54:40
10:03:51,7.99,0.0,477,380935,买盘,002370,2025-10-17 22:54:40
10:03:54,8.0,0.01,423,337975,买盘,002370,2025-10-17 22:54:40
10:03:57,7.99,-0.01,610,487606,卖盘,002370,2025-10-17 22:54:40
10:04:00,7.99,0.0,430,343699,卖盘,002370,2025-10-17 22:54:40
10:04:03,7.99,0.0,478,382057,买盘,002370,2025-10-17 22:54:40
10:04:06,8.0,0.01,161,128732,买盘,002370,2025-10-17 22:54:40
10:04:09,8.0,0.0,225,179893,买盘,002370,2025-10-17 22:54:40
10:04:12,7.99,-0.01,325,259857,卖盘,002370,2025-10-17 22:54:40
10:04:15,7.99,0.0,771,616703,卖盘,002370,2025-10-17 22:54:40
10:04:18,7.99,0.0,445,355929,卖盘,002370,2025-10-17 22:54:40
10:04:21,8.0,0.01,219,175037,买盘,002370,2025-10-17 22:54:40
10:04:24,8.0,0.0,182,145538,买盘,002370,2025-10-17 22:54:40
10:04:27,8.0,0.0,379,302995,买盘,002370,2025-10-17 22:54:40
10:04:30,8.0,0.0,302,241480,买盘,002370,2025-10-17 22:54:40
10:04:33,8.0,0.0,419,335173,买盘,002370,2025-10-17 22:54:40
10:04:36,7.99,-0.01,1196,955814,卖盘,002370,2025-10-17 22:54:40
10:04:39,8.0,0.01,257,205467,买盘,002370,2025-10-17 22:54:40
10:04:42,8.0,0.0,170,135948,买盘,002370,2025-10-17 22:54:40
10:04:45,8.0,0.0,254,203034,买盘,002370,2025-10-17 22:54:40
10:04:48,8.0,0.0,162,129584,买盘,002370,2025-10-17 22:54:40
10:04:51,8.0,0.0,128,102357,买盘,002370,2025-10-17 22:54:40
10:04:54,7.99,-0.01,307,245464,卖盘,002370,2025-10-17 22:54:40
10:04:57,7.99,0.0,276,220682,卖盘,002370,2025-10-17 22:54:40
10:05:00,7.99,0.0,218,174213,卖盘,002370,2025-10-17 22:54:40
10:05:03,8.0,0.01,707,565431,买盘,002370,2025-10-17 22:54:40
10:05:06,7.99,-0.01,662,529406,卖盘,002370,2025-10-17 22:54:40
10:05:09,8.0,0.01,128,102289,买盘,002370,2025-10-17 22:54:40
10:05:12,7.99,-0.01,414,331019,卖盘,002370,2025-10-17 22:54:40
10:05:15,7.99,0.0,617,492864,卖盘,002370,2025-10-17 22:54:40
10:05:18,7.99,0.0,237,189348,买盘,002370,2025-10-17 22:54:40
10:05:21,7.99,0.0,77,61512,买盘,002370,2025-10-17 22:54:40
10:05:24,7.98,-0.01,288,230027,卖盘,002370,2025-10-17 22:54:40
10:05:27,7.99,0.01,233,185991,买盘,002370,2025-10-17 22:54:40
10:05:30,7.99,0.0,244,194880,买盘,002370,2025-10-17 22:54:40
10:05:33,7.99,0.0,908,725023,买盘,002370,2025-10-17 22:54:40
10:05:36,7.99,0.0,385,307388,买盘,002370,2025-10-17 22:54:40
10:05:39,7.98,-0.01,2006,1602654,卖盘,002370,2025-10-17 22:54:40
10:05:42,7.98,0.0,398,317647,卖盘,002370,2025-10-17 22:54:40
10:05:45,7.98,0.0,239,190905,卖盘,002370,2025-10-17 22:54:40
10:05:48,7.98,0.0,352,280968,卖盘,002370,2025-10-17 22:54:40
10:05:51,7.98,0.0,290,231454,卖盘,002370,2025-10-17 22:54:40
10:05:54,7.99,0.01,234,186783,买盘,002370,2025-10-17 22:54:40
10:05:57,7.98,-0.01,107,85445,卖盘,002370,2025-10-17 22:54:40
10:06:00,7.97,-0.01,131,104503,卖盘,002370,2025-10-17 22:54:40
10:06:03,7.98,0.01,301,240145,买盘,002370,2025-10-17 22:54:40
10:06:06,7.98,0.0,145,115609,买盘,002370,2025-10-17 22:54:40
10:06:09,7.97,-0.01,291,231953,卖盘,002370,2025-10-17 22:54:40
10:06:12,7.97,0.0,842,671173,卖盘,002370,2025-10-17 22:54:40
10:06:15,7.97,0.0,179,142703,卖盘,002370,2025-10-17 22:54:40
10:06:18,7.97,0.0,369,293914,卖盘,002370,2025-10-17 22:54:40
10:06:21,7.97,0.0,71,56542,买盘,002370,2025-10-17 22:54:40
10:06:24,7.96,-0.01,153,121890,卖盘,002370,2025-10-17 22:54:40
10:06:27,7.97,0.01,84,66938,买盘,002370,2025-10-17 22:54:40
10:06:30,7.96,-0.01,184,146462,卖盘,002370,2025-10-17 22:54:40
10:06:33,7.96,0.0,124,98678,买盘,002370,2025-10-17 22:54:40
10:06:36,7.96,0.0,210,167021,买盘,002370,2025-10-17 22:54:40
10:06:39,7.96,0.0,262,208519,买盘,002370,2025-10-17 22:54:40
10:06:42,7.96,0.0,455,362137,买盘,002370,2025-10-17 22:54:40
10:06:45,7.95,-0.01,91,72361,卖盘,002370,2025-10-17 22:54:40
10:06:48,7.96,0.01,201,159844,买盘,002370,2025-10-17 22:54:40
10:06:51,7.95,-0.01,326,259326,卖盘,002370,2025-10-17 22:54:40
10:06:54,7.96,0.01,356,283097,买盘,002370,2025-10-17 22:54:40
10:06:57,7.95,-0.01,681,541403,卖盘,002370,2025-10-17 22:54:40
10:07:00,7.95,0.0,101,80294,买盘,002370,2025-10-17 22:54:40
10:07:03,7.95,0.0,70,55648,买盘,002370,2025-10-17 22:54:40
10:07:06,7.95,0.0,57,45310,买盘,002370,2025-10-17 22:54:40
10:07:09,7.94,-0.01,314,249515,卖盘,002370,2025-10-17 22:54:40
10:07:12,7.95,0.01,414,328761,买盘,002370,2025-10-17 22:54:40
10:07:15,7.94,-0.01,455,361222,卖盘,002370,2025-10-17 22:54:40
10:07:18,7.94,0.0,31,24603,买盘,002370,2025-10-17 22:54:40
10:07:21,7.94,0.0,130,103162,买盘,002370,2025-10-17 22:54:40
10:07:24,7.93,-0.01,82,65096,卖盘,002370,2025-10-17 22:54:40
10:07:27,7.94,0.01,353,279972,买盘,002370,2025-10-17 22:54:40
10:07:30,7.93,-0.01,312,247545,卖盘,002370,2025-10-17 22:54:40
10:07:33,7.93,0.0,121,95941,卖盘,002370,2025-10-17 22:54:40
10:07:36,7.93,0.0,76,60267,买盘,002370,2025-10-17 22:54:40
10:07:39,7.93,0.0,148,117306,买盘,002370,2025-10-17 22:54:40
10:07:42,7.93,0.0,891,705746,买盘,002370,2025-10-17 22:54:40
10:07:45,7.91,-0.02,70,55484,卖盘,002370,2025-10-17 22:54:40
10:07:48,7.91,0.0,34,26922,卖盘,002370,2025-10-17 22:54:40
10:07:51,7.92,0.01,355,280912,买盘,002370,2025-10-17 22:54:40
10:07:54,7.91,-0.01,382,302177,卖盘,002370,2025-10-17 22:54:40
10:07:57,7.92,0.01,1005,795628,买盘,002370,2025-10-17 22:54:40
10:08:00,7.92,0.0,238,188508,卖盘,002370,2025-10-17 22:54:40
10:08:03,7.92,0.0,1008,798009,买盘,002370,2025-10-17 22:54:40
10:08:06,7.92,0.0,109,86306,买盘,002370,2025-10-17 22:54:40
10:08:09,7.91,-0.01,821,650101,卖盘,002370,2025-10-17 22:54:40
10:08:12,7.92,0.01,411,325732,卖盘,002370,2025-10-17 22:54:40
10:08:15,7.92,0.0,1604,1270601,卖盘,002370,2025-10-17 22:54:40
10:08:18,7.93,0.01,1034,819144,买盘,002370,2025-10-17 22:54:40
10:08:21,7.93,0.0,294,233058,买盘,002370,2025-10-17 22:54:40
10:08:24,7.93,0.0,3242,2565487,买盘,002370,2025-10-17 22:54:40
10:08:27,7.92,-0.01,497,393322,买盘,002370,2025-10-17 22:54:40
10:08:30,7.93,0.01,88,69772,买盘,002370,2025-10-17 22:54:40
10:08:33,7.93,0.0,342,271100,买盘,002370,2025-10-17 22:54:40
10:08:36,7.93,0.0,374,296319,买盘,002370,2025-10-17 22:54:40
10:08:39,7.92,-0.01,250,198113,卖盘,002370,2025-10-17 22:54:40
10:08:42,7.93,0.01,308,244215,买盘,002370,2025-10-17 22:54:40
10:08:45,7.93,0.0,211,167284,买盘,002370,2025-10-17 22:54:40
10:08:48,7.92,-0.01,278,220313,卖盘,002370,2025-10-17 22:54:40
10:08:51,7.93,0.01,410,324905,买盘,002370,2025-10-17 22:54:40
10:08:54,7.93,0.0,1193,945040,买盘,002370,2025-10-17 22:54:40
10:08:57,7.93,0.0,680,539003,卖盘,002370,2025-10-17 22:54:40
10:09:00,7.93,0.0,551,436635,卖盘,002370,2025-10-17 22:54:40
10:09:03,7.93,0.0,147,116564,中性盘,002370,2025-10-17 22:54:40
10:09:06,7.93,0.0,181,143569,买盘,002370,2025-10-17 22:54:40
10:09:09,7.93,0.0,70,55507,买盘,002370,2025-10-17 22:54:40
10:09:12,7.94,0.01,64,50753,买盘,002370,2025-10-17 22:54:40
10:09:15,7.93,-0.01,30,23791,卖盘,002370,2025-10-17 22:54:40
10:09:18,7.94,0.01,121,96029,买盘,002370,2025-10-17 22:54:40
10:09:21,7.94,0.0,79,62700,买盘,002370,2025-10-17 22:54:40
10:09:24,7.94,0.0,52,41280,买盘,002370,2025-10-17 22:54:40
10:09:27,7.93,-0.01,477,378441,卖盘,002370,2025-10-17 22:54:40
10:09:30,7.93,0.0,159,126159,卖盘,002370,2025-10-17 22:54:40
10:09:33,7.93,0.0,556,441418,卖盘,002370,2025-10-17 22:54:40
10:09:36,7.93,0.0,80,63461,卖盘,002370,2025-10-17 22:54:40
10:09:39,7.93,0.0,303,240352,卖盘,002370,2025-10-17 22:54:40
10:09:42,7.93,0.0,476,377565,卖盘,002370,2025-10-17 22:54:40
10:09:45,7.93,0.0,399,316502,卖盘,002370,2025-10-17 22:54:40
10:09:48,7.93,0.0,264,209248,买盘,002370,2025-10-17 22:54:40
10:09:51,7.93,0.0,132,104674,买盘,002370,2025-10-17 22:54:40
10:09:54,7.93,0.0,178,141153,买盘,002370,2025-10-17 22:54:40
10:09:57,7.93,0.0,672,532700,买盘,002370,2025-10-17 22:54:40
10:10:00,7.93,0.0,399,316209,买盘,002370,2025-10-17 22:54:40
10:10:03,7.93,0.0,509,403698,买盘,002370,2025-10-17 22:54:40
10:10:06,7.93,0.0,98,77714,卖盘,002370,2025-10-17 22:54:40
10:10:09,7.93,0.0,120,95162,卖盘,002370,2025-10-17 22:54:40
10:10:12,7.93,0.0,112,88831,卖盘,002370,2025-10-17 22:54:40
10:10:15,7.93,0.0,167,132436,卖盘,002370,2025-10-17 22:54:40
10:10:18,7.93,0.0,617,489687,买盘,002370,2025-10-17 22:54:40
10:10:21,7.94,0.01,92,72975,买盘,002370,2025-10-17 22:54:40
10:10:24,7.93,-0.01,427,338645,卖盘,002370,2025-10-17 22:54:40
10:10:27,7.94,0.01,566,449442,买盘,002370,2025-10-17 22:54:40
10:10:30,7.93,-0.01,207,164244,卖盘,002370,2025-10-17 22:54:40
10:10:33,7.93,0.0,178,141295,卖盘,002370,2025-10-17 22:54:40
10:10:36,7.94,0.01,56,44463,买盘,002370,2025-10-17 22:54:40
10:10:39,7.94,0.0,394,312612,买盘,002370,2025-10-17 22:54:40
10:10:42,7.94,0.0,34,26997,卖盘,002370,2025-10-17 22:54:40
10:10:45,7.95,0.01,153,121596,买盘,002370,2025-10-17 22:54:40
10:10:48,7.95,0.0,192,152455,买盘,002370,2025-10-17 22:54:40
10:10:51,7.95,0.0,348,276654,买盘,002370,2025-10-17 22:54:40
10:10:54,7.95,0.0,1979,1573646,买盘,002370,2025-10-17 22:54:40
10:10:57,7.96,0.01,109,86683,买盘,002370,2025-10-17 22:54:40
10:11:00,7.96,0.0,37,29441,买盘,002370,2025-10-17 22:54:40
10:11:03,7.96,0.0,190,151240,买盘,002370,2025-10-17 22:54:40
10:11:06,7.96,0.0,266,211660,买盘,002370,2025-10-17 22:54:40
10:11:09,7.96,0.0,395,314420,买盘,002370,2025-10-17 22:54:40
10:11:12,7.96,0.0,64,50983,卖盘,002370,2025-10-17 22:54:40
10:11:15,7.96,0.0,101,80435,卖盘,002370,2025-10-17 22:54:40
10:11:18,7.97,0.01,173,137802,买盘,002370,2025-10-17 22:54:40
10:11:21,7.97,0.0,96,76486,买盘,002370,2025-10-17 22:54:40
10:11:24,7.97,0.0,860,685416,买盘,002370,2025-10-17 22:54:40
10:11:27,7.97,0.0,666,530730,买盘,002370,2025-10-17 22:54:40
10:11:30,7.98,0.01,338,269434,买盘,002370,2025-10-17 22:54:40
10:11:33,7.98,0.0,430,343063,买盘,002370,2025-10-17 22:54:40
10:11:36,7.97,-0.01,241,192311,卖盘,002370,2025-10-17 22:54:40
10:11:39,7.98,0.01,228,181906,买盘,002370,2025-10-17 22:54:40
10:11:42,7.98,0.0,304,242476,买盘,002370,2025-10-17 22:54:40
10:11:45,7.98,0.0,349,278484,买盘,002370,2025-10-17 22:54:40
10:11:48,7.98,0.0,368,293407,买盘,002370,2025-10-17 22:54:40
10:11:51,7.98,0.0,329,262526,买盘,002370,2025-10-17 22:54:40
10:11:54,7.97,-0.01,338,269747,卖盘,002370,2025-10-17 22:54:40
10:11:57,7.98,0.01,143,114094,买盘,002370,2025-10-17 22:54:40
10:12:00,7.98,0.0,181,144493,卖盘,002370,2025-10-17 22:54:40
10:12:03,7.98,0.0,395,315536,卖盘,002370,2025-10-17 22:54:40
10:12:06,7.99,0.01,246,196499,买盘,002370,2025-10-17 22:54:40
10:12:09,7.99,0.0,339,270841,买盘,002370,2025-10-17 22:54:40
10:12:12,7.99,0.0,708,565529,买盘,002370,2025-10-17 22:54:40
10:12:15,7.99,0.0,554,442634,买盘,002370,2025-10-17 22:54:40
10:12:18,7.99,0.0,392,313127,买盘,002370,2025-10-17 22:54:40
10:12:21,7.99,0.0,398,317961,买盘,002370,2025-10-17 22:54:40
10:12:24,7.99,0.0,381,304333,卖盘,002370,2025-10-17 22:54:40
10:12:27,7.99,0.0,108,86271,买盘,002370,2025-10-17 22:54:40
10:12:30,7.98,-0.01,368,294004,卖盘,002370,2025-10-17 22:54:40
10:12:33,7.98,0.0,392,313163,卖盘,002370,2025-10-17 22:54:40
10:12:36,7.98,0.0,96,76627,卖盘,002370,2025-10-17 22:54:40
10:12:39,7.98,0.0,862,688258,卖盘,002370,2025-10-17 22:54:40
10:12:42,7.99,0.01,481,384234,买盘,002370,2025-10-17 22:54:40
10:12:45,7.98,-0.01,50,39943,卖盘,002370,2025-10-17 22:54:40
10:12:48,7.99,0.01,62,49491,买盘,002370,2025-10-17 22:54:40
10:12:51,7.98,-0.01,69,55123,卖盘,002370,2025-10-17 22:54:40
10:12:54,7.98,0.0,829,662183,卖盘,002370,2025-10-17 22:54:40
10:12:57,7.98,0.0,103,82268,卖盘,002370,2025-10-17 22:54:40
10:13:00,7.98,0.0,461,367996,卖盘,002370,2025-10-17 22:54:40
10:13:03,7.98,0.0,238,189921,买盘,002370,2025-10-17 22:54:40
10:13:06,7.98,0.0,101,80570,买盘,002370,2025-10-17 22:54:40
10:13:09,7.98,0.0,100,79787,买盘,002370,2025-10-17 22:54:40
10:13:12,7.98,0.0,654,521336,买盘,002370,2025-10-17 22:54:40
10:13:15,7.97,-0.01,573,456857,卖盘,002370,2025-10-17 22:54:40
10:13:18,7.97,0.0,84,66941,卖盘,002370,2025-10-17 22:54:40
10:13:21,7.97,0.0,162,129084,买盘,002370,2025-10-17 22:54:40
10:13:24,7.97,0.0,179,142531,买盘,002370,2025-10-17 22:54:40
10:13:27,7.95,-0.02,1060,842601,卖盘,002370,2025-10-17 22:54:40
10:13:30,7.94,-0.01,150,119324,卖盘,002370,2025-10-17 22:54:40
10:13:33,7.95,0.01,181,143928,买盘,002370,2025-10-17 22:54:40
10:13:36,7.95,0.0,318,253110,买盘,002370,2025-10-17 22:54:40
10:13:39,7.95,0.0,114,90740,卖盘,002370,2025-10-17 22:54:40
10:13:42,7.96,0.01,237,188556,买盘,002370,2025-10-17 22:54:40
10:13:45,7.95,-0.01,47,37366,卖盘,002370,2025-10-17 22:54:40
10:13:48,7.95,0.0,402,319603,卖盘,002370,2025-10-17 22:54:40
10:13:51,7.95,0.0,273,217032,买盘,002370,2025-10-17 22:54:40
10:13:54,7.95,0.0,228,181262,买盘,002370,2025-10-17 22:54:40
10:13:57,7.96,0.01,375,298156,买盘,002370,2025-10-17 22:54:40
10:14:00,7.96,0.0,435,346099,买盘,002370,2025-10-17 22:54:40
10:14:03,7.95,-0.01,65,51710,卖盘,002370,2025-10-17 22:54:40
10:14:06,7.95,0.0,125,99445,卖盘,002370,2025-10-17 22:54:40
10:14:09,7.96,0.01,433,344495,买盘,002370,2025-10-17 22:54:40
10:14:12,7.95,-0.01,127,101021,卖盘,002370,2025-10-17 22:54:40
10:14:15,7.96,0.01,258,205321,买盘,002370,2025-10-17 22:54:40
10:14:18,7.95,-0.01,161,128112,卖盘,002370,2025-10-17 22:54:40
10:14:21,7.96,0.01,463,368504,买盘,002370,2025-10-17 22:54:40
10:14:24,7.96,0.0,86,68756,买盘,002370,2025-10-17 22:54:40
10:14:27,7.97,0.01,60,47812,买盘,002370,2025-10-17 22:54:40
10:14:30,7.96,-0.01,55,43801,卖盘,002370,2025-10-17 22:54:40
10:14:33,7.97,0.01,126,100322,买盘,002370,2025-10-17 22:54:40
10:14:36,7.96,-0.01,91,72487,卖盘,002370,2025-10-17 22:54:40
10:14:39,7.97,0.01,77,61365,买盘,002370,2025-10-17 22:54:40
10:14:42,7.97,0.0,90,71730,买盘,002370,2025-10-17 22:54:40
10:14:45,7.98,0.01,319,254175,买盘,002370,2025-10-17 22:54:40
10:14:48,7.97,-0.01,421,335212,卖盘,002370,2025-10-17 22:54:40
10:14:51,7.97,0.0,135,107541,买盘,002370,2025-10-17 22:54:40
10:14:54,7.97,0.0,67,53397,买盘,002370,2025-10-17 22:54:40
10:14:57,7.97,0.0,393,313211,买盘,002370,2025-10-17 22:54:40
10:15:00,7.97,0.0,364,289918,买盘,002370,2025-10-17 22:54:40
10:15:03,7.97,0.0,268,213491,买盘,002370,2025-10-17 22:54:40
10:15:06,7.97,0.0,448,357034,买盘,002370,2025-10-17 22:54:40
10:15:09,7.97,0.0,628,500312,卖盘,002370,2025-10-17 22:54:40
10:15:12,7.97,0.0,256,204043,卖盘,002370,2025-10-17 22:54:40
10:15:15,7.97,0.0,117,93283,卖盘,002370,2025-10-17 22:54:40
10:15:18,7.97,0.0,142,113200,卖盘,002370,2025-10-17 22:54:40
10:15:21,7.97,0.0,194,154472,卖盘,002370,2025-10-17 22:54:40
10:15:24,7.97,0.0,705,561315,买盘,002370,2025-10-17 22:54:40
10:15:27,7.97,0.0,388,309083,买盘,002370,2025-10-17 22:54:40
10:15:30,7.95,-0.02,260,206809,卖盘,002370,2025-10-17 22:54:40
10:15:33,7.96,0.01,230,182948,买盘,002370,2025-10-17 22:54:40
10:15:36,7.96,0.0,272,216260,买盘,002370,2025-10-17 22:54:40
10:15:39,7.95,-0.01,1704,1354358,卖盘,002370,2025-10-17 22:54:40
10:15:42,7.94,-0.01,252,200116,卖盘,002370,2025-10-17 22:54:40
10:15:45,7.94,0.0,333,264600,卖盘,002370,2025-10-17 22:54:40
10:15:48,7.94,0.0,126,100074,卖盘,002370,2025-10-17 22:54:40
10:15:51,7.95,0.01,59,46886,买盘,002370,2025-10-17 22:54:40
10:15:54,7.95,0.0,182,144660,买盘,002370,2025-10-17 22:54:40
10:15:57,7.94,-0.01,417,331203,卖盘,002370,2025-10-17 22:54:40
10:16:00,7.92,-0.02,1756,1391999,卖盘,002370,2025-10-17 22:54:40
10:16:03,7.92,0.0,213,168673,卖盘,002370,2025-10-17 22:54:40
10:16:06,7.92,0.0,52,41153,买盘,002370,2025-10-17 22:54:40
10:16:09,7.92,0.0,630,499088,买盘,002370,2025-10-17 22:54:40
10:16:12,7.92,0.0,1,792,卖盘,002370,2025-10-17 22:54:40
10:16:15,7.92,0.0,170,134648,卖盘,002370,2025-10-17 22:54:40
10:16:18,7.92,0.0,375,297008,卖盘,002370,2025-10-17 22:54:40
10:16:21,7.92,0.0,63,49908,卖盘,002370,2025-10-17 22:54:40
10:16:24,7.91,-0.01,218,172506,卖盘,002370,2025-10-17 22:54:40
10:16:27,7.93,0.02,186,147290,买盘,002370,2025-10-17 22:54:40
10:16:30,7.93,0.0,175,138620,买盘,002370,2025-10-17 22:54:40
10:16:33,7.92,-0.01,108,85535,卖盘,002370,2025-10-17 22:54:40
10:16:36,7.93,0.01,79,62609,买盘,002370,2025-10-17 22:54:40
10:16:39,7.93,0.0,93,73668,买盘,002370,2025-10-17 22:54:40
10:16:42,7.93,0.0,214,169460,买盘,002370,2025-10-17 22:54:40
10:16:45,7.92,-0.01,77,61060,卖盘,002370,2025-10-17 22:54:40
10:16:48,7.93,0.01,124,97986,买盘,002370,2025-10-17 22:54:40
10:16:51,7.93,0.0,717,567642,买盘,002370,2025-10-17 22:54:40
10:16:54,7.92,-0.01,212,168113,卖盘,002370,2025-10-17 22:54:40
10:16:57,7.92,0.0,771,610801,卖盘,002370,2025-10-17 22:54:40
10:17:00,7.92,0.0,332,262569,卖盘,002370,2025-10-17 22:54:40
10:17:03,7.92,0.0,313,247625,买盘,002370,2025-10-17 22:54:40
10:17:06,7.91,-0.01,325,257345,卖盘,002370,2025-10-17 22:54:40
10:17:09,7.91,0.0,528,417780,卖盘,002370,2025-10-17 22:54:40
10:17:12,7.92,0.01,222,175721,买盘,002370,2025-10-17 22:54:40
10:17:15,7.92,0.0,38,30064,买盘,002370,2025-10-17 22:54:40
10:17:18,7.91,-0.01,953,754620,卖盘,002370,2025-10-17 22:54:40
10:17:21,7.91,0.0,292,231106,卖盘,002370,2025-10-17 22:54:40
10:17:24,7.93,0.02,775,613242,买盘,002370,2025-10-17 22:54:40
10:17:27,7.92,-0.01,66,52281,卖盘,002370,2025-10-17 22:54:40
10:17:30,7.92,0.0,96,76037,卖盘,002370,2025-10-17 22:54:40
10:17:33,7.92,0.0,48,38042,卖盘,002370,2025-10-17 22:54:40
10:17:36,7.93,0.01,152,120496,买盘,002370,2025-10-17 22:54:40
10:17:39,7.92,-0.01,261,206803,卖盘,002370,2025-10-17 22:54:40
10:17:42,7.93,0.01,123,97513,买盘,002370,2025-10-17 22:54:40
10:17:45,7.93,0.0,117,92735,买盘,002370,2025-10-17 22:54:40
10:17:48,7.93,0.0,342,271184,买盘,002370,2025-10-17 22:54:40
10:17:51,7.93,0.0,117,92779,买盘,002370,2025-10-17 22:54:40
10:17:54,7.93,0.0,103,81731,卖盘,002370,2025-10-17 22:54:40
10:17:57,7.94,0.01,29,23002,买盘,002370,2025-10-17 22:54:40
10:18:00,7.94,0.0,24,19044,买盘,002370,2025-10-17 22:54:40
10:18:03,7.94,0.0,86,68283,买盘,002370,2025-10-17 22:54:40
10:18:06,7.94,0.0,137,108778,买盘,002370,2025-10-17 22:54:40
10:18:09,7.93,-0.01,215,170707,卖盘,002370,2025-10-17 22:54:40
10:18:12,7.93,0.0,195,154648,卖盘,002370,2025-10-17 22:54:40
10:18:15,7.93,0.0,290,230037,卖盘,002370,2025-10-17 22:54:40
10:18:18,7.93,0.0,250,198468,卖盘,002370,2025-10-17 22:54:40
10:18:21,7.94,0.01,338,268127,买盘,002370,2025-10-17 22:54:40
10:18:24,7.94,0.0,217,172275,买盘,002370,2025-10-17 22:54:40
10:18:27,7.94,0.0,8,6351,买盘,002370,2025-10-17 22:54:40
10:18:30,7.94,0.0,125,99181,买盘,002370,2025-10-17 22:54:40
10:18:33,7.94,0.0,214,169826,买盘,002370,2025-10-17 22:54:40
10:18:36,7.93,-0.01,313,248357,卖盘,002370,2025-10-17 22:54:40
10:18:39,7.93,0.0,86,68218,卖盘,002370,2025-10-17 22:54:40
10:18:42,7.94,0.01,100,79314,买盘,002370,2025-10-17 22:54:40
10:18:45,7.94,0.0,68,53935,买盘,002370,2025-10-17 22:54:40
10:18:48,7.94,0.0,81,64311,买盘,002370,2025-10-17 22:54:40
10:18:51,7.94,0.0,206,163534,买盘,002370,2025-10-17 22:54:40
10:18:54,7.94,0.0,257,203876,买盘,002370,2025-10-17 22:54:40
10:18:57,7.94,0.0,62,49223,买盘,002370,2025-10-17 22:54:40
10:19:00,7.94,0.0,83,65897,买盘,002370,2025-10-17 22:54:40
10:19:03,7.94,0.0,345,273663,买盘,002370,2025-10-17 22:54:40
10:19:06,7.94,0.0,21,16674,买盘,002370,2025-10-17 22:54:40
10:19:09,7.93,-0.01,348,276041,卖盘,002370,2025-10-17 22:54:40
10:19:12,7.94,0.01,123,97587,买盘,002370,2025-10-17 22:54:40
10:19:15,7.94,0.0,73,57903,买盘,002370,2025-10-17 22:54:40
10:19:18,7.94,0.0,150,118974,买盘,002370,2025-10-17 22:54:40
10:19:21,7.93,-0.01,61,48397,卖盘,002370,2025-10-17 22:54:40
10:19:24,7.93,0.0,980,777162,卖盘,002370,2025-10-17 22:54:40
10:19:27,7.93,0.0,176,139505,买盘,002370,2025-10-17 22:54:40
10:19:30,7.93,0.0,188,148979,买盘,002370,2025-10-17 22:54:40
10:19:33,7.93,0.0,216,171287,买盘,002370,2025-10-17 22:54:40
10:19:36,7.93,0.0,345,273585,买盘,002370,2025-10-17 22:54:40
10:19:39,7.93,0.0,81,64209,卖盘,002370,2025-10-17 22:54:40
10:19:42,7.93,0.0,208,164943,买盘,002370,2025-10-17 22:54:40
10:19:45,7.93,0.0,112,88824,卖盘,002370,2025-10-17 22:54:40
10:19:48,7.93,0.0,149,118168,卖盘,002370,2025-10-17 22:54:40
10:19:51,7.93,0.0,53,42049,卖盘,002370,2025-10-17 22:54:40
10:19:54,7.93,0.0,87,69000,卖盘,002370,2025-10-17 22:54:40
10:19:57,7.93,0.0,334,264926,卖盘,002370,2025-10-17 22:54:40
10:20:00,7.94,0.01,610,483875,买盘,002370,2025-10-17 22:54:40
10:20:03,7.94,0.0,57,45251,买盘,002370,2025-10-17 22:54:40
10:20:06,7.93,-0.01,343,271999,卖盘,002370,2025-10-17 22:54:40
10:20:09,7.93,0.0,347,275163,买盘,002370,2025-10-17 22:54:40
10:20:12,7.93,0.0,178,141182,买盘,002370,2025-10-17 22:54:40
10:20:15,7.93,0.0,264,209331,买盘,002370,2025-10-17 22:54:40
10:20:18,7.92,-0.01,73,57851,卖盘,002370,2025-10-17 22:54:40
10:20:21,7.93,0.01,74,58682,买盘,002370,2025-10-17 22:54:40
10:20:24,7.93,0.0,183,145020,买盘,002370,2025-10-17 22:54:40
10:20:27,7.93,0.0,480,380611,买盘,002370,2025-10-17 22:54:40
10:20:30,7.93,0.0,174,137969,卖盘,002370,2025-10-17 22:54:40
10:20:33,7.93,0.0,73,57856,卖盘,002370,2025-10-17 22:54:40
10:20:36,7.93,0.0,629,498792,卖盘,002370,2025-10-17 22:54:40
10:20:39,7.92,-0.01,190,150503,卖盘,002370,2025-10-17 22:54:40
10:20:42,7.93,0.01,196,155416,买盘,002370,2025-10-17 22:54:40
10:20:45,7.92,-0.01,416,329834,卖盘,002370,2025-10-17 22:54:40
10:20:48,7.93,0.01,268,212424,买盘,002370,2025-10-17 22:54:40
10:20:51,7.92,-0.01,334,264841,卖盘,002370,2025-10-17 22:54:40
10:20:54,7.93,0.01,35,27755,买盘,002370,2025-10-17 22:54:40
10:20:57,7.93,0.0,543,430576,买盘,002370,2025-10-17 22:54:40
10:21:00,7.92,-0.01,672,532243,卖盘,002370,2025-10-17 22:54:40
10:21:03,7.92,0.0,106,83983,卖盘,002370,2025-10-17 22:54:40
10:21:06,7.92,0.0,570,451978,卖盘,002370,2025-10-17 22:54:40
10:21:09,7.93,0.01,151,119630,买盘,002370,2025-10-17 22:54:40
10:21:12,7.92,-0.01,71,56230,卖盘,002370,2025-10-17 22:54:40
10:21:15,7.91,-0.01,43,34054,卖盘,002370,2025-10-17 22:54:40
10:21:18,7.92,0.01,58,45972,中性盘,002370,2025-10-17 22:54:40
10:21:21,7.92,0.0,15,11880,买盘,002370,2025-10-17 22:54:40
10:21:24,7.92,0.0,18,14256,买盘,002370,2025-10-17 22:54:40
10:21:27,7.92,0.0,15,11880,买盘,002370,2025-10-17 22:54:40
10:21:30,7.93,0.01,621,491836,买盘,002370,2025-10-17 22:54:40
10:21:33,7.92,-0.01,297,235202,卖盘,002370,2025-10-17 22:54:40
10:21:36,7.92,0.0,199,157600,买盘,002370,2025-10-17 22:54:40
10:21:39,7.92,0.0,92,72877,卖盘,002370,2025-10-17 22:54:40
10:21:42,7.92,0.0,149,118009,卖盘,002370,2025-10-17 22:54:40
10:21:45,7.93,0.01,25,19819,买盘,002370,2025-10-17 22:54:40
10:21:48,7.92,-0.01,122,96629,卖盘,002370,2025-10-17 22:54:40
10:21:51,7.92,0.0,228,180577,卖盘,002370,2025-10-17 22:54:40
10:21:54,7.92,0.0,124,98208,买盘,002370,2025-10-17 22:54:40
10:21:57,7.92,0.0,38,30096,买盘,002370,2025-10-17 22:54:40
10:22:00,7.92,0.0,55,43548,买盘,002370,2025-10-17 22:54:40
10:22:03,7.92,0.0,1157,916341,买盘,002370,2025-10-17 22:54:40
10:22:06,7.92,0.0,36,28513,卖盘,002370,2025-10-17 22:54:40
10:22:09,7.92,0.0,54,42780,卖盘,002370,2025-10-17 22:54:40
10:22:12,7.92,0.0,245,194152,卖盘,002370,2025-10-17 22:54:40
10:22:15,7.92,0.0,128,101411,卖盘,002370,2025-10-17 22:54:40
10:22:18,7.92,0.0,639,506551,卖盘,002370,2025-10-17 22:54:40
10:22:21,7.93,0.01,95,75256,买盘,002370,2025-10-17 22:54:40
10:22:24,7.93,0.0,197,156110,买盘,002370,2025-10-17 22:54:40
10:22:27,7.93,0.0,62,49136,买盘,002370,2025-10-17 22:54:40
10:22:30,7.93,0.0,222,175969,买盘,002370,2025-10-17 22:54:40
10:22:33,7.92,-0.01,157,124471,卖盘,002370,2025-10-17 22:54:40
10:22:36,7.93,0.01,60,47580,买盘,002370,2025-10-17 22:54:40
10:22:39,7.93,0.0,419,331864,买盘,002370,2025-10-17 22:54:40
10:22:42,7.92,-0.01,125,99008,卖盘,002370,2025-10-17 22:54:40
10:22:45,7.92,0.0,345,273243,买盘,002370,2025-10-17 22:54:40
10:22:48,7.92,0.0,280,221969,卖盘,002370,2025-10-17 22:54:40
10:22:51,7.93,0.01,403,319554,买盘,002370,2025-10-17 22:54:40
10:22:54,7.92,-0.01,212,167941,卖盘,002370,2025-10-17 22:54:40
10:22:57,7.92,0.0,115,91118,卖盘,002370,2025-10-17 22:54:40
10:23:00,7.93,0.01,94,74542,买盘,002370,2025-10-17 22:54:40
10:23:03,7.93,0.0,92,72943,买盘,002370,2025-10-17 22:54:40
10:23:06,7.92,-0.01,213,168869,卖盘,002370,2025-10-17 22:54:40
10:23:09,7.93,0.01,94,74537,买盘,002370,2025-10-17 22:54:40
10:23:12,7.93,0.0,23,18231,买盘,002370,2025-10-17 22:54:40
10:23:15,7.92,-0.01,121,95866,卖盘,002370,2025-10-17 22:54:40
10:23:18,7.92,0.0,409,324062,卖盘,002370,2025-10-17 22:54:40
10:23:21,7.92,0.0,244,193314,卖盘,002370,2025-10-17 22:54:40
10:23:24,7.93,0.01,52,41236,买盘,002370,2025-10-17 22:54:40
10:23:27,7.92,-0.01,87,68922,卖盘,002370,2025-10-17 22:54:40
10:23:30,7.92,0.0,148,117363,卖盘,002370,2025-10-17 22:54:40
10:23:33,7.92,0.0,73,57885,卖盘,002370,2025-10-17 22:54:40
10:23:36,7.92,0.0,55,43595,卖盘,002370,2025-10-17 22:54:40
10:23:39,7.92,0.0,156,123634,卖盘,002370,2025-10-17 22:54:40
10:23:42,7.93,0.01,783,620192,买盘,002370,2025-10-17 22:54:40
10:23:45,7.93,0.0,198,156917,买盘,002370,2025-10-17 22:54:40
10:23:48,7.92,-0.01,12,9506,卖盘,002370,2025-10-17 22:54:40
10:23:51,7.92,0.0,148,117224,卖盘,002370,2025-10-17 22:54:40
10:23:54,7.93,0.01,196,155359,买盘,002370,2025-10-17 22:54:40
10:23:57,7.93,0.0,168,133067,买盘,002370,2025-10-17 22:54:40
10:24:00,7.92,-0.01,178,141033,卖盘,002370,2025-10-17 22:54:40
10:24:03,7.92,0.0,241,191077,卖盘,002370,2025-10-17 22:54:40
10:24:06,7.92,0.0,122,96656,卖盘,002370,2025-10-17 22:54:40
10:24:09,7.93,0.01,282,223411,买盘,002370,2025-10-17 22:54:40
10:24:12,7.93,0.0,163,129115,买盘,002370,2025-10-17 22:54:40
10:24:15,7.92,-0.01,221,175047,卖盘,002370,2025-10-17 22:54:40
10:24:18,7.93,0.01,119,94251,买盘,002370,2025-10-17 22:54:40
10:24:21,7.92,-0.01,395,312840,卖盘,002370,2025-10-17 22:54:40
10:24:24,7.92,0.0,135,106920,买盘,002370,2025-10-17 22:54:40
10:24:27,7.92,0.0,39,30888,买盘,002370,2025-10-17 22:54:40
10:24:30,7.92,0.0,27,21384,卖盘,002370,2025-10-17 22:54:40
10:24:33,7.92,0.0,495,392016,卖盘,002370,2025-10-17 22:54:40
10:24:36,7.92,0.0,59,46707,买盘,002370,2025-10-17 22:54:40
10:24:39,7.92,0.0,170,134521,买盘,002370,2025-10-17 22:54:40
10:24:42,7.92,0.0,152,120290,买盘,002370,2025-10-17 22:54:40
10:24:45,7.92,0.0,115,91076,买盘,002370,2025-10-17 22:54:40
10:24:48,7.91,-0.01,52,41174,卖盘,002370,2025-10-17 22:54:40
10:24:51,7.92,0.01,33,26121,买盘,002370,2025-10-17 22:54:40
10:24:54,7.92,0.0,64,50661,买盘,002370,2025-10-17 22:54:40
10:24:57,7.92,0.0,91,72068,买盘,002370,2025-10-17 22:54:40
10:25:00,7.92,0.0,67,53015,买盘,002370,2025-10-17 22:54:40
10:25:03,7.91,-0.01,137,108437,卖盘,002370,2025-10-17 22:54:40
10:25:06,7.92,0.01,1015,803670,买盘,002370,2025-10-17 22:54:40
10:25:09,7.92,0.0,120,95039,买盘,002370,2025-10-17 22:54:40
10:25:12,7.92,0.0,249,197177,买盘,002370,2025-10-17 22:54:40
10:25:15,7.92,0.0,20,15838,买盘,002370,2025-10-17 22:54:40
10:25:18,7.91,-0.01,391,309628,卖盘,002370,2025-10-17 22:54:40
10:25:21,7.92,0.01,114,90277,买盘,002370,2025-10-17 22:54:40
10:25:24,7.92,0.0,87,68860,买盘,002370,2025-10-17 22:54:40
10:25:27,7.92,0.0,3,2374,买盘,002370,2025-10-17 22:54:40
10:25:30,7.92,0.0,154,121958,买盘,002370,2025-10-17 22:54:40
10:25:33,7.91,-0.01,18,14254,卖盘,002370,2025-10-17 22:54:40
10:25:36,7.92,0.01,11,8712,买盘,002370,2025-10-17 22:54:40
10:25:39,7.91,-0.01,165,130629,卖盘,002370,2025-10-17 22:54:40
10:25:42,7.92,0.01,252,199531,买盘,002370,2025-10-17 22:54:40
10:25:45,7.91,-0.01,141,111570,卖盘,002370,2025-10-17 22:54:40
10:25:48,7.91,0.0,54,42756,卖盘,002370,2025-10-17 22:54:40
10:25:51,7.91,0.0,408,322730,卖盘,002370,2025-10-17 22:54:40
10:25:54,7.91,0.0,121,95719,卖盘,002370,2025-10-17 22:54:40
10:25:57,7.91,0.0,39,30853,卖盘,002370,2025-10-17 22:54:40
10:26:00,7.91,0.0,142,112323,卖盘,002370,2025-10-17 22:54:40
10:26:03,7.91,0.0,227,179573,卖盘,002370,2025-10-17 22:54:40
10:26:06,7.91,0.0,70,55385,卖盘,002370,2025-10-17 22:54:40
10:26:09,7.91,0.0,384,304109,卖盘,002370,2025-10-17 22:54:40
10:26:12,7.91,0.0,1124,889097,卖盘,002370,2025-10-17 22:54:40
10:26:15,7.91,0.0,639,505995,卖盘,002370,2025-10-17 22:54:40
10:26:18,7.91,0.0,99,78336,卖盘,002370,2025-10-17 22:54:40
10:26:21,7.91,0.0,318,251548,卖盘,002370,2025-10-17 22:54:40
10:26:24,7.91,0.0,515,407394,卖盘,002370,2025-10-17 22:54:40
10:26:27,7.91,0.0,209,164967,卖盘,002370,2025-10-17 22:54:40
10:26:30,7.91,0.0,259,204726,买盘,002370,2025-10-17 22:54:40
10:26:33,7.91,0.0,321,253892,买盘,002370,2025-10-17 22:54:40
10:26:36,7.91,0.0,60,47428,买盘,002370,2025-10-17 22:54:40
10:26:39,7.91,0.0,198,156548,买盘,002370,2025-10-17 22:54:40
10:26:42,7.9,-0.01,42,33193,卖盘,002370,2025-10-17 22:54:40
10:26:45,7.91,0.01,89,70376,买盘,002370,2025-10-17 22:54:40
10:26:48,7.9,-0.01,211,166720,卖盘,002370,2025-10-17 22:54:40
10:26:51,7.91,0.01,359,283969,买盘,002370,2025-10-17 22:54:40
10:26:54,7.91,0.0,231,182636,卖盘,002370,2025-10-17 22:54:40
10:26:57,7.9,-0.01,837,661398,卖盘,002370,2025-10-17 22:54:40
10:27:00,7.91,0.01,191,151036,卖盘,002370,2025-10-17 22:54:40
10:27:03,7.91,0.0,479,378879,买盘,002370,2025-10-17 22:54:40
10:27:06,7.91,0.0,179,141602,卖盘,002370,2025-10-17 22:54:40
10:27:09,7.91,0.0,168,132878,卖盘,002370,2025-10-17 22:54:40
10:27:12,7.91,0.0,24,18984,买盘,002370,2025-10-17 22:54:40
10:27:15,7.91,0.0,290,229104,买盘,002370,2025-10-17 22:54:40
10:27:18,7.91,0.0,110,87010,买盘,002370,2025-10-17 22:54:40
10:27:21,7.91,0.0,121,95629,买盘,002370,2025-10-17 22:54:40
10:27:24,7.9,-0.01,878,693965,卖盘,002370,2025-10-17 22:54:40
10:27:27,7.91,0.01,112,88581,买盘,002370,2025-10-17 22:54:40
10:27:30,7.91,0.0,404,319225,买盘,002370,2025-10-17 22:54:40
10:27:33,7.9,-0.01,70,55311,卖盘,002370,2025-10-17 22:54:40
10:27:36,7.9,0.0,127,100412,卖盘,002370,2025-10-17 22:54:40
10:27:39,7.91,0.01,358,283063,买盘,002370,2025-10-17 22:54:40
10:27:42,7.91,0.0,137,108282,买盘,002370,2025-10-17 22:54:40
10:27:45,7.91,0.0,130,102750,买盘,002370,2025-10-17 22:54:40
10:27:48,7.91,0.0,42,33204,买盘,002370,2025-10-17 22:54:40
10:27:51,7.91,0.0,583,460925,买盘,002370,2025-10-17 22:54:40
10:27:54,7.9,-0.01,259,204738,卖盘,002370,2025-10-17 22:54:40
10:27:57,7.9,0.0,127,100347,卖盘,002370,2025-10-17 22:54:40
10:28:00,7.91,0.01,146,115410,买盘,002370,2025-10-17 22:54:40
10:28:03,7.91,0.0,276,218295,买盘,002370,2025-10-17 22:54:40
10:28:06,7.91,0.0,58,45823,买盘,002370,2025-10-17 22:54:40
10:28:09,7.91,0.0,441,348604,买盘,002370,2025-10-17 22:54:40
10:28:12,7.9,-0.01,37,29242,卖盘,002370,2025-10-17 22:54:40
10:28:15,7.91,0.01,1125,888932,买盘,002370,2025-10-17 22:54:40
10:28:18,7.9,-0.01,807,637629,卖盘,002370,2025-10-17 22:54:40
10:28:21,7.9,0.0,572,451890,卖盘,002370,2025-10-17 22:54:40
10:28:24,7.91,0.01,193,152459,买盘,002370,2025-10-17 22:54:40
10:28:27,7.9,-0.01,196,154846,卖盘,002370,2025-10-17 22:54:40
10:28:30,7.91,0.01,415,327827,买盘,002370,2025-10-17 22:54:40
10:28:33,7.89,-0.02,158,124816,卖盘,002370,2025-10-17 22:54:40
10:28:36,7.89,0.0,219,173074,卖盘,002370,2025-10-17 22:54:40
10:28:39,7.9,0.01,15,11858,卖盘,002370,2025-10-17 22:54:40
10:28:42,7.9,0.0,62,48981,卖盘,002370,2025-10-17 22:54:40
10:28:45,7.9,0.0,257,203037,卖盘,002370,2025-10-17 22:54:40
10:28:48,7.9,0.0,582,459467,卖盘,002370,2025-10-17 22:54:40
10:28:51,7.9,0.0,105,82953,卖盘,002370,2025-10-17 22:54:40
10:28:54,7.9,0.0,113,89270,买盘,002370,2025-10-17 22:54:40
10:28:57,7.9,0.0,39,30789,买盘,002370,2025-10-17 22:54:40
10:29:00,7.9,0.0,124,97924,买盘,002370,2025-10-17 22:54:40
10:29:03,7.9,0.0,102,80502,买盘,002370,2025-10-17 22:54:40
10:29:06,7.89,-0.01,277,218574,卖盘,002370,2025-10-17 22:54:40
10:29:09,7.9,0.01,105,82853,买盘,002370,2025-10-17 22:54:40
10:29:12,7.88,-0.02,120,94617,卖盘,002370,2025-10-17 22:54:40
10:29:15,7.9,0.02,270,212831,买盘,002370,2025-10-17 22:54:40
10:29:18,7.88,-0.02,57,45004,卖盘,002370,2025-10-17 22:54:40
10:29:21,7.89,0.01,69,54432,中性盘,002370,2025-10-17 22:54:40
10:29:24,7.9,0.01,624,492829,买盘,002370,2025-10-17 22:54:40
10:29:27,7.9,0.0,302,238377,买盘,002370,2025-10-17 22:54:40
10:29:30,7.89,-0.01,98,77323,卖盘,002370,2025-10-17 22:54:40
10:29:33,7.89,0.0,128,101037,卖盘,002370,2025-10-17 22:54:40
10:29:36,7.88,-0.01,48,37892,卖盘,002370,2025-10-17 22:54:40
10:29:39,7.89,0.01,62,48917,买盘,002370,2025-10-17 22:54:40
10:29:42,7.89,0.0,23,18146,买盘,002370,2025-10-17 22:54:40
10:29:45,7.89,0.0,239,188552,买盘,002370,2025-10-17 22:54:40
10:29:48,7.89,0.0,143,112867,卖盘,002370,2025-10-17 22:54:40
10:29:51,7.89,0.0,125,98625,卖盘,002370,2025-10-17 22:54:40
10:29:54,7.89,0.0,127,100122,卖盘,002370,2025-10-17 22:54:40
10:29:57,7.89,0.0,320,252739,卖盘,002370,2025-10-17 22:54:40
10:30:00,7.9,0.01,86,67869,买盘,002370,2025-10-17 22:54:40
10:30:03,7.88,-0.02,79,62315,卖盘,002370,2025-10-17 22:54:40
10:30:06,7.89,0.01,13,10248,买盘,002370,2025-10-17 22:54:40
10:30:09,7.89,0.0,421,331847,买盘,002370,2025-10-17 22:54:40
10:30:12,7.89,0.0,191,150655,卖盘,002370,2025-10-17 22:54:40
10:30:15,7.89,0.0,113,89083,卖盘,002370,2025-10-17 22:54:40
10:30:18,7.88,-0.01,90,70998,卖盘,002370,2025-10-17 22:54:40
10:30:21,7.89,0.01,38,29980,买盘,002370,2025-10-17 22:54:40
10:30:24,7.88,-0.01,21,16563,卖盘,002370,2025-10-17 22:54:40
10:30:27,7.88,0.0,164,129272,卖盘,002370,2025-10-17 22:54:40
10:30:30,7.89,0.01,449,353955,买盘,002370,2025-10-17 22:54:40
10:30:33,7.89,0.0,86,67852,买盘,002370,2025-10-17 22:54:40
10:30:36,7.88,-0.01,190,149830,卖盘,002370,2025-10-17 22:54:40
10:30:39,7.88,0.0,145,114327,卖盘,002370,2025-10-17 22:54:40
10:30:42,7.88,0.0,753,593378,卖盘,002370,2025-10-17 22:54:40
10:30:45,7.87,-0.01,358,281893,卖盘,002370,2025-10-17 22:54:40
10:30:48,7.88,0.01,737,581040,买盘,002370,2025-10-17 22:54:40
10:30:51,7.88,0.0,281,221428,卖盘,002370,2025-10-17 22:54:40
10:30:54,7.88,0.0,96,75354,卖盘,002370,2025-10-17 22:54:40
10:30:57,7.88,0.0,50,39400,买盘,002370,2025-10-17 22:54:40
10:31:00,7.87,-0.01,38,29929,卖盘,002370,2025-10-17 22:54:40
10:31:03,7.87,0.0,261,205596,卖盘,002370,2025-10-17 22:54:40
10:31:06,7.88,0.01,29,22848,买盘,002370,2025-10-17 22:54:40
10:31:09,7.87,-0.01,231,181972,卖盘,002370,2025-10-17 22:54:40
10:31:12,7.88,0.01,559,440067,买盘,002370,2025-10-17 22:54:40
10:31:15,7.88,0.0,161,126727,买盘,002370,2025-10-17 22:54:40
10:31:18,7.87,-0.01,433,340789,卖盘,002370,2025-10-17 22:54:40
10:31:21,7.87,0.0,164,129058,买盘,002370,2025-10-17 22:54:40
10:31:24,7.86,-0.01,16,12588,卖盘,002370,2025-10-17 22:54:40
10:31:27,7.86,0.0,68,53511,卖盘,002370,2025-10-17 22:54:40
10:31:30,7.88,0.02,227,178563,买盘,002370,2025-10-17 22:54:40
10:31:33,7.87,-0.01,8,6295,买盘,002370,2025-10-17 22:54:40
10:31:36,7.87,0.0,514,404204,买盘,002370,2025-10-17 22:54:40
10:31:39,7.87,0.0,31,24397,卖盘,002370,2025-10-17 22:54:40
10:31:42,7.87,0.0,1076,845963,卖盘,002370,2025-10-17 22:54:40
10:31:45,7.86,-0.01,45,35401,卖盘,002370,2025-10-17 22:54:40
10:31:48,7.86,0.0,47,36959,卖盘,002370,2025-10-17 22:54:40
10:31:51,7.87,0.01,363,285477,买盘,002370,2025-10-17 22:54:40
10:31:54,7.86,-0.01,256,201216,卖盘,002370,2025-10-17 22:54:40
10:31:57,7.86,0.0,57,44805,卖盘,002370,2025-10-17 22:54:40
10:32:00,7.87,0.01,817,642403,买盘,002370,2025-10-17 22:54:40
10:32:03,7.87,0.0,384,302083,买盘,002370,2025-10-17 22:54:40
10:32:06,7.87,0.0,61,48007,买盘,002370,2025-10-17 22:54:40
10:32:09,7.87,0.0,1239,975140,买盘,002370,2025-10-17 22:54:40
10:32:12,7.87,0.0,163,128424,卖盘,002370,2025-10-17 22:54:40
10:32:15,7.88,0.01,772,607254,买盘,002370,2025-10-17 22:54:40
10:32:18,7.88,0.0,135,106265,买盘,002370,2025-10-17 22:54:40
10:32:21,7.88,0.0,139,109474,买盘,002370,2025-10-17 22:54:40
10:32:24,7.88,0.0,2287,1802109,买盘,002370,2025-10-17 22:54:40
10:32:27,7.88,0.0,1456,1146976,买盘,002370,2025-10-17 22:54:40
10:32:30,7.87,-0.01,101,79537,卖盘,002370,2025-10-17 22:54:40
10:32:33,7.88,0.01,385,303601,买盘,002370,2025-10-17 22:54:40
10:32:36,7.88,0.0,56,44128,中性盘,002370,2025-10-17 22:54:40
10:32:39,7.89,0.01,176,138689,买盘,002370,2025-10-17 22:54:40
10:32:42,7.89,0.0,30,23643,买盘,002370,2025-10-17 22:54:40
10:32:45,7.88,-0.01,296,233500,卖盘,002370,2025-10-17 22:54:40
10:32:48,7.88,0.0,499,393653,卖盘,002370,2025-10-17 22:54:40
10:32:51,7.88,0.0,129,101717,卖盘,002370,2025-10-17 22:54:40
10:32:54,7.89,0.01,186,146753,买盘,002370,2025-10-17 22:54:40
10:32:57,7.89,0.0,29,22880,买盘,002370,2025-10-17 22:54:40
10:33:00,7.9,0.01,2601,2053173,买盘,002370,2025-10-17 22:54:40
10:33:03,7.89,-0.01,207,163524,卖盘,002370,2025-10-17 22:54:40
10:33:06,7.9,0.01,312,246315,买盘,002370,2025-10-17 22:54:40
10:33:09,7.9,0.0,415,327742,买盘,002370,2025-10-17 22:54:40
10:33:12,7.9,0.0,274,216294,买盘,002370,2025-10-17 22:54:40
10:33:15,7.9,0.0,892,704622,买盘,002370,2025-10-17 22:54:40
10:33:18,7.9,0.0,145,114525,买盘,002370,2025-10-17 22:54:40
10:33:21,7.89,-0.01,171,135001,卖盘,002370,2025-10-17 22:54:40
10:33:24,7.9,0.01,249,196704,买盘,002370,2025-10-17 22:54:40
10:33:27,7.9,0.0,262,206975,买盘,002370,2025-10-17 22:54:40
10:33:30,7.9,0.0,456,360230,买盘,002370,2025-10-17 22:54:40
10:33:33,7.9,0.0,253,199851,买盘,002370,2025-10-17 22:54:40
10:33:36,7.9,0.0,223,176156,买盘,002370,2025-10-17 22:54:40
10:33:39,7.9,0.0,117,92430,买盘,002370,2025-10-17 22:54:40
10:33:42,7.9,0.0,122,96380,买盘,002370,2025-10-17 22:54:40
10:33:45,7.9,0.0,418,330207,买盘,002370,2025-10-17 22:54:40
10:33:48,7.9,0.0,258,203820,买盘,002370,2025-10-17 22:54:40
10:33:51,7.9,0.0,62,48980,买盘,002370,2025-10-17 22:54:40
10:33:54,7.9,0.0,808,638319,买盘,002370,2025-10-17 22:54:40
10:33:57,7.9,0.0,294,232318,卖盘,002370,2025-10-17 22:54:40
10:34:00,7.92,0.02,1452,1148708,买盘,002370,2025-10-17 22:54:40
10:34:03,7.92,0.0,79,62568,买盘,002370,2025-10-17 22:54:40
10:34:06,7.92,0.0,125,98988,买盘,002370,2025-10-17 22:54:40
10:34:09,7.92,0.0,179,141768,买盘,002370,2025-10-17 22:54:40
10:34:12,7.92,0.0,206,163152,买盘,002370,2025-10-17 22:54:40
10:34:15,7.92,0.0,388,307291,买盘,002370,2025-10-17 22:54:40
10:34:18,7.92,0.0,222,175820,买盘,002370,2025-10-17 22:54:40
10:34:21,7.93,0.01,70,55459,买盘,002370,2025-10-17 22:54:40
10:34:24,7.93,0.0,80,63419,买盘,002370,2025-10-17 22:54:40
10:34:27,7.93,0.0,163,129243,买盘,002370,2025-10-17 22:54:40
10:34:30,7.93,0.0,113,89609,买盘,002370,2025-10-17 22:54:40
10:34:33,7.93,0.0,128,101504,买盘,002370,2025-10-17 22:54:40
10:34:36,7.93,0.0,300,237900,买盘,002370,2025-10-17 22:54:40
10:34:39,7.93,0.0,106,84049,买盘,002370,2025-10-17 22:54:40
10:34:42,7.93,0.0,552,437733,买盘,002370,2025-10-17 22:54:40
10:34:45,7.94,0.01,64,50816,买盘,002370,2025-10-17 22:54:40
10:34:48,7.94,0.0,49,38502,买盘,002370,2025-10-17 22:54:40
10:34:51,7.94,0.0,539,427964,买盘,002370,2025-10-17 22:54:40
10:34:54,7.94,0.0,665,528010,买盘,002370,2025-10-17 22:54:40
10:34:57,7.94,0.0,116,92104,买盘,002370,2025-10-17 22:54:40
10:35:00,7.95,0.01,117,93015,买盘,002370,2025-10-17 22:54:40
10:35:03,7.95,0.0,69,54855,买盘,002370,2025-10-17 22:54:40
10:35:06,7.95,0.0,305,242351,买盘,002370,2025-10-17 22:54:40
10:35:09,7.95,0.0,168,133560,买盘,002370,2025-10-17 22:54:40
10:35:12,7.94,-0.01,1138,904585,卖盘,002370,2025-10-17 22:54:40
10:35:15,7.95,0.01,481,382393,买盘,002370,2025-10-17 22:54:40
10:35:18,7.95,0.0,341,271095,买盘,002370,2025-10-17 22:54:40
10:35:21,7.95,0.0,170,135150,卖盘,002370,2025-10-17 22:54:40
10:35:24,7.95,0.0,727,578672,卖盘,002370,2025-10-17 22:54:40
10:35:27,7.96,0.01,56,44549,买盘,002370,2025-10-17 22:54:40
10:35:30,7.96,0.0,29,23092,买盘,002370,2025-10-17 22:54:40
10:35:33,7.97,0.01,219,174466,买盘,002370,2025-10-17 22:54:40
10:35:36,7.97,0.0,375,298851,买盘,002370,2025-10-17 22:54:40
10:35:39,7.97,0.0,275,219163,买盘,002370,2025-10-17 22:54:40
10:35:42,7.97,0.0,379,302063,买盘,002370,2025-10-17 22:54:40
10:35:45,7.97,0.0,367,292498,买盘,002370,2025-10-17 22:54:40
10:35:48,7.97,0.0,444,353856,买盘,002370,2025-10-17 22:54:40
10:35:51,7.97,0.0,420,334728,买盘,002370,2025-10-17 22:54:40
10:35:54,7.97,0.0,73,58181,买盘,002370,2025-10-17 22:54:40
10:35:57,7.97,0.0,31,24713,卖盘,002370,2025-10-17 22:54:40
10:36:00,7.98,0.01,286,228228,买盘,002370,2025-10-17 22:54:40
10:36:03,7.98,0.0,238,189865,买盘,002370,2025-10-17 22:54:40
10:36:06,7.98,0.0,723,576954,买盘,002370,2025-10-17 22:54:40
10:36:09,7.98,0.0,421,335939,买盘,002370,2025-10-17 22:54:40
10:36:12,7.99,0.01,546,436223,买盘,002370,2025-10-17 22:54:40
10:36:15,7.99,0.0,132,105467,买盘,002370,2025-10-17 22:54:40
10:36:18,7.99,0.0,177,141418,买盘,002370,2025-10-17 22:54:40
10:36:21,7.99,0.0,380,303619,买盘,002370,2025-10-17 22:54:40
10:36:24,7.99,0.0,235,187765,买盘,002370,2025-10-17 22:54:40
10:36:27,8.0,0.01,2162,1728438,买盘,002370,2025-10-17 22:54:40
10:36:30,8.0,0.0,1081,864779,买盘,002370,2025-10-17 22:54:40
10:36:33,8.0,0.0,1451,1160728,买盘,002370,2025-10-17 22:54:40
10:36:36,8.0,0.0,915,731970,买盘,002370,2025-10-17 22:54:40
10:36:39,8.0,0.0,269,215190,买盘,002370,2025-10-17 22:54:40
10:36:42,8.0,0.0,576,460770,买盘,002370,2025-10-17 22:54:40
10:36:45,8.0,0.0,408,326385,买盘,002370,2025-10-17 22:54:40
10:36:48,8.0,0.0,296,236789,买盘,002370,2025-10-17 22:54:40
10:36:51,8.0,0.0,453,362398,买盘,002370,2025-10-17 22:54:40
10:36:54,8.0,0.0,556,444800,买盘,002370,2025-10-17 22:54:40
10:36:57,8.0,0.0,222,177600,买盘,002370,2025-10-17 22:54:40
10:37:00,8.0,0.0,1513,1210400,买盘,002370,2025-10-17 22:54:40
10:37:03,8.0,0.0,520,415995,买盘,002370,2025-10-17 22:54:40
10:37:06,7.99,-0.01,295,235979,卖盘,002370,2025-10-17 22:54:40
10:37:09,8.0,0.01,742,593113,买盘,002370,2025-10-17 22:54:40
10:37:12,8.0,0.0,1176,940464,买盘,002370,2025-10-17 22:54:40
10:37:15,8.0,0.0,639,511014,买盘,002370,2025-10-17 22:54:40
10:37:18,7.99,-0.01,1008,806317,卖盘,002370,2025-10-17 22:54:40
10:37:21,8.0,0.01,724,579191,买盘,002370,2025-10-17 22:54:40
10:37:24,8.01,0.01,222,177605,买盘,002370,2025-10-17 22:54:40
10:37:27,8.01,0.0,563,450939,买盘,002370,2025-10-17 22:54:40
10:37:30,8.01,0.0,196,156975,买盘,002370,2025-10-17 22:54:40
10:37:33,8.02,0.01,1938,1553633,买盘,002370,2025-10-17 22:54:40
10:37:36,8.02,0.0,84,67387,买盘,002370,2025-10-17 22:54:40
10:37:39,8.03,0.01,149,119572,买盘,002370,2025-10-17 22:54:40
10:37:42,8.03,0.0,344,276129,买盘,002370,2025-10-17 22:54:40
10:37:45,8.04,0.01,502,403265,买盘,002370,2025-10-17 22:54:40
10:37:48,8.04,0.0,634,509205,买盘,002370,2025-10-17 22:54:40
10:37:51,8.05,0.01,1000,804920,买盘,002370,2025-10-17 22:54:40
10:37:54,8.05,0.0,550,442748,买盘,002370,2025-10-17 22:54:40
10:37:57,8.06,0.01,352,283634,买盘,002370,2025-10-17 22:54:40
10:38:00,8.06,0.0,379,305443,买盘,002370,2025-10-17 22:54:40
10:38:03,8.06,0.0,1059,853553,买盘,002370,2025-10-17 22:54:40
10:38:06,8.07,0.01,268,216030,买盘,002370,2025-10-17 22:54:40
10:38:09,8.07,0.0,174,140395,买盘,002370,2025-10-17 22:54:40
10:38:12,8.06,-0.01,658,530832,卖盘,002370,2025-10-17 22:54:40
10:38:15,8.06,0.0,1221,984196,卖盘,002370,2025-10-17 22:54:40
10:38:18,8.06,0.0,303,244131,买盘,002370,2025-10-17 22:54:40
10:38:21,8.07,0.01,483,389159,买盘,002370,2025-10-17 22:54:40
10:38:24,8.07,0.0,2035,1640902,买盘,002370,2025-10-17 22:54:40
10:38:27,8.06,-0.01,429,346079,卖盘,002370,2025-10-17 22:54:40
10:38:30,8.06,0.0,225,181439,卖盘,002370,2025-10-17 22:54:40
10:38:33,8.07,0.01,294,237250,买盘,002370,2025-10-17 22:54:40
10:38:36,8.06,-0.01,298,240423,卖盘,002370,2025-10-17 22:54:40
10:38:39,8.07,0.01,188,151706,买盘,002370,2025-10-17 22:54:40
10:38:42,8.06,-0.01,621,500710,卖盘,002370,2025-10-17 22:54:40
10:38:45,8.06,0.0,81,65346,卖盘,002370,2025-10-17 22:54:40
10:38:48,8.07,0.01,277,223470,买盘,002370,2025-10-17 22:54:40
10:38:51,8.07,0.0,1416,1142456,买盘,002370,2025-10-17 22:54:40
10:38:54,8.07,0.0,62,50043,卖盘,002370,2025-10-17 22:54:40
10:38:57,8.08,0.01,661,533596,买盘,002370,2025-10-17 22:54:40
10:39:00,8.08,0.0,277,223662,买盘,002370,2025-10-17 22:54:40
10:39:03,8.08,0.0,1666,1345823,买盘,002370,2025-10-17 22:54:40
10:39:06,8.08,0.0,589,475795,买盘,002370,2025-10-17 22:54:40
10:39:09,8.08,0.0,331,267444,买盘,002370,2025-10-17 22:54:40
10:39:12,8.08,0.0,479,386869,买盘,002370,2025-10-17 22:54:40
10:39:15,8.09,0.01,639,516606,买盘,002370,2025-10-17 22:54:40
10:39:18,8.09,0.0,93,75154,买盘,002370,2025-10-17 22:54:40
10:39:21,8.09,0.0,1164,941466,买盘,002370,2025-10-17 22:54:40
10:39:24,8.09,0.0,185,149644,买盘,002370,2025-10-17 22:54:40
10:39:27,8.09,0.0,227,183629,买盘,002370,2025-10-17 22:54:40
10:39:30,8.09,0.0,234,189274,买盘,002370,2025-10-17 22:54:40
10:39:33,8.09,0.0,1243,1005597,买盘,002370,2025-10-17 22:54:40
10:39:36,8.08,-0.01,1082,874653,卖盘,002370,2025-10-17 22:54:40
10:39:39,8.09,0.01,322,260199,买盘,002370,2025-10-17 22:54:40
10:39:42,8.08,-0.01,182,147059,卖盘,002370,2025-10-17 22:54:40
10:39:45,8.09,0.01,149,120473,买盘,002370,2025-10-17 22:54:40
10:39:48,8.09,0.0,705,569621,买盘,002370,2025-10-17 22:54:40
10:39:51,8.09,0.0,665,537988,卖盘,002370,2025-10-17 22:54:40
10:39:54,8.1,0.01,160,129415,买盘,002370,2025-10-17 22:54:40
10:39:57,8.08,-0.02,377,305080,卖盘,002370,2025-10-17 22:54:40
10:40:00,8.1,0.02,467,377523,买盘,002370,2025-10-17 22:54:40
10:40:03,8.09,-0.01,325,262958,卖盘,002370,2025-10-17 22:54:40
10:40:06,8.1,0.01,270,218448,买盘,002370,2025-10-17 22:54:40
10:40:09,8.1,0.0,80,64737,买盘,002370,2025-10-17 22:54:40
10:40:12,8.1,0.0,464,375601,买盘,002370,2025-10-17 22:54:40
10:40:15,8.09,-0.01,124,100315,卖盘,002370,2025-10-17 22:54:40
10:40:18,8.08,-0.01,264,213476,卖盘,002370,2025-10-17 22:54:40
10:40:21,8.08,0.0,348,281433,买盘,002370,2025-10-17 22:54:40
10:40:24,8.08,0.0,139,112384,卖盘,002370,2025-10-17 22:54:40
10:40:27,8.08,0.0,111,89760,卖盘,002370,2025-10-17 22:54:40
10:40:30,8.08,0.0,211,170488,卖盘,002370,2025-10-17 22:54:40
10:40:33,8.08,0.0,372,300738,卖盘,002370,2025-10-17 22:54:40
10:40:36,8.08,0.0,142,114754,卖盘,002370,2025-10-17 22:54:40
10:40:39,8.09,0.01,292,236104,买盘,002370,2025-10-17 22:54:40
10:40:42,8.09,0.0,162,130905,买盘,002370,2025-10-17 22:54:40
10:40:45,8.08,-0.01,827,668780,卖盘,002370,2025-10-17 22:54:40
10:40:48,8.09,0.01,468,378537,买盘,002370,2025-10-17 22:54:40
10:40:51,8.09,0.0,516,417407,买盘,002370,2025-10-17 22:54:40
10:40:54,8.09,0.0,482,389882,卖盘,002370,2025-10-17 22:54:40
10:40:57,8.08,-0.01,283,228781,卖盘,002370,2025-10-17 22:54:40
10:41:00,8.09,0.01,69,55759,买盘,002370,2025-10-17 22:54:40
10:41:03,8.09,0.0,154,124563,买盘,002370,2025-10-17 22:54:40
10:41:06,8.08,-0.01,245,198077,卖盘,002370,2025-10-17 22:54:40
10:41:09,8.08,0.0,388,313500,卖盘,002370,2025-10-17 22:54:40
10:41:12,8.08,0.0,173,139660,买盘,002370,2025-10-17 22:54:40
10:41:15,8.07,-0.01,103,83213,卖盘,002370,2025-10-17 22:54:40
10:41:18,8.08,0.01,97,78339,买盘,002370,2025-10-17 22:54:40
10:41:21,8.07,-0.01,705,569161,卖盘,002370,2025-10-17 22:54:40
10:41:24,8.07,0.0,65,52440,买盘,002370,2025-10-17 22:54:40
10:41:27,8.07,0.0,25,20166,买盘,002370,2025-10-17 22:54:40
10:41:30,8.07,0.0,1127,910178,买盘,002370,2025-10-17 22:54:40
10:41:33,8.07,0.0,125,100875,卖盘,002370,2025-10-17 22:54:40
10:41:36,8.07,0.0,439,354277,卖盘,002370,2025-10-17 22:54:40
10:41:39,8.06,-0.01,241,194522,卖盘,002370,2025-10-17 22:54:40
10:41:42,8.06,0.0,93,75059,卖盘,002370,2025-10-17 22:54:40
10:41:45,8.06,0.0,127,102165,卖盘,002370,2025-10-17 22:54:40
10:41:48,8.06,0.0,93,75020,买盘,002370,2025-10-17 22:54:40
10:41:51,8.06,0.0,103,83018,买盘,002370,2025-10-17 22:54:40
10:41:54,8.06,0.0,321,258725,买盘,002370,2025-10-17 22:54:40
10:41:57,8.06,0.0,125,100760,卖盘,002370,2025-10-17 22:54:40
10:42:00,8.06,0.0,536,432021,卖盘,002370,2025-10-17 22:54:40
10:42:03,8.06,0.0,143,115261,卖盘,002370,2025-10-17 22:54:40
10:42:06,8.06,0.0,126,101556,卖盘,002370,2025-10-17 22:54:40
10:42:09,8.06,0.0,41,33025,买盘,002370,2025-10-17 22:54:40
10:42:12,8.05,-0.01,156,125664,卖盘,002370,2025-10-17 22:54:40
10:42:15,8.06,0.01,47,37854,买盘,002370,2025-10-17 22:54:40
10:42:18,8.06,0.0,11,8862,买盘,002370,2025-10-17 22:54:40
10:42:21,8.06,0.0,60,48346,买盘,002370,2025-10-17 22:54:40
10:42:24,8.05,-0.01,157,126510,卖盘,002370,2025-10-17 22:54:40
10:42:27,8.06,0.01,53,42686,买盘,002370,2025-10-17 22:54:40
10:42:30,8.05,-0.01,202,162611,卖盘,002370,2025-10-17 22:54:40
10:42:33,8.05,0.0,330,265739,卖盘,002370,2025-10-17 22:54:40
10:42:36,8.06,0.01,19,15299,买盘,002370,2025-10-17 22:54:40
10:42:39,8.05,-0.01,133,107069,卖盘,002370,2025-10-17 22:54:40
10:42:42,8.05,0.0,194,156175,卖盘,002370,2025-10-17 22:54:40
10:42:45,8.05,0.0,154,124041,卖盘,002370,2025-10-17 22:54:40
10:42:48,8.05,0.0,100,80500,卖盘,002370,2025-10-17 22:54:40
10:42:51,8.05,0.0,12,9659,卖盘,002370,2025-10-17 22:54:40
10:42:54,8.05,0.0,29,23345,买盘,002370,2025-10-17 22:54:40
10:42:57,8.04,-0.01,107,86029,卖盘,002370,2025-10-17 22:54:40
10:43:00,8.04,0.0,33,26532,卖盘,002370,2025-10-17 22:54:40
10:43:03,8.04,0.0,12,9648,买盘,002370,2025-10-17 22:54:40
10:43:06,8.04,0.0,140,112560,买盘,002370,2025-10-17 22:54:40
10:43:09,8.03,-0.01,30,24093,卖盘,002370,2025-10-17 22:54:40
10:43:12,8.03,0.0,103,82709,买盘,002370,2025-10-17 22:54:40
10:43:15,8.02,-0.01,49,39303,卖盘,002370,2025-10-17 22:54:40
10:43:18,8.02,0.0,4,3208,买盘,002370,2025-10-17 22:54:40
10:43:21,8.01,-0.01,73,58478,卖盘,002370,2025-10-17 22:54:40
10:43:24,8.01,0.0,102,81710,卖盘,002370,2025-10-17 22:54:40
10:43:27,8.02,0.01,85,68090,买盘,002370,2025-10-17 22:54:40
10:43:30,8.01,-0.01,164,131399,卖盘,002370,2025-10-17 22:54:40
10:43:33,8.01,0.0,62,49662,买盘,002370,2025-10-17 22:54:40
10:43:36,8.0,-0.01,14,11209,卖盘,002370,2025-10-17 22:54:40
10:43:39,8.01,0.01,125,100055,买盘,002370,2025-10-17 22:54:40
10:43:42,8.0,-0.01,321,256821,卖盘,002370,2025-10-17 22:54:40
10:43:45,8.01,0.01,192,153614,买盘,002370,2025-10-17 22:54:40
10:43:48,8.0,-0.01,177,141672,卖盘,002370,2025-10-17 22:54:40
10:43:51,8.01,0.01,61,48860,买盘,002370,2025-10-17 22:54:40
10:43:54,8.0,-0.01,74,59200,卖盘,002370,2025-10-17 22:54:40
10:43:57,8.0,0.0,176,140845,卖盘,002370,2025-10-17 22:54:40
10:44:00,8.0,0.0,150,120024,卖盘,002370,2025-10-17 22:54:40
10:44:03,8.0,0.0,178,142470,卖盘,002370,2025-10-17 22:54:40
10:44:06,8.01,0.01,66,52815,买盘,002370,2025-10-17 22:54:40
10:44:09,8.01,0.0,22,17609,买盘,002370,2025-10-17 22:54:40
10:44:12,8.01,0.0,79,63279,买盘,002370,2025-10-17 22:54:40
10:44:15,8.01,0.0,183,146483,买盘,002370,2025-10-17 22:54:40
10:44:18,8.01,0.0,167,133720,买盘,002370,2025-10-17 22:54:40
10:44:21,8.0,-0.01,138,110523,卖盘,002370,2025-10-17 22:54:40
10:44:24,8.01,0.01,63,50451,买盘,002370,2025-10-17 22:54:40
10:44:27,8.01,0.0,436,349176,买盘,002370,2025-10-17 22:54:40
10:44:30,8.01,0.0,188,150485,买盘,002370,2025-10-17 22:54:40
10:44:33,8.01,0.0,80,64070,买盘,002370,2025-10-17 22:54:40
10:44:36,8.01,0.0,69,55269,买盘,002370,2025-10-17 22:54:40
10:44:39,8.01,0.0,391,313146,买盘,002370,2025-10-17 22:54:40
10:44:42,8.02,0.01,229,183616,买盘,002370,2025-10-17 22:54:40
10:44:45,8.02,0.0,157,125850,买盘,002370,2025-10-17 22:54:40
10:44:48,8.02,0.0,55,44110,买盘,002370,2025-10-17 22:54:40
10:44:51,8.01,-0.01,41,32852,卖盘,002370,2025-10-17 22:54:40
10:44:54,8.02,0.01,33,26461,买盘,002370,2025-10-17 22:54:40
10:44:57,8.02,0.0,70,56140,买盘,002370,2025-10-17 22:54:40
10:45:00,8.02,0.0,26,20852,买盘,002370,2025-10-17 22:54:40
10:45:03,8.02,0.0,87,69770,买盘,002370,2025-10-17 22:54:40
10:45:06,8.01,-0.01,147,117834,卖盘,002370,2025-10-17 22:54:40
10:45:09,8.02,0.01,11,8822,买盘,002370,2025-10-17 22:54:40
10:45:12,8.02,0.0,34,27268,买盘,002370,2025-10-17 22:54:40
10:45:15,8.01,-0.01,50,40054,卖盘,002370,2025-10-17 22:54:40
10:45:18,8.02,0.01,97,77715,买盘,002370,2025-10-17 22:54:40
10:45:21,8.02,0.0,131,104986,买盘,002370,2025-10-17 22:54:40
10:45:24,8.01,-0.01,114,91424,卖盘,002370,2025-10-17 22:54:40
10:45:27,8.01,0.0,28,22448,卖盘,002370,2025-10-17 22:54:40
10:45:30,8.01,0.0,257,206022,卖盘,002370,2025-10-17 22:54:40
10:45:33,8.01,0.0,102,81702,卖盘,002370,2025-10-17 22:54:40
10:45:36,8.02,0.01,37,29641,买盘,002370,2025-10-17 22:54:40
10:45:39,8.01,-0.01,90,72124,卖盘,002370,2025-10-17 22:54:40
10:45:42,8.01,0.0,1288,1030551,买盘,002370,2025-10-17 22:54:40
10:45:45,8.01,0.0,154,123329,买盘,002370,2025-10-17 22:54:40
10:45:48,8.01,0.0,94,75289,买盘,002370,2025-10-17 22:54:40
10:45:51,8.0,-0.01,40,32011,卖盘,002370,2025-10-17 22:54:40
10:45:54,8.0,0.0,30,24027,卖盘,002370,2025-10-17 22:54:40
10:45:57,8.01,0.01,110,88101,买盘,002370,2025-10-17 22:54:40
10:46:00,8.0,-0.01,199,159396,卖盘,002370,2025-10-17 22:54:40
10:46:03,8.0,0.0,30,24027,卖盘,002370,2025-10-17 22:54:40
10:46:06,8.01,0.01,19,15214,买盘,002370,2025-10-17 22:54:40
10:46:09,8.01,0.0,19,15201,买盘,002370,2025-10-17 22:54:40
10:46:12,8.0,-0.01,117,93641,卖盘,002370,2025-10-17 22:54:40
10:46:15,8.0,0.0,53,42424,卖盘,002370,2025-10-17 22:54:40
10:46:18,8.0,0.0,198,158415,卖盘,002370,2025-10-17 22:54:40
10:46:21,8.0,0.0,316,252800,卖盘,002370,2025-10-17 22:54:40
10:46:24,8.0,0.0,117,93641,卖盘,002370,2025-10-17 22:54:40
10:46:27,8.0,0.0,26,20800,买盘,002370,2025-10-17 22:54:40
10:46:30,8.01,0.01,144,115205,买盘,002370,2025-10-17 22:54:40
10:46:33,8.0,-0.01,43,34410,卖盘,002370,2025-10-17 22:54:40
10:46:36,8.01,0.01,7,5606,买盘,002370,2025-10-17 22:54:40
10:46:39,8.01,0.0,94,75294,买盘,002370,2025-10-17 22:54:40
10:46:42,8.01,0.0,161,128909,买盘,002370,2025-10-17 22:54:40
10:46:45,8.01,0.0,61,48806,买盘,002370,2025-10-17 22:54:40
10:46:48,8.01,0.0,8,6407,买盘,002370,2025-10-17 22:54:40
10:46:51,8.0,-0.01,43,34411,卖盘,002370,2025-10-17 22:54:40
10:46:54,8.0,0.0,251,200801,卖盘,002370,2025-10-17 22:54:40
10:46:57,8.01,0.01,278,222565,买盘,002370,2025-10-17 22:54:40
10:47:00,8.0,-0.01,106,84817,卖盘,002370,2025-10-17 22:54:40
10:47:03,8.01,0.01,104,83300,买盘,002370,2025-10-17 22:54:40
10:47:06,8.01,0.0,43,34407,买盘,002370,2025-10-17 22:54:40
10:47:09,8.01,0.0,8,6408,买盘,002370,2025-10-17 22:54:40
10:47:12,8.0,-0.01,24,19216,卖盘,002370,2025-10-17 22:54:40
10:47:15,8.01,0.01,73,58425,买盘,002370,2025-10-17 22:54:40
10:47:18,8.01,0.0,22,17607,买盘,002370,2025-10-17 22:54:40
10:47:21,8.0,-0.01,41,32803,卖盘,002370,2025-10-17 22:54:40
10:47:24,8.01,0.01,171,136971,买盘,002370,2025-10-17 22:54:40
10:47:27,8.01,0.0,212,169812,买盘,002370,2025-10-17 22:54:40
10:47:30,8.0,-0.01,270,216039,卖盘,002370,2025-10-17 22:54:40
10:47:33,8.0,0.0,10,8008,卖盘,002370,2025-10-17 22:54:40
10:47:36,8.01,0.01,64,51262,买盘,002370,2025-10-17 22:54:40
10:47:39,8.0,-0.01,11,8810,卖盘,002370,2025-10-17 22:54:40
10:47:42,8.0,0.0,45,36000,卖盘,002370,2025-10-17 22:54:40
10:47:45,8.01,0.01,27,21622,买盘,002370,2025-10-17 22:54:40
10:47:48,8.01,0.0,9,7209,买盘,002370,2025-10-17 22:54:40
10:47:51,8.01,0.0,64,51244,买盘,002370,2025-10-17 22:54:40
10:47:54,8.01,0.0,205,164042,买盘,002370,2025-10-17 22:54:40
10:47:57,7.99,-0.02,275,219993,卖盘,002370,2025-10-17 22:54:40
10:48:00,7.99,0.0,90,72019,卖盘,002370,2025-10-17 22:54:40
10:48:03,7.99,0.0,300,239704,卖盘,002370,2025-10-17 22:54:40
10:48:06,7.99,0.0,114,91086,卖盘,002370,2025-10-17 22:54:40
10:48:09,7.98,-0.01,25,19974,卖盘,002370,2025-10-17 22:54:40
10:48:12,7.99,0.01,15,11985,买盘,002370,2025-10-17 22:54:40
10:48:15,7.99,0.0,51,40716,买盘,002370,2025-10-17 22:54:40
10:48:18,7.99,0.0,88,70247,买盘,002370,2025-10-17 22:54:40
10:48:21,7.99,0.0,65,51931,买盘,002370,2025-10-17 22:54:40
10:48:24,7.99,0.0,21,16777,买盘,002370,2025-10-17 22:54:40
10:48:27,7.99,0.0,1228,979966,买盘,002370,2025-10-17 22:54:40
10:48:30,7.98,-0.01,46,36740,卖盘,002370,2025-10-17 22:54:40
10:48:33,7.98,0.0,5,3993,卖盘,002370,2025-10-17 22:54:40
10:48:36,7.99,0.01,35,27963,买盘,002370,2025-10-17 22:54:40
10:48:39,7.99,0.0,62,49537,买盘,002370,2025-10-17 22:54:40
10:48:42,7.98,-0.01,185,147769,卖盘,002370,2025-10-17 22:54:40
10:48:45,7.99,0.01,8,6392,买盘,002370,2025-10-17 22:54:40
10:48:48,7.99,0.0,32,25557,买盘,002370,2025-10-17 22:54:40
10:48:51,7.98,-0.01,1,798,卖盘,002370,2025-10-17 22:54:40
10:48:54,7.99,0.01,5,3993,买盘,002370,2025-10-17 22:54:40
10:48:57,7.98,-0.01,72,57518,卖盘,002370,2025-10-17 22:54:40
10:49:00,7.99,0.01,120,95851,买盘,002370,2025-10-17 22:54:40
10:49:03,7.99,0.0,5,3995,买盘,002370,2025-10-17 22:54:40
10:49:06,7.99,0.0,253,202362,买盘,002370,2025-10-17 22:54:40
10:49:09,7.99,0.0,123,98284,卖盘,002370,2025-10-17 22:54:40
10:49:12,7.99,0.0,9,7193,卖盘,002370,2025-10-17 22:54:40
10:49:15,8.0,0.01,9,7193,买盘,002370,2025-10-17 22:54:40
10:49:18,7.99,-0.01,2,1598,卖盘,002370,2025-10-17 22:54:40
10:49:21,8.0,0.01,14,11200,买盘,002370,2025-10-17 22:54:40
10:49:24,8.0,0.0,29,23195,买盘,002370,2025-10-17 22:54:40
10:49:27,8.0,0.0,410,328000,买盘,002370,2025-10-17 22:54:40
10:49:30,8.0,0.0,72,57595,买盘,002370,2025-10-17 22:54:40
10:49:33,8.0,0.0,68,54400,买盘,002370,2025-10-17 22:54:40
10:49:36,8.0,0.0,72,57597,买盘,002370,2025-10-17 22:54:40
10:49:39,8.0,0.0,224,179185,买盘,002370,2025-10-17 22:54:40
10:49:42,8.0,0.0,53,42400,买盘,002370,2025-10-17 22:54:40
10:49:45,8.0,0.0,300,239980,买盘,002370,2025-10-17 22:54:40
10:49:48,8.0,0.0,160,127998,买盘,002370,2025-10-17 22:54:40
10:49:51,8.0,0.0,40,32000,买盘,002370,2025-10-17 22:54:40
10:49:54,8.0,0.0,4,3200,卖盘,002370,2025-10-17 22:54:40
10:49:57,8.0,0.0,50,40000,卖盘,002370,2025-10-17 22:54:40
10:50:00,8.01,0.01,66,52812,买盘,002370,2025-10-17 22:54:40
10:50:03,8.01,0.0,19,15218,买盘,002370,2025-10-17 22:54:40
10:50:06,8.01,0.0,18,14418,买盘,002370,2025-10-17 22:54:40
10:50:09,8.01,0.0,14,11201,买盘,002370,2025-10-17 22:54:40
10:50:12,8.01,0.0,59,47243,买盘,002370,2025-10-17 22:54:40
10:50:15,8.0,-0.01,315,252115,卖盘,002370,2025-10-17 22:54:40
10:50:18,8.01,0.01,128,102418,买盘,002370,2025-10-17 22:54:40
10:50:21,8.01,0.0,110,88100,买盘,002370,2025-10-17 22:54:40
10:50:24,8.01,0.0,216,172985,买盘,002370,2025-10-17 22:54:40
10:50:27,8.0,-0.01,47,37642,卖盘,002370,2025-10-17 22:54:40
10:50:30,8.01,0.01,29,23229,买盘,002370,2025-10-17 22:54:40
10:50:33,8.01,0.0,110,88089,买盘,002370,2025-10-17 22:54:40
10:50:36,8.01,0.0,137,109727,买盘,002370,2025-10-17 22:54:40
10:50:39,8.01,0.0,58,46458,买盘,002370,2025-10-17 22:54:40
10:50:42,8.01,0.0,303,242703,买盘,002370,2025-10-17 22:54:40
10:50:45,8.01,0.0,28,22428,买盘,002370,2025-10-17 22:54:40
10:50:48,8.01,0.0,40,32040,买盘,002370,2025-10-17 22:54:40
10:50:51,8.01,0.0,228,182628,买盘,002370,2025-10-17 22:54:40
10:50:54,8.01,0.0,16,12816,卖盘,002370,2025-10-17 22:54:40
10:50:57,8.02,0.01,67,53716,买盘,002370,2025-10-17 22:54:40
10:51:00,8.02,0.0,64,51307,买盘,002370,2025-10-17 22:54:40
10:51:03,8.02,0.0,577,462659,买盘,002370,2025-10-17 22:54:40
10:51:06,8.02,0.0,257,205892,买盘,002370,2025-10-17 22:54:40
10:51:09,8.02,0.0,37,29653,买盘,002370,2025-10-17 22:54:40
10:51:12,8.01,-0.01,306,245213,卖盘,002370,2025-10-17 22:54:40
10:51:15,8.02,0.01,129,103394,买盘,002370,2025-10-17 22:54:40
10:51:18,8.01,-0.01,5,4005,卖盘,002370,2025-10-17 22:54:40
10:51:21,8.02,0.01,19,15224,买盘,002370,2025-10-17 22:54:40
10:51:24,8.02,0.0,20,16035,买盘,002370,2025-10-17 22:54:40
10:51:27,8.02,0.0,65,52130,买盘,002370,2025-10-17 22:54:40
10:51:30,8.02,0.0,289,231578,买盘,002370,2025-10-17 22:54:40
10:51:33,8.02,0.0,111,89002,买盘,002370,2025-10-17 22:54:40
10:51:36,8.02,0.0,54,43308,买盘,002370,2025-10-17 22:54:40
10:51:39,8.02,0.0,370,296729,买盘,002370,2025-10-17 22:54:40
10:51:42,8.02,0.0,51,40881,买盘,002370,2025-10-17 22:54:40
10:51:45,8.02,0.0,451,361702,买盘,002370,2025-10-17 22:54:40
10:51:48,8.02,0.0,50,40097,买盘,002370,2025-10-17 22:54:40
10:51:51,8.01,-0.01,105,84207,卖盘,002370,2025-10-17 22:54:40
10:51:54,8.01,0.0,61,48909,卖盘,002370,2025-10-17 22:54:40
10:51:57,8.02,0.01,9,7218,买盘,002370,2025-10-17 22:54:40
10:52:00,8.01,-0.01,10,8018,卖盘,002370,2025-10-17 22:54:40
10:52:03,8.02,0.01,77,61750,买盘,002370,2025-10-17 22:54:40
10:52:06,8.02,0.0,46,36892,买盘,002370,2025-10-17 22:54:40
10:52:09,8.02,0.0,39,31273,买盘,002370,2025-10-17 22:54:40
10:52:12,8.02,0.0,52,41684,买盘,002370,2025-10-17 22:54:40
10:52:15,8.02,0.0,118,94636,买盘,002370,2025-10-17 22:54:40
10:52:18,8.02,0.0,111,89016,买盘,002370,2025-10-17 22:54:40
10:52:21,8.02,0.0,49,39292,买盘,002370,2025-10-17 22:54:40
10:52:24,8.02,0.0,17,13632,买盘,002370,2025-10-17 22:54:40
10:52:27,8.02,0.0,106,85012,买盘,002370,2025-10-17 22:54:40
10:52:30,8.02,0.0,94,75383,买盘,002370,2025-10-17 22:54:40
10:52:33,8.02,0.0,45,36082,买盘,002370,2025-10-17 22:54:40
10:52:36,8.02,0.0,107,85752,买盘,002370,2025-10-17 22:54:40
10:52:39,8.02,0.0,193,154774,买盘,002370,2025-10-17 22:54:40
10:52:42,8.02,0.0,100,80200,卖盘,002370,2025-10-17 22:54:40
10:52:45,8.02,0.0,16,12832,卖盘,002370,2025-10-17 22:54:40
10:52:48,8.03,0.01,25,20072,买盘,002370,2025-10-17 22:54:40
10:52:51,8.03,0.0,109,87425,买盘,002370,2025-10-17 22:54:40
10:52:54,8.03,0.0,45,36131,买盘,002370,2025-10-17 22:54:40
10:52:57,8.03,0.0,18,14444,买盘,002370,2025-10-17 22:54:40
10:53:00,8.03,0.0,59,47377,买盘,002370,2025-10-17 22:54:40
10:53:03,8.02,-0.01,320,256892,卖盘,002370,2025-10-17 22:54:40
10:53:06,8.03,0.01,82,65839,买盘,002370,2025-10-17 22:54:40
10:53:09,8.03,0.0,163,130884,买盘,002370,2025-10-17 22:54:40
10:53:12,8.03,0.0,80,64240,买盘,002370,2025-10-17 22:54:40
10:53:15,8.03,0.0,60,48137,买盘,002370,2025-10-17 22:54:40
10:53:18,8.03,0.0,259,207956,买盘,002370,2025-10-17 22:54:40
10:53:21,8.03,0.0,28,22484,买盘,002370,2025-10-17 22:54:40
10:53:24,8.03,0.0,235,188631,买盘,002370,2025-10-17 22:54:40
10:53:27,8.03,0.0,207,166036,买盘,002370,2025-10-17 22:54:40
10:53:30,8.03,0.0,220,176643,买盘,002370,2025-10-17 22:54:40
10:53:33,8.03,0.0,63,50589,买盘,002370,2025-10-17 22:54:40
10:53:36,8.03,0.0,10,8030,卖盘,002370,2025-10-17 22:54:40
10:53:39,8.03,0.0,145,116435,卖盘,002370,2025-10-17 22:54:40
10:53:42,8.04,0.01,46,36972,买盘,002370,2025-10-17 22:54:40
10:53:45,8.03,-0.01,223,179271,卖盘,002370,2025-10-17 22:54:40
