时间,成交价,价格变动,成交量,成交额,买卖盘性质,股票代码,采集时间
09:25:00,12.99,-0.09,26665,34637835,卖盘,002320,2025-10-17 22:46:54
09:30:00,12.85,-0.14,11689,15027673,卖盘,002320,2025-10-17 22:46:54
09:30:03,12.85,0.0,13772,17679918,买盘,002320,2025-10-17 22:46:54
09:30:06,12.75,-0.1,2817,3604803,卖盘,002320,2025-10-17 22:46:54
09:30:09,12.74,-0.01,3174,4040941,卖盘,002320,2025-10-17 22:46:54
09:30:12,12.68,-0.06,894,1134240,卖盘,002320,2025-10-17 22:46:54
09:30:15,12.62,-0.06,2196,2785538,卖盘,002320,2025-10-17 22:46:54
09:30:18,12.66,0.04,4606,5822969,买盘,002320,2025-10-17 22:46:54
09:30:21,12.7,0.04,3181,4037225,买盘,002320,2025-10-17 22:46:54
09:30:24,12.7,0.0,2603,3309524,买盘,002320,2025-10-17 22:46:54
09:30:27,12.78,0.08,2127,2709735,买盘,002320,2025-10-17 22:46:54
09:30:30,12.81,0.03,2144,2745340,买盘,002320,2025-10-17 22:46:54
09:30:33,12.84,0.03,2722,3488731,买盘,002320,2025-10-17 22:46:54
09:30:36,12.85,0.01,8365,10704006,中性盘,002320,2025-10-17 22:46:54
09:30:39,12.87,0.02,14278,18350553,买盘,002320,2025-10-17 22:46:54
09:30:42,12.94,0.07,6745,8711357,买盘,002320,2025-10-17 22:46:54
09:30:45,12.95,0.01,2226,2877141,中性盘,002320,2025-10-17 22:46:54
09:30:48,12.94,-0.01,3785,4904832,卖盘,002320,2025-10-17 22:46:54
09:30:51,12.95,0.01,3307,4283968,买盘,002320,2025-10-17 22:46:54
09:30:54,12.95,0.0,8215,10589864,卖盘,002320,2025-10-17 22:46:54
09:30:57,12.95,0.0,2289,2959554,买盘,002320,2025-10-17 22:46:54
09:31:00,12.92,-0.03,4813,6222957,中性盘,002320,2025-10-17 22:46:54
09:31:03,12.97,0.05,7237,9352270,买盘,002320,2025-10-17 22:46:54
09:31:06,12.95,-0.02,3271,4240602,卖盘,002320,2025-10-17 22:46:54
09:31:09,12.95,0.0,2353,3045961,买盘,002320,2025-10-17 22:46:54
09:31:12,13.04,0.09,23544,30580371,买盘,002320,2025-10-17 22:46:54
09:31:15,13.14,0.1,5577,7301787,买盘,002320,2025-10-17 22:46:54
09:31:18,13.09,-0.05,1023,1342487,卖盘,002320,2025-10-17 22:46:54
09:31:21,13.17,0.08,709,932549,买盘,002320,2025-10-17 22:46:54
09:31:24,13.18,0.01,971,1279502,买盘,002320,2025-10-17 22:46:54
09:31:27,13.18,0.0,1864,2457589,买盘,002320,2025-10-17 22:46:54
09:31:30,13.2,0.02,4807,6335246,买盘,002320,2025-10-17 22:46:54
09:31:33,13.25,0.05,1545,2042433,买盘,002320,2025-10-17 22:46:54
09:31:36,13.27,0.02,2782,3686932,买盘,002320,2025-10-17 22:46:54
09:31:39,13.27,0.0,2051,2721776,买盘,002320,2025-10-17 22:46:54
09:31:42,13.33,0.06,2013,2676334,买盘,002320,2025-10-17 22:46:54
09:31:45,13.29,-0.04,1852,2461246,卖盘,002320,2025-10-17 22:46:54
09:31:48,13.28,-0.01,4237,5639972,卖盘,002320,2025-10-17 22:46:54
09:31:51,13.29,0.01,6711,8917843,买盘,002320,2025-10-17 22:46:54
09:31:54,13.28,-0.01,2853,3790375,卖盘,002320,2025-10-17 22:46:54
09:31:57,13.28,0.0,4523,6003628,买盘,002320,2025-10-17 22:46:54
09:32:00,13.25,-0.03,5422,7182893,卖盘,002320,2025-10-17 22:46:54
09:32:03,13.23,-0.02,4441,5875806,中性盘,002320,2025-10-17 22:46:54
09:32:06,13.19,-0.04,3232,4267098,卖盘,002320,2025-10-17 22:46:54
09:32:09,13.2,0.01,4193,5536779,买盘,002320,2025-10-17 22:46:54
09:32:12,13.21,0.01,5652,7485908,买盘,002320,2025-10-17 22:46:54
09:32:15,13.29,0.08,4207,5561419,买盘,002320,2025-10-17 22:46:54
09:32:18,13.3,0.01,3970,5279982,买盘,002320,2025-10-17 22:46:54
09:32:21,13.34,0.04,2047,2724698,中性盘,002320,2025-10-17 22:46:54
09:32:24,13.31,-0.03,2145,2854685,卖盘,002320,2025-10-17 22:46:54
09:32:27,13.31,0.0,2047,2727494,卖盘,002320,2025-10-17 22:46:54
09:32:30,13.31,0.0,1809,2408182,卖盘,002320,2025-10-17 22:46:54
09:32:33,13.32,0.01,1437,1912718,买盘,002320,2025-10-17 22:46:54
09:32:36,13.31,-0.01,2703,3597288,中性盘,002320,2025-10-17 22:46:54
09:32:39,13.32,0.01,3633,4841796,买盘,002320,2025-10-17 22:46:54
09:32:42,13.34,0.02,727,969433,买盘,002320,2025-10-17 22:46:54
09:32:45,13.33,-0.01,4360,5814436,卖盘,002320,2025-10-17 22:46:54
09:32:48,13.32,-0.01,1027,1369380,卖盘,002320,2025-10-17 22:46:54
09:32:51,13.31,-0.01,2716,3620897,卖盘,002320,2025-10-17 22:46:54
09:32:54,13.32,0.01,1090,1451516,买盘,002320,2025-10-17 22:46:54
09:32:57,13.32,0.0,735,979276,买盘,002320,2025-10-17 22:46:54
09:33:00,13.33,0.01,1381,1839480,买盘,002320,2025-10-17 22:46:54
09:33:03,13.35,0.02,7453,9918925,买盘,002320,2025-10-17 22:46:54
09:33:06,13.35,0.0,1336,1783729,卖盘,002320,2025-10-17 22:46:54
09:33:09,13.35,0.0,1697,2265709,买盘,002320,2025-10-17 22:46:54
09:33:12,13.35,0.0,637,850104,买盘,002320,2025-10-17 22:46:54
09:33:15,13.35,0.0,1382,1844598,买盘,002320,2025-10-17 22:46:54
09:33:18,13.35,0.0,1004,1340325,卖盘,002320,2025-10-17 22:46:54
09:33:21,13.32,-0.03,3635,4848597,卖盘,002320,2025-10-17 22:46:54
09:33:24,13.36,0.04,4495,6003123,买盘,002320,2025-10-17 22:46:54
09:33:27,13.4,0.04,5237,7007037,买盘,002320,2025-10-17 22:46:54
09:33:30,13.4,0.0,1248,1674127,卖盘,002320,2025-10-17 22:46:54
09:33:33,13.45,0.05,2061,2769968,买盘,002320,2025-10-17 22:46:54
09:33:36,13.46,0.01,2000,2690171,中性盘,002320,2025-10-17 22:46:54
09:33:39,13.44,-0.02,3475,4666325,卖盘,002320,2025-10-17 22:46:54
09:33:42,13.45,0.01,2409,3236556,买盘,002320,2025-10-17 22:46:54
09:33:45,13.47,0.02,4050,5447822,买盘,002320,2025-10-17 22:46:54
09:33:48,13.46,-0.01,3300,4442741,卖盘,002320,2025-10-17 22:46:54
09:33:51,13.46,0.0,1596,2148831,买盘,002320,2025-10-17 22:46:54
09:33:54,13.44,-0.02,2151,2895317,卖盘,002320,2025-10-17 22:46:54
09:33:57,13.46,0.02,3041,4092655,买盘,002320,2025-10-17 22:46:54
09:34:00,13.46,0.0,2198,2958563,卖盘,002320,2025-10-17 22:46:54
09:34:03,13.46,0.0,3370,4535189,卖盘,002320,2025-10-17 22:46:54
09:34:06,13.47,0.01,1894,2549756,买盘,002320,2025-10-17 22:46:54
09:34:09,13.4,-0.07,6736,9041568,卖盘,002320,2025-10-17 22:46:54
09:34:12,13.4,0.0,763,1023223,卖盘,002320,2025-10-17 22:46:54
09:34:15,13.34,-0.06,1910,2546790,卖盘,002320,2025-10-17 22:46:54
09:34:18,13.3,-0.04,759,1012081,中性盘,002320,2025-10-17 22:46:54
09:34:21,13.3,0.0,2906,3874541,卖盘,002320,2025-10-17 22:46:54
09:34:24,13.29,-0.01,1217,1617985,卖盘,002320,2025-10-17 22:46:54
09:34:27,13.29,0.0,947,1257006,买盘,002320,2025-10-17 22:46:54
09:34:30,13.23,-0.06,1127,1494316,卖盘,002320,2025-10-17 22:46:54
09:34:33,13.23,0.0,1221,1615345,买盘,002320,2025-10-17 22:46:54
09:34:36,13.22,-0.01,3018,3993555,卖盘,002320,2025-10-17 22:46:54
09:34:39,13.24,0.02,2704,3579576,中性盘,002320,2025-10-17 22:46:54
09:34:42,13.25,0.01,1583,2095608,中性盘,002320,2025-10-17 22:46:54
09:34:45,13.29,0.04,1032,1368204,买盘,002320,2025-10-17 22:46:54
09:34:48,13.3,0.01,1062,1410620,买盘,002320,2025-10-17 22:46:54
09:34:51,13.31,0.01,618,822975,买盘,002320,2025-10-17 22:46:54
09:34:54,13.32,0.01,490,653664,中性盘,002320,2025-10-17 22:46:54
09:34:57,13.36,0.04,1071,1428219,买盘,002320,2025-10-17 22:46:54
09:35:00,13.36,0.0,1247,1664514,卖盘,002320,2025-10-17 22:46:54
09:35:03,13.33,-0.03,909,1211236,中性盘,002320,2025-10-17 22:46:54
09:35:06,13.29,-0.04,2718,3621084,卖盘,002320,2025-10-17 22:46:54
09:35:09,13.27,-0.02,994,1322811,卖盘,002320,2025-10-17 22:46:54
09:35:12,13.26,-0.01,3223,4292108,卖盘,002320,2025-10-17 22:46:54
09:35:15,13.25,-0.01,1705,2258492,卖盘,002320,2025-10-17 22:46:54
09:35:18,13.22,-0.03,627,829139,卖盘,002320,2025-10-17 22:46:54
09:35:21,13.2,-0.02,1226,1619352,卖盘,002320,2025-10-17 22:46:54
09:35:24,13.19,-0.01,1306,1722550,卖盘,002320,2025-10-17 22:46:54
09:35:27,13.16,-0.03,888,1169786,卖盘,002320,2025-10-17 22:46:54
09:35:30,13.16,0.0,5273,6945060,买盘,002320,2025-10-17 22:46:54
09:35:33,13.22,0.06,1381,1816660,买盘,002320,2025-10-17 22:46:54
09:35:36,13.16,-0.06,917,1209746,卖盘,002320,2025-10-17 22:46:54
09:35:39,13.22,0.06,508,671735,中性盘,002320,2025-10-17 22:46:54
09:35:42,13.22,0.0,623,823379,卖盘,002320,2025-10-17 22:46:54
09:35:45,13.21,-0.01,654,863523,中性盘,002320,2025-10-17 22:46:54
09:35:48,13.2,-0.01,287,378868,中性盘,002320,2025-10-17 22:46:54
09:35:51,13.21,0.01,2334,3084601,买盘,002320,2025-10-17 22:46:54
09:35:54,13.23,0.02,662,873981,买盘,002320,2025-10-17 22:46:54
09:35:57,13.23,0.0,2262,2985386,买盘,002320,2025-10-17 22:46:54
09:36:00,13.25,0.02,456,603810,买盘,002320,2025-10-17 22:46:54
09:36:03,13.36,0.11,6323,8409273,买盘,002320,2025-10-17 22:46:54
09:36:06,13.28,-0.08,166,220660,中性盘,002320,2025-10-17 22:46:54
09:36:09,13.29,0.01,1762,2340707,中性盘,002320,2025-10-17 22:46:54
09:36:12,13.28,-0.01,617,821928,卖盘,002320,2025-10-17 22:46:54
09:36:15,13.28,0.0,766,1018292,买盘,002320,2025-10-17 22:46:54
09:36:18,13.33,0.05,1207,1606044,中性盘,002320,2025-10-17 22:46:54
09:36:21,13.32,-0.01,3013,4003278,中性盘,002320,2025-10-17 22:46:54
09:36:24,13.31,-0.01,1312,1746249,中性盘,002320,2025-10-17 22:46:54
09:36:27,13.31,0.0,2187,2909559,买盘,002320,2025-10-17 22:46:54
09:36:30,13.31,0.0,714,949544,买盘,002320,2025-10-17 22:46:54
09:36:33,13.31,0.0,1856,2469771,买盘,002320,2025-10-17 22:46:54
09:36:36,13.31,0.0,1610,2143030,买盘,002320,2025-10-17 22:46:54
09:36:39,13.31,0.0,769,1023233,卖盘,002320,2025-10-17 22:46:54
09:36:42,13.31,0.0,725,964057,买盘,002320,2025-10-17 22:46:54
09:36:45,13.29,-0.02,677,899734,中性盘,002320,2025-10-17 22:46:54
09:36:48,13.26,-0.03,874,1160523,卖盘,002320,2025-10-17 22:46:54
09:36:51,13.26,0.0,701,928699,买盘,002320,2025-10-17 22:46:54
09:36:54,13.22,-0.04,1067,1411559,卖盘,002320,2025-10-17 22:46:54
09:36:57,13.21,-0.01,466,615846,卖盘,002320,2025-10-17 22:46:54
09:37:00,13.21,0.0,764,1009044,买盘,002320,2025-10-17 22:46:54
09:37:03,13.2,-0.01,851,1123167,卖盘,002320,2025-10-17 22:46:54
09:37:06,13.2,0.0,597,788004,买盘,002320,2025-10-17 22:46:54
09:37:09,13.2,0.0,1017,1341579,卖盘,002320,2025-10-17 22:46:54
09:37:12,13.2,0.0,727,959019,买盘,002320,2025-10-17 22:46:54
09:37:15,13.2,0.0,469,618682,买盘,002320,2025-10-17 22:46:54
09:37:18,13.2,0.0,433,571865,买盘,002320,2025-10-17 22:46:54
09:37:21,13.19,-0.01,974,1285016,中性盘,002320,2025-10-17 22:46:54
09:37:24,13.2,0.01,637,840296,买盘,002320,2025-10-17 22:46:54
09:37:27,13.19,-0.01,1606,2115238,中性盘,002320,2025-10-17 22:46:54
09:37:30,13.19,0.0,450,593517,买盘,002320,2025-10-17 22:46:54
09:37:33,13.18,-0.01,927,1222228,卖盘,002320,2025-10-17 22:46:54
09:37:36,13.18,0.0,333,438671,买盘,002320,2025-10-17 22:46:54
09:37:39,13.18,0.0,375,493868,买盘,002320,2025-10-17 22:46:54
09:37:42,13.17,-0.01,695,915775,卖盘,002320,2025-10-17 22:46:54
09:37:45,13.17,0.0,1498,1972084,买盘,002320,2025-10-17 22:46:54
09:37:48,13.18,0.01,582,767109,买盘,002320,2025-10-17 22:46:54
09:37:51,13.18,0.0,728,959904,卖盘,002320,2025-10-17 22:46:54
09:37:54,13.2,0.02,688,907060,买盘,002320,2025-10-17 22:46:54
09:37:57,13.2,0.0,257,339004,买盘,002320,2025-10-17 22:46:54
09:38:00,13.2,0.0,204,269210,买盘,002320,2025-10-17 22:46:54
09:38:03,13.21,0.01,326,430292,买盘,002320,2025-10-17 22:46:54
09:38:06,13.2,-0.01,520,686489,卖盘,002320,2025-10-17 22:46:54
09:38:09,13.22,0.02,1063,1404462,买盘,002320,2025-10-17 22:46:54
09:38:12,13.22,0.0,246,325230,卖盘,002320,2025-10-17 22:46:54
09:38:15,13.25,0.03,965,1277499,买盘,002320,2025-10-17 22:46:54
09:38:18,13.25,0.0,516,684034,卖盘,002320,2025-10-17 22:46:54
09:38:21,13.28,0.03,487,645806,买盘,002320,2025-10-17 22:46:54
09:38:24,13.29,0.01,333,442055,买盘,002320,2025-10-17 22:46:54
09:38:27,13.3,0.01,278,369513,买盘,002320,2025-10-17 22:46:54
09:38:30,13.32,0.02,5053,6733081,买盘,002320,2025-10-17 22:46:54
09:38:33,13.35,0.03,300,400016,买盘,002320,2025-10-17 22:46:54
09:38:36,13.36,0.01,887,1184536,买盘,002320,2025-10-17 22:46:54
09:38:39,13.37,0.01,1200,1604590,买盘,002320,2025-10-17 22:46:54
09:38:42,13.37,0.0,1064,1422899,卖盘,002320,2025-10-17 22:46:54
09:38:45,13.36,-0.01,1143,1528259,卖盘,002320,2025-10-17 22:46:54
09:38:48,13.37,0.01,1285,1717269,中性盘,002320,2025-10-17 22:46:54
09:38:51,13.37,0.0,1012,1351363,买盘,002320,2025-10-17 22:46:54
09:38:54,13.37,0.0,1281,1712112,买盘,002320,2025-10-17 22:46:54
09:38:57,13.34,-0.03,1006,1344508,卖盘,002320,2025-10-17 22:46:54
09:39:00,13.34,0.0,1038,1385893,卖盘,002320,2025-10-17 22:46:54
09:39:03,13.3,-0.04,2042,2724238,卖盘,002320,2025-10-17 22:46:54
09:39:06,13.33,0.03,4263,5697769,中性盘,002320,2025-10-17 22:46:54
09:39:09,13.34,0.01,790,1054492,中性盘,002320,2025-10-17 22:46:54
09:39:12,13.36,0.02,1558,2081005,买盘,002320,2025-10-17 22:46:54
09:39:15,13.49,0.13,10977,14759672,买盘,002320,2025-10-17 22:46:54
09:39:18,13.49,0.0,1480,1984642,买盘,002320,2025-10-17 22:46:54
09:39:21,13.47,-0.02,1135,1528629,中性盘,002320,2025-10-17 22:46:54
09:39:24,13.47,0.0,1323,1780095,买盘,002320,2025-10-17 22:46:54
09:39:27,13.47,0.0,1725,2323883,买盘,002320,2025-10-17 22:46:54
09:39:30,13.49,0.02,1285,1734056,中性盘,002320,2025-10-17 22:46:54
09:39:33,13.5,0.01,853,1150488,买盘,002320,2025-10-17 22:46:54
09:39:36,13.47,-0.03,2118,2854839,卖盘,002320,2025-10-17 22:46:54
09:39:39,13.47,0.0,1288,1736443,买盘,002320,2025-10-17 22:46:54
09:39:42,13.49,0.02,781,1052620,买盘,002320,2025-10-17 22:46:54
09:39:45,13.47,-0.02,1718,2316672,卖盘,002320,2025-10-17 22:46:54
09:39:48,13.48,0.01,2411,3251773,买盘,002320,2025-10-17 22:46:54
09:39:51,13.48,0.0,645,869510,买盘,002320,2025-10-17 22:46:54
09:39:54,13.47,-0.01,1225,1650859,卖盘,002320,2025-10-17 22:46:54
09:39:57,13.47,0.0,691,929739,买盘,002320,2025-10-17 22:46:54
09:40:00,13.42,-0.05,844,1134551,卖盘,002320,2025-10-17 22:46:54
09:40:03,13.4,-0.02,685,919635,卖盘,002320,2025-10-17 22:46:54
09:40:06,13.41,0.01,1903,2552524,买盘,002320,2025-10-17 22:46:54
09:40:09,13.41,0.0,1447,1945325,卖盘,002320,2025-10-17 22:46:54
09:40:12,13.45,0.04,958,1286354,买盘,002320,2025-10-17 22:46:54
09:40:15,13.41,-0.04,894,1199463,卖盘,002320,2025-10-17 22:46:54
09:40:18,13.41,0.0,1042,1397238,买盘,002320,2025-10-17 22:46:54
09:40:21,13.38,-0.03,948,1269675,卖盘,002320,2025-10-17 22:46:54
09:40:24,13.35,-0.03,1158,1549145,卖盘,002320,2025-10-17 22:46:54
09:40:27,13.34,-0.01,594,793459,卖盘,002320,2025-10-17 22:46:54
09:40:30,13.32,-0.02,2215,2956278,卖盘,002320,2025-10-17 22:46:54
09:40:33,13.3,-0.02,601,800931,卖盘,002320,2025-10-17 22:46:54
09:40:36,13.3,0.0,827,1101927,卖盘,002320,2025-10-17 22:46:54
09:40:39,13.37,0.07,2211,2947714,买盘,002320,2025-10-17 22:46:54
09:40:42,13.35,-0.02,477,637310,中性盘,002320,2025-10-17 22:46:54
09:40:45,13.37,0.02,153,204512,卖盘,002320,2025-10-17 22:46:54
09:40:48,13.38,0.01,302,404010,买盘,002320,2025-10-17 22:46:54
09:40:51,13.38,0.0,1082,1449954,卖盘,002320,2025-10-17 22:46:54
09:40:54,13.42,0.04,172,230619,买盘,002320,2025-10-17 22:46:54
09:40:57,13.42,0.0,874,1170940,买盘,002320,2025-10-17 22:46:54
09:41:00,13.42,0.0,82,110114,卖盘,002320,2025-10-17 22:46:54
09:41:03,13.44,0.02,544,730316,买盘,002320,2025-10-17 22:46:54
09:41:06,13.45,0.01,614,825163,买盘,002320,2025-10-17 22:46:54
09:41:09,13.47,0.02,893,1200846,买盘,002320,2025-10-17 22:46:54
09:41:12,13.46,-0.01,1388,1868008,中性盘,002320,2025-10-17 22:46:54
09:41:15,13.48,0.02,756,1017696,买盘,002320,2025-10-17 22:46:54
09:41:18,13.46,-0.02,2047,2756433,中性盘,002320,2025-10-17 22:46:54
09:41:21,13.37,-0.09,2438,3261029,卖盘,002320,2025-10-17 22:46:54
09:41:24,13.32,-0.05,451,602740,卖盘,002320,2025-10-17 22:46:54
09:41:27,13.44,0.12,666,893690,买盘,002320,2025-10-17 22:46:54
09:41:30,13.37,-0.07,219,293492,卖盘,002320,2025-10-17 22:46:54
09:41:33,13.43,0.06,896,1202835,买盘,002320,2025-10-17 22:46:54
09:41:36,13.44,0.01,2595,3483954,买盘,002320,2025-10-17 22:46:54
09:41:39,13.41,-0.03,579,776343,中性盘,002320,2025-10-17 22:46:54
09:41:42,13.43,0.02,874,1172973,买盘,002320,2025-10-17 22:46:54
09:41:45,13.45,0.02,538,722146,买盘,002320,2025-10-17 22:46:54
09:41:48,13.45,0.0,3536,4764918,买盘,002320,2025-10-17 22:46:54
09:41:51,13.5,0.05,654,880478,买盘,002320,2025-10-17 22:46:54
09:41:54,13.5,0.0,511,689092,买盘,002320,2025-10-17 22:46:54
09:41:57,13.5,0.0,1338,1806070,买盘,002320,2025-10-17 22:46:54
09:42:00,13.51,0.01,392,529703,中性盘,002320,2025-10-17 22:46:54
09:42:03,13.56,0.05,1751,2370729,买盘,002320,2025-10-17 22:46:54
09:42:06,13.55,-0.01,602,815010,中性盘,002320,2025-10-17 22:46:54
09:42:09,13.57,0.02,1219,1654131,买盘,002320,2025-10-17 22:46:54
09:42:12,13.57,0.0,2006,2721621,卖盘,002320,2025-10-17 22:46:54
09:42:15,13.58,0.01,2496,3386080,中性盘,002320,2025-10-17 22:46:54
09:42:18,13.56,-0.02,4784,6495244,中性盘,002320,2025-10-17 22:46:54
09:42:21,13.52,-0.04,2003,2715300,卖盘,002320,2025-10-17 22:46:54
09:42:24,13.52,0.0,2262,3053900,买盘,002320,2025-10-17 22:46:54
09:42:27,13.53,0.01,725,980184,买盘,002320,2025-10-17 22:46:54
09:42:30,13.53,0.0,1459,1973048,买盘,002320,2025-10-17 22:46:54
09:42:33,13.56,0.03,353,477652,买盘,002320,2025-10-17 22:46:54
09:42:36,13.56,0.0,432,585942,买盘,002320,2025-10-17 22:46:54
09:42:39,13.53,-0.03,1106,1499578,卖盘,002320,2025-10-17 22:46:54
09:42:42,13.57,0.04,1032,1399160,买盘,002320,2025-10-17 22:46:54
09:42:45,13.54,-0.03,428,580222,卖盘,002320,2025-10-17 22:46:54
09:42:48,13.56,0.02,1274,1725778,买盘,002320,2025-10-17 22:46:54
09:42:51,13.54,-0.02,627,849333,卖盘,002320,2025-10-17 22:46:54
09:42:54,13.55,0.01,864,1170368,买盘,002320,2025-10-17 22:46:54
09:42:57,13.54,-0.01,1138,1541908,卖盘,002320,2025-10-17 22:46:54
09:43:00,13.54,0.0,976,1321932,卖盘,002320,2025-10-17 22:46:54
09:43:03,13.55,0.01,679,919709,买盘,002320,2025-10-17 22:46:54
09:43:06,13.54,-0.01,1162,1574177,卖盘,002320,2025-10-17 22:46:54
09:43:09,13.54,0.0,1238,1675839,卖盘,002320,2025-10-17 22:46:54
09:43:12,13.54,0.0,580,785614,卖盘,002320,2025-10-17 22:46:54
09:43:15,13.54,0.0,2079,2812184,买盘,002320,2025-10-17 22:46:54
09:43:18,13.5,-0.04,816,1103430,卖盘,002320,2025-10-17 22:46:54
09:43:21,13.47,-0.03,757,1019890,卖盘,002320,2025-10-17 22:46:54
09:43:24,13.44,-0.03,325,436944,卖盘,002320,2025-10-17 22:46:54
09:43:27,13.47,0.03,306,411168,买盘,002320,2025-10-17 22:46:54
09:43:30,13.47,0.0,409,549151,买盘,002320,2025-10-17 22:46:54
09:43:33,13.42,-0.05,312,419453,卖盘,002320,2025-10-17 22:46:54
09:43:36,13.45,0.03,480,645303,买盘,002320,2025-10-17 22:46:54
09:43:39,13.42,-0.03,381,511974,卖盘,002320,2025-10-17 22:46:54
09:43:42,13.45,0.03,720,966582,买盘,002320,2025-10-17 22:46:54
09:43:45,13.42,-0.03,364,488893,卖盘,002320,2025-10-17 22:46:54
09:43:48,13.41,-0.01,365,490038,卖盘,002320,2025-10-17 22:46:54
09:43:51,13.42,0.01,656,879270,买盘,002320,2025-10-17 22:46:54
09:43:54,13.41,-0.01,203,272019,中性盘,002320,2025-10-17 22:46:54
09:43:57,13.38,-0.03,729,976911,卖盘,002320,2025-10-17 22:46:54
09:44:00,13.44,0.06,4219,5660892,买盘,002320,2025-10-17 22:46:54
09:44:03,13.47,0.03,956,1286897,买盘,002320,2025-10-17 22:46:54
09:44:06,13.48,0.01,405,545560,中性盘,002320,2025-10-17 22:46:54
09:44:09,13.48,0.0,480,646708,买盘,002320,2025-10-17 22:46:54
09:44:12,13.49,0.01,340,457942,买盘,002320,2025-10-17 22:46:54
09:44:15,13.5,0.01,711,959369,买盘,002320,2025-10-17 22:46:54
09:44:18,13.5,0.0,614,828853,买盘,002320,2025-10-17 22:46:54
09:44:21,13.5,0.0,419,565468,买盘,002320,2025-10-17 22:46:54
09:44:24,13.5,0.0,271,366039,卖盘,002320,2025-10-17 22:46:54
09:44:27,13.52,0.02,279,376853,买盘,002320,2025-10-17 22:46:54
09:44:30,13.52,0.0,368,497619,卖盘,002320,2025-10-17 22:46:54
09:44:33,13.53,0.01,707,956110,卖盘,002320,2025-10-17 22:46:54
09:44:36,13.5,-0.03,1405,1898783,卖盘,002320,2025-10-17 22:46:54
09:44:39,13.49,-0.01,1524,2060341,卖盘,002320,2025-10-17 22:46:54
09:44:42,13.48,-0.01,615,829558,卖盘,002320,2025-10-17 22:46:54
09:44:45,13.5,0.02,201,270920,买盘,002320,2025-10-17 22:46:54
09:44:48,13.48,-0.02,896,1207594,买盘,002320,2025-10-17 22:46:54
09:44:51,13.5,0.02,446,601246,买盘,002320,2025-10-17 22:46:54
09:44:54,13.5,0.0,619,834994,买盘,002320,2025-10-17 22:46:54
09:44:57,13.47,-0.03,1885,2542643,卖盘,002320,2025-10-17 22:46:54
09:45:00,13.5,0.03,1128,1522713,买盘,002320,2025-10-17 22:46:54
09:45:03,13.5,0.0,263,355018,卖盘,002320,2025-10-17 22:46:54
09:45:06,13.47,-0.03,548,738521,卖盘,002320,2025-10-17 22:46:54
09:45:09,13.47,0.0,679,915553,买盘,002320,2025-10-17 22:46:54
09:45:12,13.46,-0.01,589,794080,卖盘,002320,2025-10-17 22:46:54
09:45:15,13.47,0.01,634,852980,买盘,002320,2025-10-17 22:46:54
09:45:18,13.48,0.01,467,629043,买盘,002320,2025-10-17 22:46:54
09:45:21,13.5,0.02,1074,1448849,买盘,002320,2025-10-17 22:46:54
09:45:24,13.5,0.0,267,360505,卖盘,002320,2025-10-17 22:46:54
09:45:27,13.5,0.0,386,521228,卖盘,002320,2025-10-17 22:46:54
09:45:30,13.51,0.01,1149,1551719,买盘,002320,2025-10-17 22:46:54
09:45:33,13.51,0.0,330,445844,卖盘,002320,2025-10-17 22:46:54
09:45:36,13.51,0.0,307,414910,卖盘,002320,2025-10-17 22:46:54
09:45:39,13.51,0.0,383,517340,卖盘,002320,2025-10-17 22:46:54
09:45:42,13.5,-0.01,948,1279862,卖盘,002320,2025-10-17 22:46:54
09:45:45,13.49,-0.01,492,663578,中性盘,002320,2025-10-17 22:46:54
09:45:48,13.47,-0.02,182,245224,卖盘,002320,2025-10-17 22:46:54
09:45:51,13.47,0.0,342,460560,中性盘,002320,2025-10-17 22:46:54
09:45:54,13.47,0.0,287,386492,买盘,002320,2025-10-17 22:46:54
09:45:57,13.47,0.0,227,305687,买盘,002320,2025-10-17 22:46:54
09:46:00,13.48,0.01,222,299208,买盘,002320,2025-10-17 22:46:54
09:46:03,13.41,-0.07,1532,2060963,卖盘,002320,2025-10-17 22:46:54
09:46:06,13.47,0.06,180,242447,中性盘,002320,2025-10-17 22:46:54
09:46:09,13.45,-0.02,371,498687,卖盘,002320,2025-10-17 22:46:54
09:46:12,13.42,-0.03,923,1241890,卖盘,002320,2025-10-17 22:46:54
09:46:15,13.42,0.0,348,466389,买盘,002320,2025-10-17 22:46:54
09:46:18,13.42,0.0,283,379989,卖盘,002320,2025-10-17 22:46:54
09:46:21,13.42,0.0,745,1000427,卖盘,002320,2025-10-17 22:46:54
09:46:24,13.42,0.0,151,202607,卖盘,002320,2025-10-17 22:46:54
09:46:27,13.4,-0.02,689,924783,卖盘,002320,2025-10-17 22:46:54
09:46:30,13.46,0.06,1328,1782482,买盘,002320,2025-10-17 22:46:54
09:46:33,13.4,-0.06,852,1144176,卖盘,002320,2025-10-17 22:46:54
09:46:36,13.42,0.02,264,354155,中性盘,002320,2025-10-17 22:46:54
09:46:39,13.42,0.0,359,481682,买盘,002320,2025-10-17 22:46:54
09:46:42,13.46,0.04,872,1172856,买盘,002320,2025-10-17 22:46:54
09:46:45,13.46,0.0,508,683792,卖盘,002320,2025-10-17 22:46:54
09:46:48,13.46,0.0,691,928010,卖盘,002320,2025-10-17 22:46:54
09:46:51,13.46,0.0,440,591955,买盘,002320,2025-10-17 22:46:54
09:46:54,13.45,-0.01,280,376816,卖盘,002320,2025-10-17 22:46:54
09:46:57,13.44,-0.01,429,576918,中性盘,002320,2025-10-17 22:46:54
09:47:00,13.43,-0.01,290,390036,卖盘,002320,2025-10-17 22:46:54
09:47:03,13.42,-0.01,304,408144,卖盘,002320,2025-10-17 22:46:54
09:47:06,13.43,0.01,266,357147,买盘,002320,2025-10-17 22:46:54
09:47:09,13.42,-0.01,678,910263,卖盘,002320,2025-10-17 22:46:54
09:47:12,13.42,0.0,203,272386,买盘,002320,2025-10-17 22:46:54
09:47:15,13.41,-0.01,650,872125,卖盘,002320,2025-10-17 22:46:54
09:47:18,13.42,0.01,286,383659,买盘,002320,2025-10-17 22:46:54
09:47:21,13.4,-0.02,850,1140266,卖盘,002320,2025-10-17 22:46:54
09:47:24,13.4,0.0,967,1296233,卖盘,002320,2025-10-17 22:46:54
09:47:27,13.42,0.02,469,628600,买盘,002320,2025-10-17 22:46:54
09:47:30,13.41,-0.01,278,372875,卖盘,002320,2025-10-17 22:46:54
09:47:33,13.4,-0.01,752,1008094,卖盘,002320,2025-10-17 22:46:54
09:47:36,13.4,0.0,1337,1790533,卖盘,002320,2025-10-17 22:46:54
09:47:39,13.38,-0.02,1210,1619522,卖盘,002320,2025-10-17 22:46:54
09:47:42,13.37,-0.01,749,1001645,卖盘,002320,2025-10-17 22:46:54
09:47:45,13.36,-0.01,833,1112926,卖盘,002320,2025-10-17 22:46:54
09:47:48,13.36,0.0,1729,2310048,卖盘,002320,2025-10-17 22:46:54
09:47:51,13.34,-0.02,1254,1674569,卖盘,002320,2025-10-17 22:46:54
09:47:54,13.34,0.0,1016,1355325,买盘,002320,2025-10-17 22:46:54
09:47:57,13.33,-0.01,312,416205,卖盘,002320,2025-10-17 22:46:54
09:48:00,13.33,0.0,265,353164,买盘,002320,2025-10-17 22:46:54
09:48:03,13.35,0.02,3119,4157092,买盘,002320,2025-10-17 22:46:54
09:48:06,13.35,0.0,2368,3161076,买盘,002320,2025-10-17 22:46:54
09:48:09,13.35,0.0,454,605952,卖盘,002320,2025-10-17 22:46:54
09:48:12,13.37,0.02,743,990879,买盘,002320,2025-10-17 22:46:54
09:48:15,13.37,0.0,220,293908,买盘,002320,2025-10-17 22:46:54
09:48:18,13.35,-0.02,565,755464,卖盘,002320,2025-10-17 22:46:54
09:48:21,13.39,0.04,259,346271,买盘,002320,2025-10-17 22:46:54
09:48:24,13.41,0.02,1828,2448270,买盘,002320,2025-10-17 22:46:54
09:48:27,13.41,0.0,199,266698,买盘,002320,2025-10-17 22:46:54
09:48:30,13.4,-0.01,738,988733,卖盘,002320,2025-10-17 22:46:54
09:48:33,13.4,0.0,209,280084,买盘,002320,2025-10-17 22:46:54
09:48:36,13.4,0.0,651,872372,买盘,002320,2025-10-17 22:46:54
09:48:39,13.38,-0.02,169,226273,卖盘,002320,2025-10-17 22:46:54
09:48:42,13.38,0.0,504,674331,买盘,002320,2025-10-17 22:46:54
09:48:45,13.36,-0.02,491,656589,卖盘,002320,2025-10-17 22:46:54
09:48:48,13.39,0.03,725,970924,买盘,002320,2025-10-17 22:46:54
09:48:51,13.38,-0.01,169,226024,中性盘,002320,2025-10-17 22:46:54
09:48:54,13.38,0.0,639,855114,卖盘,002320,2025-10-17 22:46:54
09:48:57,13.38,0.0,1358,1816831,买盘,002320,2025-10-17 22:46:54
09:49:00,13.38,0.0,176,235553,买盘,002320,2025-10-17 22:46:54
09:49:03,13.38,0.0,147,196698,卖盘,002320,2025-10-17 22:46:54
09:49:06,13.38,0.0,289,386760,卖盘,002320,2025-10-17 22:46:54
09:49:09,13.38,0.0,1039,1388957,卖盘,002320,2025-10-17 22:46:54
09:49:12,13.38,0.0,1405,1877444,买盘,002320,2025-10-17 22:46:54
09:49:15,13.34,-0.04,1490,1987112,卖盘,002320,2025-10-17 22:46:54
09:49:18,13.34,0.0,367,489521,买盘,002320,2025-10-17 22:46:54
09:49:21,13.33,-0.01,556,740778,卖盘,002320,2025-10-17 22:46:54
09:49:24,13.33,0.0,276,368023,买盘,002320,2025-10-17 22:46:54
09:49:27,13.33,0.0,266,354647,卖盘,002320,2025-10-17 22:46:54
09:49:30,13.34,0.01,193,256742,买盘,002320,2025-10-17 22:46:54
09:49:33,13.35,0.01,143,190760,买盘,002320,2025-10-17 22:46:54
09:49:36,13.35,0.0,219,292373,买盘,002320,2025-10-17 22:46:54
09:49:39,13.35,0.0,554,739737,卖盘,002320,2025-10-17 22:46:54
09:49:42,13.37,0.02,117,156359,买盘,002320,2025-10-17 22:46:54
09:49:45,13.38,0.01,290,387780,买盘,002320,2025-10-17 22:46:54
09:49:48,13.4,0.02,2339,3132140,买盘,002320,2025-10-17 22:46:54
09:49:51,13.41,0.01,877,1176238,卖盘,002320,2025-10-17 22:46:54
09:49:54,13.42,0.01,67,89826,买盘,002320,2025-10-17 22:46:54
09:49:57,13.41,-0.01,350,469783,卖盘,002320,2025-10-17 22:46:54
09:50:00,13.43,0.02,524,703272,买盘,002320,2025-10-17 22:46:54
09:50:03,13.43,0.0,178,238973,买盘,002320,2025-10-17 22:46:54
09:50:06,13.43,0.0,386,518207,买盘,002320,2025-10-17 22:46:54
09:50:09,13.41,-0.02,383,514026,卖盘,002320,2025-10-17 22:46:54
09:50:12,13.43,0.02,319,428100,买盘,002320,2025-10-17 22:46:54
09:50:15,13.42,-0.01,148,198386,中性盘,002320,2025-10-17 22:46:54
09:50:18,13.43,0.01,131,175821,买盘,002320,2025-10-17 22:46:54
09:50:21,13.41,-0.02,559,750131,卖盘,002320,2025-10-17 22:46:54
09:50:24,13.43,0.02,27,36272,中性盘,002320,2025-10-17 22:46:54
09:50:27,13.42,-0.01,383,514034,卖盘,002320,2025-10-17 22:46:54
09:50:30,13.42,0.0,80,107359,买盘,002320,2025-10-17 22:46:54
09:50:33,13.43,0.01,1374,1845773,买盘,002320,2025-10-17 22:46:54
09:50:36,13.42,-0.01,188,252028,卖盘,002320,2025-10-17 22:46:54
09:50:39,13.45,0.03,1247,1677015,买盘,002320,2025-10-17 22:46:54
09:50:42,13.45,0.0,334,449047,中性盘,002320,2025-10-17 22:46:54
09:50:45,13.45,0.0,220,295833,卖盘,002320,2025-10-17 22:46:54
09:50:48,13.47,0.02,381,512873,买盘,002320,2025-10-17 22:46:54
09:50:51,13.49,0.02,825,1111709,买盘,002320,2025-10-17 22:46:54
09:50:54,13.49,0.0,38,51252,买盘,002320,2025-10-17 22:46:54
09:50:57,13.49,0.0,723,975723,买盘,002320,2025-10-17 22:46:54
09:51:00,13.49,0.0,314,423853,卖盘,002320,2025-10-17 22:46:54
09:51:03,13.49,0.0,2130,2871770,卖盘,002320,2025-10-17 22:46:54
09:51:06,13.48,-0.01,298,401857,买盘,002320,2025-10-17 22:46:54
09:51:09,13.48,0.0,305,410145,买盘,002320,2025-10-17 22:46:54
09:51:12,13.48,0.0,351,473097,买盘,002320,2025-10-17 22:46:54
09:51:15,13.48,0.0,122,164073,买盘,002320,2025-10-17 22:46:54
09:51:18,13.46,-0.02,155,208595,中性盘,002320,2025-10-17 22:46:54
09:51:21,13.45,-0.01,3805,5130488,中性盘,002320,2025-10-17 22:46:54
09:51:24,13.45,0.0,339,456496,卖盘,002320,2025-10-17 22:46:54
09:51:27,13.45,0.0,197,264673,买盘,002320,2025-10-17 22:46:54
09:51:30,13.42,-0.03,287,385630,卖盘,002320,2025-10-17 22:46:54
09:51:33,13.44,0.02,246,330300,买盘,002320,2025-10-17 22:46:54
09:51:36,13.43,-0.01,87,116877,中性盘,002320,2025-10-17 22:46:54
09:51:39,13.42,-0.01,227,304707,卖盘,002320,2025-10-17 22:46:54
09:51:42,13.42,0.0,51,68442,买盘,002320,2025-10-17 22:46:54
09:51:45,13.43,0.01,157,210620,买盘,002320,2025-10-17 22:46:54
09:51:48,13.41,-0.02,164,219993,卖盘,002320,2025-10-17 22:46:54
09:51:51,13.41,0.0,277,371990,卖盘,002320,2025-10-17 22:46:54
09:51:54,13.41,0.0,173,231993,买盘,002320,2025-10-17 22:46:54
09:51:57,13.41,0.0,525,703669,买盘,002320,2025-10-17 22:46:54
09:52:00,13.39,-0.02,132,176812,卖盘,002320,2025-10-17 22:46:54
09:52:03,13.39,0.0,186,248999,买盘,002320,2025-10-17 22:46:54
09:52:06,13.39,0.0,1644,2204183,卖盘,002320,2025-10-17 22:46:54
09:52:09,13.4,0.01,282,377689,卖盘,002320,2025-10-17 22:46:54
09:52:12,13.4,0.0,158,211781,卖盘,002320,2025-10-17 22:46:54
09:52:15,13.4,0.0,310,415687,卖盘,002320,2025-10-17 22:46:54
09:52:18,13.41,0.01,688,922613,买盘,002320,2025-10-17 22:46:54
09:52:21,13.4,-0.01,692,927320,卖盘,002320,2025-10-17 22:46:54
09:52:24,13.4,0.0,192,257355,卖盘,002320,2025-10-17 22:46:54
09:52:27,13.4,0.0,181,242522,买盘,002320,2025-10-17 22:46:54
09:52:30,13.43,0.03,26,34914,买盘,002320,2025-10-17 22:46:54
09:52:33,13.41,-0.02,104,139483,卖盘,002320,2025-10-17 22:46:54
09:52:36,13.43,0.02,103,138277,买盘,002320,2025-10-17 22:46:54
09:52:39,13.43,0.0,190,254985,买盘,002320,2025-10-17 22:46:54
09:52:42,13.43,0.0,53,71135,卖盘,002320,2025-10-17 22:46:54
09:52:45,13.44,0.01,222,298068,买盘,002320,2025-10-17 22:46:54
09:52:48,13.44,0.0,198,266055,买盘,002320,2025-10-17 22:46:54
09:52:51,13.45,0.01,202,271521,买盘,002320,2025-10-17 22:46:54
09:52:54,13.44,-0.01,314,422311,卖盘,002320,2025-10-17 22:46:54
09:52:57,13.45,0.01,318,427300,买盘,002320,2025-10-17 22:46:54
09:53:00,13.4,-0.05,744,999177,卖盘,002320,2025-10-17 22:46:54
09:53:03,13.42,0.02,161,216008,中性盘,002320,2025-10-17 22:46:54
09:53:06,13.45,0.03,216,290293,买盘,002320,2025-10-17 22:46:54
09:53:09,13.41,-0.04,135,181318,卖盘,002320,2025-10-17 22:46:54
09:53:12,13.43,0.02,722,969781,中性盘,002320,2025-10-17 22:46:54
09:53:15,13.43,0.0,113,151589,买盘,002320,2025-10-17 22:46:54
09:53:18,13.43,0.0,306,410829,买盘,002320,2025-10-17 22:46:54
09:53:21,13.43,0.0,218,292631,卖盘,002320,2025-10-17 22:46:54
09:53:24,13.43,0.0,148,198772,卖盘,002320,2025-10-17 22:46:54
09:53:27,13.45,0.02,2176,2929310,买盘,002320,2025-10-17 22:46:54
09:53:30,13.43,-0.02,208,279621,卖盘,002320,2025-10-17 22:46:54
09:53:33,13.45,0.02,195,262080,买盘,002320,2025-10-17 22:46:54
09:53:36,13.45,0.0,90,120904,卖盘,002320,2025-10-17 22:46:54
09:53:39,13.43,-0.02,254,341190,中性盘,002320,2025-10-17 22:46:54
09:53:42,13.45,0.02,69,92802,买盘,002320,2025-10-17 22:46:54
09:53:45,13.45,0.0,3363,4538117,买盘,002320,2025-10-17 22:46:54
09:53:48,13.44,-0.01,78,104894,卖盘,002320,2025-10-17 22:46:54
09:53:51,13.45,0.01,148,198921,买盘,002320,2025-10-17 22:46:54
09:53:54,13.43,-0.02,396,531796,卖盘,002320,2025-10-17 22:46:54
09:53:57,13.44,0.01,150,201375,买盘,002320,2025-10-17 22:46:54
09:54:00,13.41,-0.03,186,249627,卖盘,002320,2025-10-17 22:46:54
09:54:03,13.47,0.06,824,1108933,买盘,002320,2025-10-17 22:46:54
09:54:06,13.44,-0.03,119,159790,卖盘,002320,2025-10-17 22:46:54
09:54:09,13.46,0.02,139,186884,买盘,002320,2025-10-17 22:46:54
09:54:12,13.45,-0.01,32,43003,中性盘,002320,2025-10-17 22:46:54
09:54:15,13.46,0.01,270,363117,买盘,002320,2025-10-17 22:46:54
09:54:18,13.46,0.0,192,258178,买盘,002320,2025-10-17 22:46:54
09:54:21,13.46,0.0,426,573361,买盘,002320,2025-10-17 22:46:54
09:54:24,13.46,0.0,295,396437,买盘,002320,2025-10-17 22:46:54
09:54:27,13.46,0.0,103,138401,买盘,002320,2025-10-17 22:46:54
09:54:30,13.46,0.0,164,220666,卖盘,002320,2025-10-17 22:46:54
09:54:33,13.43,-0.03,254,341527,卖盘,002320,2025-10-17 22:46:54
09:54:36,13.43,0.0,235,315460,买盘,002320,2025-10-17 22:46:54
09:54:39,13.39,-0.04,2283,3059545,卖盘,002320,2025-10-17 22:46:54
09:54:42,13.39,0.0,295,394887,买盘,002320,2025-10-17 22:46:54
09:54:45,13.39,0.0,277,370835,买盘,002320,2025-10-17 22:46:54
09:54:48,13.39,0.0,528,706724,买盘,002320,2025-10-17 22:46:54
09:54:51,13.35,-0.04,2770,3700797,卖盘,002320,2025-10-17 22:46:54
09:54:54,13.33,-0.02,562,749189,中性盘,002320,2025-10-17 22:46:54
09:54:57,13.33,0.0,466,621038,买盘,002320,2025-10-17 22:46:54
09:55:00,13.38,0.05,522,696290,买盘,002320,2025-10-17 22:46:54
09:55:03,13.38,0.0,462,615865,买盘,002320,2025-10-17 22:46:54
09:55:06,13.38,0.0,369,493688,买盘,002320,2025-10-17 22:46:54
09:55:09,13.38,0.0,515,688513,卖盘,002320,2025-10-17 22:46:54
09:55:12,13.38,0.0,165,220858,卖盘,002320,2025-10-17 22:46:54
09:55:15,13.4,0.02,490,655550,买盘,002320,2025-10-17 22:46:54
09:55:18,13.38,-0.02,48,64223,买盘,002320,2025-10-17 22:46:54
09:55:21,13.37,-0.01,145,193883,卖盘,002320,2025-10-17 22:46:54
09:55:24,13.36,-0.01,214,285989,卖盘,002320,2025-10-17 22:46:54
09:55:27,13.34,-0.02,544,726151,卖盘,002320,2025-10-17 22:46:54
09:55:30,13.33,-0.01,503,670739,卖盘,002320,2025-10-17 22:46:54
09:55:33,13.33,0.0,541,721569,卖盘,002320,2025-10-17 22:46:54
09:55:36,13.34,0.01,242,322763,卖盘,002320,2025-10-17 22:46:54
09:55:39,13.34,0.0,245,326870,买盘,002320,2025-10-17 22:46:54
09:55:42,13.34,0.0,148,197392,卖盘,002320,2025-10-17 22:46:54
09:55:45,13.35,0.01,719,959287,买盘,002320,2025-10-17 22:46:54
09:55:48,13.35,0.0,407,543129,卖盘,002320,2025-10-17 22:46:54
09:55:51,13.35,0.0,433,578082,卖盘,002320,2025-10-17 22:46:54
09:55:54,13.36,0.01,335,447339,买盘,002320,2025-10-17 22:46:54
09:55:57,13.37,0.01,261,348673,买盘,002320,2025-10-17 22:46:54
09:56:00,13.36,-0.01,270,360807,卖盘,002320,2025-10-17 22:46:54
09:56:03,13.38,0.02,221,295341,买盘,002320,2025-10-17 22:46:54
09:56:06,13.37,-0.01,377,503905,买盘,002320,2025-10-17 22:46:54
09:56:09,13.37,0.0,545,728222,买盘,002320,2025-10-17 22:46:54
09:56:12,13.36,-0.01,958,1278670,卖盘,002320,2025-10-17 22:46:54
09:56:15,13.37,0.01,448,598822,买盘,002320,2025-10-17 22:46:54
09:56:18,13.37,0.0,63,84231,卖盘,002320,2025-10-17 22:46:54
09:56:21,13.38,0.01,470,628592,买盘,002320,2025-10-17 22:46:54
09:56:24,13.38,0.0,481,643250,买盘,002320,2025-10-17 22:46:54
09:56:27,13.37,-0.01,522,697840,卖盘,002320,2025-10-17 22:46:54
09:56:30,13.38,0.01,483,645970,买盘,002320,2025-10-17 22:46:54
09:56:33,13.37,-0.01,185,247291,卖盘,002320,2025-10-17 22:46:54
09:56:36,13.36,-0.01,528,705231,卖盘,002320,2025-10-17 22:46:54
09:56:39,13.38,0.02,2116,2833945,买盘,002320,2025-10-17 22:46:54
09:56:42,13.36,-0.02,306,409059,卖盘,002320,2025-10-17 22:46:54
09:56:45,13.37,0.01,84,112187,买盘,002320,2025-10-17 22:46:54
09:56:48,13.36,-0.01,155,207064,卖盘,002320,2025-10-17 22:46:54
09:56:51,13.37,0.01,396,529089,买盘,002320,2025-10-17 22:46:54
09:56:54,13.37,0.0,327,436981,买盘,002320,2025-10-17 22:46:54
09:56:57,13.37,0.0,244,326077,卖盘,002320,2025-10-17 22:46:54
09:57:00,13.37,0.0,126,168473,卖盘,002320,2025-10-17 22:46:54
09:57:03,13.37,0.0,97,129611,买盘,002320,2025-10-17 22:46:54
09:57:06,13.4,0.03,378,505843,买盘,002320,2025-10-17 22:46:54
09:57:09,13.37,-0.03,205,274279,卖盘,002320,2025-10-17 22:46:54
09:57:12,13.38,0.01,38,50850,中性盘,002320,2025-10-17 22:46:54
09:57:15,13.37,-0.01,111,148485,卖盘,002320,2025-10-17 22:46:54
09:57:18,13.39,0.02,64,85644,买盘,002320,2025-10-17 22:46:54
09:57:21,13.39,0.0,153,204758,买盘,002320,2025-10-17 22:46:54
09:57:24,13.39,0.0,434,581027,买盘,002320,2025-10-17 22:46:54
09:57:27,13.39,0.0,205,274440,买盘,002320,2025-10-17 22:46:54
09:57:30,13.39,0.0,72,96425,卖盘,002320,2025-10-17 22:46:54
09:57:33,13.39,0.0,312,417839,卖盘,002320,2025-10-17 22:46:54
09:57:36,13.4,0.01,254,340335,买盘,002320,2025-10-17 22:46:54
09:57:39,13.4,0.0,336,450172,买盘,002320,2025-10-17 22:46:54
09:57:42,13.41,0.01,46,61661,买盘,002320,2025-10-17 22:46:54
09:57:45,13.4,-0.01,990,1327303,卖盘,002320,2025-10-17 22:46:54
09:57:48,13.41,0.01,183,245352,买盘,002320,2025-10-17 22:46:54
09:57:51,13.4,-0.01,684,915692,卖盘,002320,2025-10-17 22:46:54
09:57:54,13.4,0.0,439,588423,买盘,002320,2025-10-17 22:46:54
09:57:57,13.4,0.0,99,132559,卖盘,002320,2025-10-17 22:46:54
09:58:00,13.4,0.0,222,297506,卖盘,002320,2025-10-17 22:46:54
09:58:03,13.4,0.0,423,567203,买盘,002320,2025-10-17 22:46:54
09:58:06,13.37,-0.03,382,511624,卖盘,002320,2025-10-17 22:46:54
09:58:09,13.3,-0.07,5148,6861627,卖盘,002320,2025-10-17 22:46:54
09:58:12,13.31,0.01,1372,1829483,买盘,002320,2025-10-17 22:46:54
09:58:15,13.33,0.02,191,254338,买盘,002320,2025-10-17 22:46:54
09:58:18,13.32,-0.01,143,190466,中性盘,002320,2025-10-17 22:46:54
09:58:21,13.33,0.01,373,496908,买盘,002320,2025-10-17 22:46:54
09:58:24,13.33,0.0,279,371713,买盘,002320,2025-10-17 22:46:54
09:58:27,13.35,0.02,98,130591,买盘,002320,2025-10-17 22:46:54
09:58:30,13.35,0.0,144,192218,买盘,002320,2025-10-17 22:46:54
09:58:33,13.34,-0.01,104,138781,卖盘,002320,2025-10-17 22:46:54
09:58:36,13.35,0.01,314,419147,买盘,002320,2025-10-17 22:46:54
09:58:39,13.33,-0.02,424,565372,卖盘,002320,2025-10-17 22:46:54
09:58:42,13.33,0.0,229,305435,卖盘,002320,2025-10-17 22:46:54
09:58:45,13.33,0.0,606,808433,买盘,002320,2025-10-17 22:46:54
09:58:48,13.33,0.0,148,197252,买盘,002320,2025-10-17 22:46:54
09:58:51,13.33,0.0,378,504829,卖盘,002320,2025-10-17 22:46:54
09:58:54,13.33,0.0,420,560701,卖盘,002320,2025-10-17 22:46:54
09:58:57,13.32,-0.01,275,366483,卖盘,002320,2025-10-17 22:46:54
09:59:00,13.33,0.01,305,406301,买盘,002320,2025-10-17 22:46:54
09:59:03,13.33,0.0,483,643657,买盘,002320,2025-10-17 22:46:54
09:59:06,13.35,0.02,343,457323,买盘,002320,2025-10-17 22:46:54
09:59:09,13.38,0.03,360,480663,买盘,002320,2025-10-17 22:46:54
09:59:12,13.39,0.01,139,186105,买盘,002320,2025-10-17 22:46:54
09:59:15,13.4,0.01,156,208948,买盘,002320,2025-10-17 22:46:54
09:59:18,13.4,0.0,167,223772,买盘,002320,2025-10-17 22:46:54
09:59:21,13.4,0.0,152,203577,买盘,002320,2025-10-17 22:46:54
09:59:24,13.4,0.0,654,876357,买盘,002320,2025-10-17 22:46:54
09:59:27,13.41,0.01,330,442421,买盘,002320,2025-10-17 22:46:54
09:59:30,13.41,0.0,395,529997,买盘,002320,2025-10-17 22:46:54
09:59:33,13.45,0.04,563,756911,买盘,002320,2025-10-17 22:46:54
09:59:36,13.44,-0.01,73,98124,中性盘,002320,2025-10-17 22:46:54
09:59:39,13.43,-0.01,508,683162,卖盘,002320,2025-10-17 22:46:54
09:59:42,13.45,0.02,168,225814,买盘,002320,2025-10-17 22:46:54
09:59:45,13.42,-0.03,79,106071,卖盘,002320,2025-10-17 22:46:54
09:59:48,13.45,0.03,481,646654,买盘,002320,2025-10-17 22:46:54
09:59:51,13.44,-0.01,148,198687,中性盘,002320,2025-10-17 22:46:54
09:59:54,13.44,0.0,153,205365,买盘,002320,2025-10-17 22:46:54
09:59:57,13.42,-0.02,1029,1380511,买盘,002320,2025-10-17 22:46:54
10:00:00,13.41,-0.01,113,151529,中性盘,002320,2025-10-17 22:46:54
10:00:03,13.42,0.01,350,469198,买盘,002320,2025-10-17 22:46:54
10:00:06,13.42,0.0,1422,1904620,买盘,002320,2025-10-17 22:46:54
10:00:09,13.41,-0.01,727,975342,买盘,002320,2025-10-17 22:46:54
10:00:12,13.38,-0.03,678,908381,卖盘,002320,2025-10-17 22:46:54
10:00:15,13.38,0.0,203,271454,买盘,002320,2025-10-17 22:46:54
10:00:18,13.37,-0.01,46,61532,中性盘,002320,2025-10-17 22:46:54
10:00:21,13.35,-0.02,350,467344,卖盘,002320,2025-10-17 22:46:54
10:00:24,13.35,0.0,56,74760,买盘,002320,2025-10-17 22:46:54
10:00:27,13.36,0.01,112,149452,买盘,002320,2025-10-17 22:46:54
10:00:30,13.36,0.0,282,376534,买盘,002320,2025-10-17 22:46:54
10:00:33,13.36,0.0,214,285783,卖盘,002320,2025-10-17 22:46:54
10:00:36,13.37,0.01,85,113596,买盘,002320,2025-10-17 22:46:54
10:00:39,13.35,-0.02,174,232463,卖盘,002320,2025-10-17 22:46:54
10:00:42,13.35,0.0,42,56086,卖盘,002320,2025-10-17 22:46:54
10:00:45,13.35,0.0,207,276355,卖盘,002320,2025-10-17 22:46:54
10:00:48,13.35,0.0,105,140174,买盘,002320,2025-10-17 22:46:54
10:00:51,13.35,0.0,207,276221,买盘,002320,2025-10-17 22:46:54
10:00:54,13.36,0.01,329,439467,买盘,002320,2025-10-17 22:46:54
10:00:57,13.36,0.0,174,232466,卖盘,002320,2025-10-17 22:46:54
10:01:00,13.37,0.01,190,254062,买盘,002320,2025-10-17 22:46:54
10:01:03,13.37,0.0,162,216578,卖盘,002320,2025-10-17 22:46:54
10:01:06,13.37,0.0,235,314217,卖盘,002320,2025-10-17 22:46:54
10:01:09,13.38,0.01,85,113676,中性盘,002320,2025-10-17 22:46:54
10:01:12,13.39,0.01,250,334527,买盘,002320,2025-10-17 22:46:54
10:01:15,13.39,0.0,525,702494,买盘,002320,2025-10-17 22:46:54
10:01:18,13.4,0.01,55,73647,买盘,002320,2025-10-17 22:46:54
10:01:21,13.39,-0.01,384,514242,卖盘,002320,2025-10-17 22:46:54
10:01:24,13.4,0.01,174,233165,买盘,002320,2025-10-17 22:46:54
10:01:27,13.4,0.0,105,140725,卖盘,002320,2025-10-17 22:46:54
10:01:30,13.42,0.02,618,828862,买盘,002320,2025-10-17 22:46:54
10:01:33,13.4,-0.02,84,112561,卖盘,002320,2025-10-17 22:46:54
10:01:36,13.4,0.0,55,73700,买盘,002320,2025-10-17 22:46:54
10:01:39,13.4,0.0,310,415325,买盘,002320,2025-10-17 22:46:54
10:01:42,13.4,0.0,275,368538,卖盘,002320,2025-10-17 22:46:54
10:01:45,13.4,0.0,427,571851,买盘,002320,2025-10-17 22:46:54
10:01:48,13.39,-0.01,210,281203,卖盘,002320,2025-10-17 22:46:54
10:01:51,13.39,0.0,114,152512,买盘,002320,2025-10-17 22:46:54
10:01:54,13.4,0.01,600,803795,买盘,002320,2025-10-17 22:46:54
10:01:57,13.4,0.0,54,72375,买盘,002320,2025-10-17 22:46:54
10:02:00,13.4,0.0,155,207754,卖盘,002320,2025-10-17 22:46:54
10:02:03,13.4,0.0,954,1278956,卖盘,002320,2025-10-17 22:46:54
10:02:06,13.4,0.0,687,920635,买盘,002320,2025-10-17 22:46:54
10:02:09,13.39,-0.01,633,848416,卖盘,002320,2025-10-17 22:46:54
10:02:12,13.4,0.01,282,377756,买盘,002320,2025-10-17 22:46:54
10:02:15,13.41,0.01,35,46938,中性盘,002320,2025-10-17 22:46:54
10:02:18,13.42,0.01,919,1233436,买盘,002320,2025-10-17 22:46:54
10:02:21,13.41,-0.01,98,131385,卖盘,002320,2025-10-17 22:46:54
10:02:24,13.43,0.02,287,384754,买盘,002320,2025-10-17 22:46:54
10:02:27,13.42,-0.01,111,149000,卖盘,002320,2025-10-17 22:46:54
10:02:30,13.41,-0.01,60,80533,卖盘,002320,2025-10-17 22:46:54
10:02:33,13.42,0.01,130,174520,中性盘,002320,2025-10-17 22:46:54
10:02:36,13.38,-0.04,780,1045087,卖盘,002320,2025-10-17 22:46:54
10:02:39,13.4,0.02,47,62921,买盘,002320,2025-10-17 22:46:54
10:02:42,13.4,0.0,12,16080,买盘,002320,2025-10-17 22:46:54
10:02:45,13.4,0.0,46,61640,买盘,002320,2025-10-17 22:46:54
10:02:48,13.38,-0.02,765,1023630,卖盘,002320,2025-10-17 22:46:54
10:02:51,13.4,0.02,165,220897,买盘,002320,2025-10-17 22:46:54
10:02:54,13.4,0.0,77,103144,买盘,002320,2025-10-17 22:46:54
10:02:57,13.41,0.01,65,87080,买盘,002320,2025-10-17 22:46:54
10:03:00,13.39,-0.02,137,183483,卖盘,002320,2025-10-17 22:46:54
10:03:03,13.4,0.01,76,101804,买盘,002320,2025-10-17 22:46:54
10:03:06,13.44,0.04,966,1296903,买盘,002320,2025-10-17 22:46:54
10:03:09,13.44,0.0,890,1195474,买盘,002320,2025-10-17 22:46:54
10:03:12,13.45,0.01,247,332139,买盘,002320,2025-10-17 22:46:54
10:03:15,13.43,-0.02,288,386957,卖盘,002320,2025-10-17 22:46:54
10:03:18,13.43,0.0,375,503625,买盘,002320,2025-10-17 22:46:54
10:03:21,13.45,0.02,766,1028794,买盘,002320,2025-10-17 22:46:54
10:03:24,13.45,0.0,593,797564,买盘,002320,2025-10-17 22:46:54
10:03:27,13.46,0.01,16,21533,买盘,002320,2025-10-17 22:46:54
10:03:30,13.48,0.02,600,807952,买盘,002320,2025-10-17 22:46:54
10:03:33,13.48,0.0,244,328657,买盘,002320,2025-10-17 22:46:54
10:03:36,13.49,0.01,148,199769,买盘,002320,2025-10-17 22:46:54
10:03:39,13.49,0.0,272,366926,买盘,002320,2025-10-17 22:46:54
10:03:42,13.5,0.01,743,1003024,买盘,002320,2025-10-17 22:46:54
10:03:45,13.51,0.01,1347,1818435,买盘,002320,2025-10-17 22:46:54
10:03:48,13.52,0.01,497,671637,买盘,002320,2025-10-17 22:46:54
10:03:51,13.51,-0.01,931,1257797,卖盘,002320,2025-10-17 22:46:54
10:03:54,13.49,-0.02,1825,2463234,卖盘,002320,2025-10-17 22:46:54
10:03:57,13.49,0.0,638,860254,买盘,002320,2025-10-17 22:46:54
10:04:00,13.49,0.0,780,1052672,买盘,002320,2025-10-17 22:46:54
10:04:03,13.49,0.0,170,229307,买盘,002320,2025-10-17 22:46:54
10:04:06,13.5,0.01,287,387442,买盘,002320,2025-10-17 22:46:54
10:04:09,13.5,0.0,294,396839,买盘,002320,2025-10-17 22:46:54
10:04:12,13.5,0.0,337,455201,买盘,002320,2025-10-17 22:46:54
10:04:15,13.54,0.04,1362,1841217,买盘,002320,2025-10-17 22:46:54
10:04:18,13.54,0.0,627,848196,买盘,002320,2025-10-17 22:46:54
10:04:21,13.54,0.0,377,510458,买盘,002320,2025-10-17 22:46:54
10:04:24,13.55,0.01,387,523790,买盘,002320,2025-10-17 22:46:54
10:04:27,13.55,0.0,2224,3012453,买盘,002320,2025-10-17 22:46:54
10:04:30,13.56,0.01,4527,6151100,买盘,002320,2025-10-17 22:46:54
10:04:33,13.62,0.06,223,303179,买盘,002320,2025-10-17 22:46:54
10:04:36,13.63,0.01,454,618615,买盘,002320,2025-10-17 22:46:54
10:04:39,13.65,0.02,463,631557,买盘,002320,2025-10-17 22:46:54
10:04:42,13.64,-0.01,1959,2671555,卖盘,002320,2025-10-17 22:46:54
10:04:45,13.64,0.0,1744,2377709,买盘,002320,2025-10-17 22:46:54
10:04:48,13.64,0.0,1291,1759527,买盘,002320,2025-10-17 22:46:54
10:04:51,13.6,-0.04,1278,1740366,卖盘,002320,2025-10-17 22:46:54
10:04:54,13.62,0.02,3814,5194402,中性盘,002320,2025-10-17 22:46:54
10:04:57,13.63,0.01,1055,1437476,买盘,002320,2025-10-17 22:46:54
10:05:00,13.63,0.0,865,1177255,买盘,002320,2025-10-17 22:46:54
10:05:03,13.63,0.0,747,1016845,买盘,002320,2025-10-17 22:46:54
10:05:06,13.63,0.0,1173,1597781,买盘,002320,2025-10-17 22:46:54
10:05:09,13.6,-0.03,351,477702,买盘,002320,2025-10-17 22:46:54
10:05:12,13.61,0.01,724,985895,买盘,002320,2025-10-17 22:46:54
10:05:15,13.6,-0.01,1119,1521798,卖盘,002320,2025-10-17 22:46:54
10:05:18,13.61,0.01,357,485589,买盘,002320,2025-10-17 22:46:54
10:05:21,13.61,0.0,772,1049956,买盘,002320,2025-10-17 22:46:54
10:05:24,13.61,0.0,256,348293,买盘,002320,2025-10-17 22:46:54
10:05:27,13.61,0.0,311,423230,买盘,002320,2025-10-17 22:46:54
10:05:30,13.6,-0.01,271,368740,中性盘,002320,2025-10-17 22:46:54
10:05:33,13.62,0.02,426,580049,买盘,002320,2025-10-17 22:46:54
10:05:36,13.62,0.0,588,800016,卖盘,002320,2025-10-17 22:46:54
10:05:39,13.62,0.0,484,658866,买盘,002320,2025-10-17 22:46:54
10:05:42,13.6,-0.02,607,825691,卖盘,002320,2025-10-17 22:46:54
10:05:45,13.6,0.0,153,208093,买盘,002320,2025-10-17 22:46:54
10:05:48,13.6,0.0,171,232605,卖盘,002320,2025-10-17 22:46:54
10:05:51,13.6,0.0,144,195832,卖盘,002320,2025-10-17 22:46:54
10:05:54,13.58,-0.02,307,417266,卖盘,002320,2025-10-17 22:46:54
10:05:57,13.58,0.0,141,191471,买盘,002320,2025-10-17 22:46:54
10:06:00,13.56,-0.02,106,143859,卖盘,002320,2025-10-17 22:46:54
10:06:03,13.57,0.01,278,377339,买盘,002320,2025-10-17 22:46:54
10:06:06,13.55,-0.02,917,1242824,卖盘,002320,2025-10-17 22:46:54
10:06:09,13.54,-0.01,66,89432,卖盘,002320,2025-10-17 22:46:54
10:06:12,13.52,-0.02,213,288067,卖盘,002320,2025-10-17 22:46:54
10:06:15,13.5,-0.02,84,113549,卖盘,002320,2025-10-17 22:46:54
10:06:18,13.5,0.0,122,164781,卖盘,002320,2025-10-17 22:46:54
10:06:21,13.49,-0.01,447,603428,卖盘,002320,2025-10-17 22:46:54
10:06:24,13.49,0.0,261,352153,卖盘,002320,2025-10-17 22:46:54
10:06:27,13.48,-0.01,238,321072,卖盘,002320,2025-10-17 22:46:54
10:06:30,13.49,0.01,166,223797,买盘,002320,2025-10-17 22:46:54
10:06:33,13.46,-0.03,135,181844,卖盘,002320,2025-10-17 22:46:54
10:06:36,13.45,-0.01,402,540936,卖盘,002320,2025-10-17 22:46:54
10:06:39,13.45,0.0,163,219180,买盘,002320,2025-10-17 22:46:54
10:06:42,13.45,0.0,237,318758,买盘,002320,2025-10-17 22:46:54
10:06:45,13.45,0.0,458,615472,买盘,002320,2025-10-17 22:46:54
10:06:48,13.45,0.0,85,114311,买盘,002320,2025-10-17 22:46:54
10:06:51,13.44,-0.01,1529,2055448,卖盘,002320,2025-10-17 22:46:54
10:06:54,13.45,0.01,1567,2107330,买盘,002320,2025-10-17 22:46:54
10:06:57,13.45,0.0,290,390094,卖盘,002320,2025-10-17 22:46:54
10:07:00,13.44,-0.01,704,946800,卖盘,002320,2025-10-17 22:46:54
10:07:03,13.45,0.01,2849,3822269,买盘,002320,2025-10-17 22:46:54
10:07:06,13.45,0.0,162,217877,买盘,002320,2025-10-17 22:46:54
10:07:09,13.45,0.0,1946,2617096,买盘,002320,2025-10-17 22:46:54
10:07:12,13.44,-0.01,265,356159,卖盘,002320,2025-10-17 22:46:54
10:07:15,13.44,0.0,152,204288,买盘,002320,2025-10-17 22:46:54
10:07:18,13.43,-0.01,626,840831,卖盘,002320,2025-10-17 22:46:54
10:07:21,13.43,0.0,204,273950,买盘,002320,2025-10-17 22:46:54
10:07:24,13.42,-0.01,40,53681,中性盘,002320,2025-10-17 22:46:54
10:07:27,13.46,0.04,895,1202273,买盘,002320,2025-10-17 22:46:54
10:07:30,13.48,0.02,45,60611,买盘,002320,2025-10-17 22:46:54
10:07:33,13.48,0.0,70,94323,买盘,002320,2025-10-17 22:46:54
10:07:36,13.48,0.0,151,203517,买盘,002320,2025-10-17 22:46:54
10:07:39,13.48,0.0,458,617384,买盘,002320,2025-10-17 22:46:54
10:07:42,13.49,0.01,2261,3049741,买盘,002320,2025-10-17 22:46:54
10:07:45,13.53,0.04,41,55411,买盘,002320,2025-10-17 22:46:54
10:07:48,13.53,0.0,84,113521,买盘,002320,2025-10-17 22:46:54
10:07:51,13.55,0.02,205,277500,买盘,002320,2025-10-17 22:46:54
10:07:54,13.55,0.0,891,1206938,买盘,002320,2025-10-17 22:46:54
10:07:57,13.56,0.01,214,290170,买盘,002320,2025-10-17 22:46:54
10:08:00,13.57,0.01,262,355159,买盘,002320,2025-10-17 22:46:54
10:08:03,13.57,0.0,182,246918,买盘,002320,2025-10-17 22:46:54
10:08:06,13.57,0.0,1706,2313892,买盘,002320,2025-10-17 22:46:54
10:08:09,13.58,0.01,631,856362,买盘,002320,2025-10-17 22:46:54
10:08:12,13.58,0.0,569,772392,买盘,002320,2025-10-17 22:46:54
10:08:15,13.58,0.0,773,1049616,买盘,002320,2025-10-17 22:46:54
10:08:18,13.58,0.0,445,604324,卖盘,002320,2025-10-17 22:46:54
10:08:21,13.58,0.0,1211,1643921,买盘,002320,2025-10-17 22:46:54
10:08:24,13.54,-0.04,886,1201281,卖盘,002320,2025-10-17 22:46:54
10:08:27,13.54,0.0,170,230358,买盘,002320,2025-10-17 22:46:54
10:08:30,13.56,0.02,293,396760,买盘,002320,2025-10-17 22:46:54
10:08:33,13.53,-0.03,42,56834,中性盘,002320,2025-10-17 22:46:54
10:08:36,13.54,0.01,100,135420,买盘,002320,2025-10-17 22:46:54
10:08:39,13.59,0.05,1858,2522695,买盘,002320,2025-10-17 22:46:54
10:08:42,13.55,-0.04,28,38004,卖盘,002320,2025-10-17 22:46:54
10:08:45,13.59,0.04,92,124988,买盘,002320,2025-10-17 22:46:54
10:08:48,13.58,-0.01,47,63802,中性盘,002320,2025-10-17 22:46:54
10:08:51,13.59,0.01,348,472960,买盘,002320,2025-10-17 22:46:54
10:08:54,13.59,0.0,555,752739,卖盘,002320,2025-10-17 22:46:54
10:08:57,13.59,0.0,505,686606,买盘,002320,2025-10-17 22:46:54
10:09:00,13.6,0.01,192,260968,买盘,002320,2025-10-17 22:46:54
10:09:03,13.6,0.0,293,398447,买盘,002320,2025-10-17 22:46:54
10:09:06,13.6,0.0,215,292286,买盘,002320,2025-10-17 22:46:54
10:09:09,13.6,0.0,273,371267,买盘,002320,2025-10-17 22:46:54
10:09:12,13.6,0.0,109,148259,卖盘,002320,2025-10-17 22:46:54
10:09:15,13.6,0.0,464,631048,卖盘,002320,2025-10-17 22:46:54
10:09:18,13.6,0.0,349,474572,买盘,002320,2025-10-17 22:46:54
10:09:21,13.6,0.0,246,334511,买盘,002320,2025-10-17 22:46:54
10:09:24,13.6,0.0,644,875846,买盘,002320,2025-10-17 22:46:54
10:09:27,13.59,-0.01,196,266475,卖盘,002320,2025-10-17 22:46:54
10:09:30,13.6,0.01,162,220302,买盘,002320,2025-10-17 22:46:54
10:09:33,13.6,0.0,106,144133,买盘,002320,2025-10-17 22:46:54
10:09:36,13.58,-0.02,505,686531,卖盘,002320,2025-10-17 22:46:54
10:09:39,13.59,0.01,665,904321,买盘,002320,2025-10-17 22:46:54
10:09:42,13.58,-0.01,569,772796,卖盘,002320,2025-10-17 22:46:54
10:09:45,13.58,0.0,144,195583,卖盘,002320,2025-10-17 22:46:54
10:09:48,13.57,-0.01,66,89611,卖盘,002320,2025-10-17 22:46:54
10:09:51,13.57,0.0,238,323109,买盘,002320,2025-10-17 22:46:54
10:09:54,13.56,-0.01,219,297249,卖盘,002320,2025-10-17 22:46:54
10:09:57,13.56,0.0,158,214285,卖盘,002320,2025-10-17 22:46:54
10:10:00,13.56,0.0,181,245436,买盘,002320,2025-10-17 22:46:54
10:10:03,13.56,0.0,484,656264,买盘,002320,2025-10-17 22:46:54
10:10:06,13.5,-0.06,2394,3234396,卖盘,002320,2025-10-17 22:46:54
10:10:09,13.5,0.0,58,78295,买盘,002320,2025-10-17 22:46:54
10:10:12,13.5,0.0,121,163278,买盘,002320,2025-10-17 22:46:54
10:10:15,13.5,0.0,513,692521,买盘,002320,2025-10-17 22:46:54
10:10:18,13.5,0.0,170,229493,买盘,002320,2025-10-17 22:46:54
10:10:21,13.5,0.0,73,98550,买盘,002320,2025-10-17 22:46:54
10:10:24,13.5,0.0,108,145744,买盘,002320,2025-10-17 22:46:54
10:10:27,13.5,0.0,70,94470,买盘,002320,2025-10-17 22:46:54
10:10:30,13.5,0.0,275,371249,买盘,002320,2025-10-17 22:46:54
10:10:33,13.5,0.0,299,403647,买盘,002320,2025-10-17 22:46:54
10:10:36,13.5,0.0,914,1234116,买盘,002320,2025-10-17 22:46:54
10:10:39,13.55,0.05,60,81237,买盘,002320,2025-10-17 22:46:54
10:10:42,13.55,0.0,4,5408,买盘,002320,2025-10-17 22:46:54
10:10:45,13.55,0.0,301,406687,买盘,002320,2025-10-17 22:46:54
10:10:48,13.52,-0.03,89,120551,中性盘,002320,2025-10-17 22:46:54
10:10:51,13.56,0.04,63,85377,买盘,002320,2025-10-17 22:46:54
10:10:54,13.56,0.0,49,66440,买盘,002320,2025-10-17 22:46:54
10:10:57,13.56,0.0,265,358654,买盘,002320,2025-10-17 22:46:54
10:11:00,13.56,0.0,55,74857,卖盘,002320,2025-10-17 22:46:54
10:11:03,13.56,0.0,251,339872,卖盘,002320,2025-10-17 22:46:54
10:11:06,13.56,0.0,31,42035,买盘,002320,2025-10-17 22:46:54
10:11:09,13.54,-0.02,111,150294,买盘,002320,2025-10-17 22:46:54
10:11:12,13.57,0.03,516,699878,买盘,002320,2025-10-17 22:46:54
10:11:15,13.57,0.0,198,268812,卖盘,002320,2025-10-17 22:46:54
10:11:18,13.57,0.0,35,47527,卖盘,002320,2025-10-17 22:46:54
10:11:21,13.62,0.05,2071,2817123,买盘,002320,2025-10-17 22:46:54
10:11:24,13.6,-0.02,94,127795,中性盘,002320,2025-10-17 22:46:54
10:11:27,13.61,0.01,105,142841,买盘,002320,2025-10-17 22:46:54
10:11:30,13.61,0.0,175,238035,买盘,002320,2025-10-17 22:46:54
10:11:33,13.61,0.0,106,144266,买盘,002320,2025-10-17 22:46:54
10:11:36,13.62,0.01,183,249164,买盘,002320,2025-10-17 22:46:54
10:11:39,13.61,-0.01,609,829136,卖盘,002320,2025-10-17 22:46:54
10:11:42,13.63,0.02,256,348694,买盘,002320,2025-10-17 22:46:54
10:11:45,13.63,0.0,212,288859,买盘,002320,2025-10-17 22:46:54
10:11:48,13.64,0.01,185,252224,买盘,002320,2025-10-17 22:46:54
10:11:51,13.63,-0.01,1810,2465663,卖盘,002320,2025-10-17 22:46:54
10:11:54,13.63,0.0,673,917671,买盘,002320,2025-10-17 22:46:54
10:11:57,13.64,0.01,445,606700,买盘,002320,2025-10-17 22:46:54
10:12:00,13.62,-0.02,976,1330333,卖盘,002320,2025-10-17 22:46:54
10:12:03,13.62,0.0,396,539613,买盘,002320,2025-10-17 22:46:54
10:12:06,13.61,-0.01,651,885548,卖盘,002320,2025-10-17 22:46:54
10:12:09,13.57,-0.04,262,355713,中性盘,002320,2025-10-17 22:46:54
10:12:12,13.54,-0.03,230,311983,卖盘,002320,2025-10-17 22:46:54
10:12:15,13.53,-0.01,278,375955,卖盘,002320,2025-10-17 22:46:54
10:12:18,13.53,0.0,62,83836,买盘,002320,2025-10-17 22:46:54
10:12:21,13.54,0.01,736,995825,买盘,002320,2025-10-17 22:46:54
10:12:24,13.56,0.02,48,65028,买盘,002320,2025-10-17 22:46:54
10:12:27,13.56,0.0,53,71836,买盘,002320,2025-10-17 22:46:54
10:12:30,13.55,-0.01,141,191135,卖盘,002320,2025-10-17 22:46:54
10:12:33,13.56,0.01,47,63772,买盘,002320,2025-10-17 22:46:54
10:12:36,13.55,-0.01,582,789260,卖盘,002320,2025-10-17 22:46:54
10:12:39,13.59,0.04,71,96453,买盘,002320,2025-10-17 22:46:54
10:12:42,13.56,-0.03,53,71952,卖盘,002320,2025-10-17 22:46:54
10:12:45,13.59,0.03,245,332331,买盘,002320,2025-10-17 22:46:54
10:12:48,13.59,0.0,173,234980,买盘,002320,2025-10-17 22:46:54
10:12:51,13.58,-0.01,216,293191,卖盘,002320,2025-10-17 22:46:54
10:12:54,13.59,0.01,298,404888,买盘,002320,2025-10-17 22:46:54
10:12:57,13.59,0.0,89,120948,买盘,002320,2025-10-17 22:46:54
10:13:00,13.59,0.0,38,51637,买盘,002320,2025-10-17 22:46:54
10:13:03,13.59,0.0,232,315125,买盘,002320,2025-10-17 22:46:54
10:13:06,13.6,0.01,87,118304,买盘,002320,2025-10-17 22:46:54
10:13:09,13.62,0.02,612,832956,买盘,002320,2025-10-17 22:46:54
10:13:12,13.63,0.01,38,51774,买盘,002320,2025-10-17 22:46:54
10:13:15,13.64,0.01,1307,1782207,买盘,002320,2025-10-17 22:46:54
10:13:18,13.64,0.0,287,391466,买盘,002320,2025-10-17 22:46:54
10:13:21,13.64,0.0,250,341000,买盘,002320,2025-10-17 22:46:54
10:13:24,13.65,0.01,83,113226,买盘,002320,2025-10-17 22:46:54
10:13:27,13.65,0.0,65,88697,买盘,002320,2025-10-17 22:46:54
10:13:30,13.64,-0.01,2059,2808467,卖盘,002320,2025-10-17 22:46:54
10:13:33,13.63,-0.01,401,546380,买盘,002320,2025-10-17 22:46:54
10:13:36,13.63,0.0,686,933914,买盘,002320,2025-10-17 22:46:54
10:13:39,13.63,0.0,123,167638,买盘,002320,2025-10-17 22:46:54
10:13:42,13.63,0.0,242,329441,买盘,002320,2025-10-17 22:46:54
10:13:45,13.6,-0.03,614,836257,卖盘,002320,2025-10-17 22:46:54
10:13:48,13.6,0.0,388,527605,买盘,002320,2025-10-17 22:46:54
10:13:51,13.6,0.0,107,145504,买盘,002320,2025-10-17 22:46:54
10:13:54,13.6,0.0,190,258379,买盘,002320,2025-10-17 22:46:54
10:13:57,13.6,0.0,405,550214,买盘,002320,2025-10-17 22:46:54
10:14:00,13.6,0.0,341,463684,买盘,002320,2025-10-17 22:46:54
10:14:03,13.6,0.0,73,99169,买盘,002320,2025-10-17 22:46:54
10:14:06,13.55,-0.05,592,802273,卖盘,002320,2025-10-17 22:46:54
10:14:09,13.56,0.01,172,233123,买盘,002320,2025-10-17 22:46:54
10:14:12,13.55,-0.01,115,155878,卖盘,002320,2025-10-17 22:46:54
10:14:15,13.55,0.0,68,92126,买盘,002320,2025-10-17 22:46:54
10:14:18,13.56,0.01,247,334907,买盘,002320,2025-10-17 22:46:54
10:14:21,13.56,0.0,110,149124,卖盘,002320,2025-10-17 22:46:54
10:14:24,13.56,0.0,742,1005522,买盘,002320,2025-10-17 22:46:54
10:14:27,13.55,-0.01,195,264220,买盘,002320,2025-10-17 22:46:54
10:14:30,13.55,0.0,287,388752,买盘,002320,2025-10-17 22:46:54
10:14:33,13.56,0.01,345,467520,买盘,002320,2025-10-17 22:46:54
10:14:36,13.56,0.0,21,28466,买盘,002320,2025-10-17 22:46:54
10:14:39,13.56,0.0,170,230359,买盘,002320,2025-10-17 22:46:54
10:14:42,13.55,-0.01,364,493353,卖盘,002320,2025-10-17 22:46:54
10:14:45,13.55,0.0,85,115187,买盘,002320,2025-10-17 22:46:54
10:14:48,13.54,-0.01,93,125859,卖盘,002320,2025-10-17 22:46:54
10:14:51,13.54,0.0,30,40620,买盘,002320,2025-10-17 22:46:54
10:14:54,13.53,-0.01,365,493941,卖盘,002320,2025-10-17 22:46:54
10:14:57,13.53,0.0,12,16236,买盘,002320,2025-10-17 22:46:54
10:15:00,13.52,-0.01,1213,1639218,卖盘,002320,2025-10-17 22:46:54
10:15:03,13.52,0.0,704,952177,买盘,002320,2025-10-17 22:46:54
10:15:06,13.52,0.0,188,254033,买盘,002320,2025-10-17 22:46:54
10:15:09,13.52,0.0,71,95973,买盘,002320,2025-10-17 22:46:54
10:15:12,13.52,0.0,99,133848,买盘,002320,2025-10-17 22:46:54
10:15:15,13.52,0.0,96,129825,卖盘,002320,2025-10-17 22:46:54
10:15:18,13.55,0.03,76,102841,买盘,002320,2025-10-17 22:46:54
10:15:21,13.54,-0.01,15,20310,中性盘,002320,2025-10-17 22:46:54
10:15:24,13.53,-0.01,124,167725,卖盘,002320,2025-10-17 22:46:54
10:15:27,13.53,0.0,36,48690,买盘,002320,2025-10-17 22:46:54
10:15:30,13.54,0.01,118,159736,买盘,002320,2025-10-17 22:46:54
10:15:33,13.53,-0.01,105,142169,卖盘,002320,2025-10-17 22:46:54
10:15:36,13.54,0.01,199,269421,买盘,002320,2025-10-17 22:46:54
10:15:39,13.54,0.0,3,4062,买盘,002320,2025-10-17 22:46:54
10:15:42,13.51,-0.03,2327,3144903,卖盘,002320,2025-10-17 22:46:54
10:15:45,13.47,-0.04,2474,3337123,卖盘,002320,2025-10-17 22:46:54
10:15:48,13.45,-0.02,656,884564,卖盘,002320,2025-10-17 22:46:54
10:15:51,13.46,0.01,58,78024,中性盘,002320,2025-10-17 22:46:54
10:15:54,13.48,0.02,114,153391,中性盘,002320,2025-10-17 22:46:54
10:15:57,13.48,0.0,51,68674,买盘,002320,2025-10-17 22:46:54
10:16:00,13.48,0.0,67,90311,买盘,002320,2025-10-17 22:46:54
10:16:03,13.48,0.0,92,124025,卖盘,002320,2025-10-17 22:46:54
10:16:06,13.49,0.01,237,319512,买盘,002320,2025-10-17 22:46:54
10:16:09,13.47,-0.02,127,171139,卖盘,002320,2025-10-17 22:46:54
10:16:12,13.48,0.01,172,231792,买盘,002320,2025-10-17 22:46:54
10:16:15,13.48,0.0,289,389551,买盘,002320,2025-10-17 22:46:54
10:16:18,13.48,0.0,195,262818,买盘,002320,2025-10-17 22:46:54
10:16:21,13.47,-0.01,214,288261,卖盘,002320,2025-10-17 22:46:54
10:16:24,13.47,0.0,17,22899,买盘,002320,2025-10-17 22:46:54
10:16:27,13.46,-0.01,82,110420,卖盘,002320,2025-10-17 22:46:54
10:16:30,13.47,0.01,134,180421,买盘,002320,2025-10-17 22:46:54
10:16:33,13.46,-0.01,107,144047,卖盘,002320,2025-10-17 22:46:54
10:16:36,13.47,0.01,122,164295,卖盘,002320,2025-10-17 22:46:54
10:16:39,13.47,0.0,42,56568,买盘,002320,2025-10-17 22:46:54
10:16:42,13.48,0.01,909,1224708,买盘,002320,2025-10-17 22:46:54
10:16:45,13.48,0.0,12,16176,卖盘,002320,2025-10-17 22:46:54
10:16:48,13.49,0.01,44,59356,买盘,002320,2025-10-17 22:46:54
10:16:51,13.49,0.0,80,107910,买盘,002320,2025-10-17 22:46:54
10:16:54,13.49,0.0,370,498909,买盘,002320,2025-10-17 22:46:54
10:16:57,13.5,0.01,73,98514,买盘,002320,2025-10-17 22:46:54
10:17:00,13.51,0.01,169,228158,买盘,002320,2025-10-17 22:46:54
10:17:03,13.51,0.0,166,224110,买盘,002320,2025-10-17 22:46:54
10:17:06,13.51,0.0,276,372812,买盘,002320,2025-10-17 22:46:54
10:17:09,13.51,0.0,849,1146950,买盘,002320,2025-10-17 22:46:54
10:17:12,13.51,0.0,488,659133,卖盘,002320,2025-10-17 22:46:54
10:17:15,13.52,0.01,44,59465,买盘,002320,2025-10-17 22:46:54
10:17:18,13.52,0.0,580,783830,买盘,002320,2025-10-17 22:46:54
10:17:21,13.51,-0.01,52,70278,中性盘,002320,2025-10-17 22:46:54
10:17:24,13.51,0.0,72,97317,买盘,002320,2025-10-17 22:46:54
10:17:27,13.52,0.01,57,77061,买盘,002320,2025-10-17 22:46:54
10:17:30,13.52,0.0,59,79768,卖盘,002320,2025-10-17 22:46:54
10:17:33,13.52,0.0,26,35154,卖盘,002320,2025-10-17 22:46:54
10:17:36,13.53,0.01,44,59532,买盘,002320,2025-10-17 22:46:54
10:17:39,13.52,-0.01,225,304289,卖盘,002320,2025-10-17 22:46:54
10:17:42,13.52,0.0,247,333977,卖盘,002320,2025-10-17 22:46:54
10:17:45,13.52,0.0,39,52728,买盘,002320,2025-10-17 22:46:54
10:17:48,13.51,-0.01,370,499950,卖盘,002320,2025-10-17 22:46:54
10:17:51,13.51,0.0,123,166075,买盘,002320,2025-10-17 22:46:54
10:17:54,13.51,0.0,83,112132,买盘,002320,2025-10-17 22:46:54
10:17:57,13.51,0.0,435,587506,买盘,002320,2025-10-17 22:46:54
10:18:00,13.47,-0.04,882,1188766,卖盘,002320,2025-10-17 22:46:54
10:18:03,13.49,0.02,114,153919,买盘,002320,2025-10-17 22:46:54
10:18:06,13.47,-0.02,180,242342,中性盘,002320,2025-10-17 22:46:54
10:18:09,13.48,0.01,145,195413,买盘,002320,2025-10-17 22:46:54
10:18:12,13.48,0.0,15,20231,卖盘,002320,2025-10-17 22:46:54
10:18:15,13.47,-0.01,17,22912,卖盘,002320,2025-10-17 22:46:54
10:18:18,13.48,0.01,28,37744,买盘,002320,2025-10-17 22:46:54
10:18:21,13.49,0.01,139,187349,买盘,002320,2025-10-17 22:46:54
10:18:24,13.49,0.0,126,169945,中性盘,002320,2025-10-17 22:46:54
10:18:27,13.49,0.0,11,14847,卖盘,002320,2025-10-17 22:46:54
10:18:30,13.49,0.0,137,184831,卖盘,002320,2025-10-17 22:46:54
10:18:33,13.49,0.0,15,20242,卖盘,002320,2025-10-17 22:46:54
10:18:36,13.49,0.0,296,399299,买盘,002320,2025-10-17 22:46:54
10:18:39,13.49,0.0,124,167266,买盘,002320,2025-10-17 22:46:54
10:18:42,13.48,-0.01,159,214455,卖盘,002320,2025-10-17 22:46:54
10:18:45,13.49,0.01,46,62054,买盘,002320,2025-10-17 22:46:54
10:18:48,13.49,0.0,65,87651,买盘,002320,2025-10-17 22:46:54
10:18:51,13.49,0.0,52,70114,买盘,002320,2025-10-17 22:46:54
10:18:54,13.49,0.0,52,70107,买盘,002320,2025-10-17 22:46:54
10:18:57,13.47,-0.02,1034,1392491,卖盘,002320,2025-10-17 22:46:54
10:19:00,13.47,0.0,360,484608,中性盘,002320,2025-10-17 22:46:54
10:19:03,13.47,0.0,356,479567,买盘,002320,2025-10-17 22:46:54
10:19:06,13.47,0.0,47,63289,买盘,002320,2025-10-17 22:46:54
10:19:09,13.51,0.04,752,1014622,买盘,002320,2025-10-17 22:46:54
10:19:12,13.5,-0.01,494,667956,中性盘,002320,2025-10-17 22:46:54
10:19:15,13.47,-0.03,1444,1952894,卖盘,002320,2025-10-17 22:46:54
10:19:18,13.5,0.03,7,9443,买盘,002320,2025-10-17 22:46:54
10:19:21,13.5,0.0,66,89098,买盘,002320,2025-10-17 22:46:54
10:19:24,13.5,0.0,50,67500,买盘,002320,2025-10-17 22:46:54
10:19:27,13.5,0.0,178,240212,买盘,002320,2025-10-17 22:46:54
10:19:30,13.48,-0.02,145,195460,卖盘,002320,2025-10-17 22:46:54
10:19:33,13.48,0.0,81,109188,买盘,002320,2025-10-17 22:46:54
10:19:36,13.48,0.0,85,114574,买盘,002320,2025-10-17 22:46:54
10:19:39,13.47,-0.01,866,1166511,卖盘,002320,2025-10-17 22:46:54
10:19:42,13.47,0.0,65,87555,买盘,002320,2025-10-17 22:46:54
10:19:45,13.47,0.0,352,474121,买盘,002320,2025-10-17 22:46:54
10:19:48,13.47,0.0,24,32333,卖盘,002320,2025-10-17 22:46:54
10:19:51,13.48,0.01,85,114570,买盘,002320,2025-10-17 22:46:54
10:19:54,13.48,0.0,32,43123,买盘,002320,2025-10-17 22:46:54
10:19:57,13.49,0.01,76,102452,买盘,002320,2025-10-17 22:46:54
10:20:00,13.48,-0.01,30,40441,卖盘,002320,2025-10-17 22:46:54
10:20:03,13.48,0.0,81,109239,卖盘,002320,2025-10-17 22:46:54
10:20:06,13.49,0.01,54,72846,买盘,002320,2025-10-17 22:46:54
10:20:09,13.5,0.01,96,129536,买盘,002320,2025-10-17 22:46:54
10:20:12,13.5,0.0,357,481934,买盘,002320,2025-10-17 22:46:54
10:20:15,13.49,-0.01,121,163264,卖盘,002320,2025-10-17 22:46:54
10:20:18,13.49,0.0,197,265671,卖盘,002320,2025-10-17 22:46:54
10:20:21,13.48,-0.01,134,180839,卖盘,002320,2025-10-17 22:46:54
10:20:24,13.5,0.02,2,2700,买盘,002320,2025-10-17 22:46:54
10:20:27,13.48,-0.02,194,261534,卖盘,002320,2025-10-17 22:46:54
10:20:30,13.5,0.02,45,60695,买盘,002320,2025-10-17 22:46:54
10:20:33,13.49,-0.01,21,28326,买盘,002320,2025-10-17 22:46:54
10:20:36,13.48,-0.01,39,52595,卖盘,002320,2025-10-17 22:46:54
10:20:39,13.49,0.01,19,25639,中性盘,002320,2025-10-17 22:46:54
10:20:42,13.49,0.0,26,35074,卖盘,002320,2025-10-17 22:46:54
10:20:45,13.5,0.01,74,99894,买盘,002320,2025-10-17 22:46:54
10:20:48,13.5,0.0,754,1017898,买盘,002320,2025-10-17 22:46:54
10:20:51,13.51,0.01,9,12153,买盘,002320,2025-10-17 22:46:54
10:20:54,13.5,-0.01,150,202518,卖盘,002320,2025-10-17 22:46:54
10:20:57,13.51,0.01,91,122914,买盘,002320,2025-10-17 22:46:54
10:21:00,13.52,0.01,25,33782,买盘,002320,2025-10-17 22:46:54
10:21:03,13.52,0.0,70,94614,买盘,002320,2025-10-17 22:46:54
10:21:06,13.52,0.0,45,60840,买盘,002320,2025-10-17 22:46:54
10:21:09,13.52,0.0,68,91942,卖盘,002320,2025-10-17 22:46:54
10:21:12,13.53,0.01,126,170378,买盘,002320,2025-10-17 22:46:54
10:21:15,13.53,0.0,28,37872,买盘,002320,2025-10-17 22:46:54
10:21:18,13.53,0.0,137,185464,买盘,002320,2025-10-17 22:46:54
10:21:21,13.53,0.0,57,77121,买盘,002320,2025-10-17 22:46:54
10:21:24,13.52,-0.01,198,267704,卖盘,002320,2025-10-17 22:46:54
10:21:27,13.52,0.0,78,105466,买盘,002320,2025-10-17 22:46:54
10:21:30,13.52,0.0,21,28392,买盘,002320,2025-10-17 22:46:54
10:21:33,13.52,0.0,144,194670,买盘,002320,2025-10-17 22:46:54
10:21:36,13.53,0.01,16,21644,买盘,002320,2025-10-17 22:46:54
10:21:39,13.53,0.0,16,21639,买盘,002320,2025-10-17 22:46:54
10:21:42,13.52,-0.01,235,317797,卖盘,002320,2025-10-17 22:46:54
10:21:45,13.52,0.0,22,29741,买盘,002320,2025-10-17 22:46:54
10:21:48,13.52,0.0,45,60818,买盘,002320,2025-10-17 22:46:54
10:21:51,13.52,0.0,171,231192,买盘,002320,2025-10-17 22:46:54
10:21:54,13.53,0.01,28,37865,买盘,002320,2025-10-17 22:46:54
10:21:57,13.52,-0.01,224,302928,卖盘,002320,2025-10-17 22:46:54
10:22:00,13.53,0.01,34,45969,买盘,002320,2025-10-17 22:46:54
10:22:03,13.53,0.0,165,223181,买盘,002320,2025-10-17 22:46:54
10:22:06,13.55,0.02,118,159780,买盘,002320,2025-10-17 22:46:54
10:22:09,13.55,0.0,10,13545,买盘,002320,2025-10-17 22:46:54
10:22:12,13.55,0.0,54,73170,买盘,002320,2025-10-17 22:46:54
10:22:15,13.55,0.0,34,46070,买盘,002320,2025-10-17 22:46:54
10:22:18,13.56,0.01,57,77239,买盘,002320,2025-10-17 22:46:54
10:22:21,13.56,0.0,52,70473,买盘,002320,2025-10-17 22:46:54
10:22:24,13.56,0.0,340,461192,买盘,002320,2025-10-17 22:46:54
10:22:27,13.58,0.02,36,48872,买盘,002320,2025-10-17 22:46:54
10:22:30,13.58,0.0,42,57034,买盘,002320,2025-10-17 22:46:54
10:22:33,13.58,0.0,116,157493,买盘,002320,2025-10-17 22:46:54
10:22:36,13.59,0.01,90,122181,买盘,002320,2025-10-17 22:46:54
10:22:42,13.59,0.0,300,407735,买盘,002320,2025-10-17 22:46:54
10:22:45,13.59,0.0,1554,2111713,卖盘,002320,2025-10-17 22:46:54
10:22:48,13.58,-0.01,241,327261,卖盘,002320,2025-10-17 22:46:54
10:22:51,13.58,0.0,428,581038,买盘,002320,2025-10-17 22:46:54
10:22:54,13.55,-0.03,774,1049257,卖盘,002320,2025-10-17 22:46:54
10:22:57,13.56,0.01,682,924538,买盘,002320,2025-10-17 22:46:54
10:23:00,13.55,-0.01,357,483437,中性盘,002320,2025-10-17 22:46:54
10:23:03,13.55,0.0,41,55503,买盘,002320,2025-10-17 22:46:54
10:23:06,13.54,-0.01,114,154358,中性盘,002320,2025-10-17 22:46:54
10:23:09,13.54,0.0,76,102892,买盘,002320,2025-10-17 22:46:54
10:23:12,13.53,-0.01,57,77170,中性盘,002320,2025-10-17 22:46:54
10:23:15,13.55,0.02,329,445587,买盘,002320,2025-10-17 22:46:54
10:23:18,13.55,0.0,3,4066,卖盘,002320,2025-10-17 22:46:54
10:23:21,13.57,0.02,54,73222,买盘,002320,2025-10-17 22:46:54
10:23:24,13.55,-0.02,44,59626,卖盘,002320,2025-10-17 22:46:54
10:23:27,13.55,0.0,610,826615,卖盘,002320,2025-10-17 22:46:54
10:23:30,13.55,0.0,165,223522,买盘,002320,2025-10-17 22:46:54
10:23:33,13.54,-0.01,141,191045,卖盘,002320,2025-10-17 22:46:54
10:23:36,13.55,0.01,58,78581,买盘,002320,2025-10-17 22:46:54
10:23:39,13.53,-0.02,30,40619,卖盘,002320,2025-10-17 22:46:54
10:23:42,13.54,0.01,34,46030,买盘,002320,2025-10-17 22:46:54
10:23:45,13.54,0.0,7,9478,买盘,002320,2025-10-17 22:46:54
10:23:48,13.54,0.0,180,243771,买盘,002320,2025-10-17 22:46:54
10:23:51,13.55,0.01,316,427881,买盘,002320,2025-10-17 22:46:54
10:23:54,13.55,0.0,78,105690,买盘,002320,2025-10-17 22:46:54
10:23:57,13.55,0.0,22,29810,买盘,002320,2025-10-17 22:46:54
10:24:00,13.55,0.0,157,212630,买盘,002320,2025-10-17 22:46:54
10:24:03,13.54,-0.01,168,227589,卖盘,002320,2025-10-17 22:46:54
10:24:06,13.55,0.01,74,100258,买盘,002320,2025-10-17 22:46:54
10:24:09,13.55,0.0,128,173337,买盘,002320,2025-10-17 22:46:54
10:24:12,13.55,0.0,344,466085,买盘,002320,2025-10-17 22:46:54
10:24:15,13.55,0.0,750,1016250,买盘,002320,2025-10-17 22:46:54
10:24:18,13.55,0.0,33,44725,卖盘,002320,2025-10-17 22:46:54
10:24:21,13.56,0.01,133,180376,买盘,002320,2025-10-17 22:46:54
10:24:24,13.56,0.0,38,51538,卖盘,002320,2025-10-17 22:46:54
10:24:27,13.56,0.0,70,94982,卖盘,002320,2025-10-17 22:46:54
10:24:30,13.57,0.01,42,56960,买盘,002320,2025-10-17 22:46:54
10:24:33,13.56,-0.01,103,139751,卖盘,002320,2025-10-17 22:46:54
10:24:36,13.56,0.0,57,77345,卖盘,002320,2025-10-17 22:46:54
10:24:39,13.56,0.0,726,984353,卖盘,002320,2025-10-17 22:46:54
10:24:42,13.56,0.0,12,16272,买盘,002320,2025-10-17 22:46:54
10:24:45,13.55,-0.01,110,149126,卖盘,002320,2025-10-17 22:46:54
10:24:48,13.55,0.0,260,352194,卖盘,002320,2025-10-17 22:46:54
10:24:54,13.55,0.0,107,144984,买盘,002320,2025-10-17 22:46:54
10:24:57,13.5,-0.05,703,950714,卖盘,002320,2025-10-17 22:46:54
10:25:00,13.5,0.0,1272,1716932,卖盘,002320,2025-10-17 22:46:54
10:25:03,13.49,-0.01,305,411934,卖盘,002320,2025-10-17 22:46:54
10:25:06,13.49,0.0,11,14836,买盘,002320,2025-10-17 22:46:54
10:25:09,13.49,0.0,45,60685,买盘,002320,2025-10-17 22:46:54
10:25:12,13.49,0.0,77,103802,买盘,002320,2025-10-17 22:46:54
10:25:15,13.49,0.0,52,70140,买盘,002320,2025-10-17 22:46:54
10:25:18,13.49,0.0,21,28337,卖盘,002320,2025-10-17 22:46:54
10:25:21,13.5,0.01,147,198458,买盘,002320,2025-10-17 22:46:54
10:25:24,13.5,0.0,73,98550,卖盘,002320,2025-10-17 22:46:54
10:25:27,13.5,0.0,54,72938,卖盘,002320,2025-10-17 22:46:54
10:25:30,13.5,0.0,20,27021,卖盘,002320,2025-10-17 22:46:54
10:25:33,13.52,0.02,90,121670,买盘,002320,2025-10-17 22:46:54
10:25:36,13.52,0.0,31,41908,买盘,002320,2025-10-17 22:46:54
10:25:39,13.5,-0.02,122,164936,卖盘,002320,2025-10-17 22:46:54
10:25:42,13.52,0.02,240,324641,买盘,002320,2025-10-17 22:46:54
10:25:45,13.52,0.0,50,67620,卖盘,002320,2025-10-17 22:46:54
10:25:48,13.54,0.02,56,75824,买盘,002320,2025-10-17 22:46:54
10:25:51,13.53,-0.01,47,63604,卖盘,002320,2025-10-17 22:46:54
10:25:54,13.54,0.01,58,78523,买盘,002320,2025-10-17 22:46:54
10:25:57,13.54,0.0,59,79875,买盘,002320,2025-10-17 22:46:54
10:26:00,13.54,0.0,80,108213,买盘,002320,2025-10-17 22:46:54
10:26:03,13.53,-0.01,103,139236,中性盘,002320,2025-10-17 22:46:54
10:26:06,13.54,0.01,441,596996,买盘,002320,2025-10-17 22:46:54
10:26:09,13.55,0.01,101,136845,买盘,002320,2025-10-17 22:46:54
10:26:12,13.54,-0.01,173,234371,卖盘,002320,2025-10-17 22:46:54
10:26:15,13.55,0.01,115,155775,买盘,002320,2025-10-17 22:46:54
10:26:18,13.55,0.0,205,277775,买盘,002320,2025-10-17 22:46:54
10:26:21,13.56,0.01,8,10848,买盘,002320,2025-10-17 22:46:54
10:26:24,13.56,0.0,39,52884,买盘,002320,2025-10-17 22:46:54
10:26:27,13.56,0.0,288,390528,买盘,002320,2025-10-17 22:46:54
10:26:30,13.56,0.0,175,237427,卖盘,002320,2025-10-17 22:46:54
10:26:33,13.56,0.0,284,385227,中性盘,002320,2025-10-17 22:46:54
10:26:36,13.55,-0.01,115,155911,卖盘,002320,2025-10-17 22:46:54
10:26:39,13.57,0.02,60,81415,买盘,002320,2025-10-17 22:46:54
10:26:42,13.57,0.0,83,112606,买盘,002320,2025-10-17 22:46:54
10:26:45,13.57,0.0,31,42068,买盘,002320,2025-10-17 22:46:54
10:26:48,13.57,0.0,136,184471,卖盘,002320,2025-10-17 22:46:54
10:26:51,13.57,0.0,247,335017,买盘,002320,2025-10-17 22:46:54
10:26:54,13.57,0.0,40,54251,买盘,002320,2025-10-17 22:46:54
10:26:57,13.56,-0.01,98,132934,卖盘,002320,2025-10-17 22:46:54
10:27:00,13.55,-0.01,473,640896,卖盘,002320,2025-10-17 22:46:54
10:27:03,13.55,0.0,290,393067,买盘,002320,2025-10-17 22:46:54
10:27:06,13.54,-0.01,69,93432,中性盘,002320,2025-10-17 22:46:54
10:27:09,13.52,-0.02,85,115021,卖盘,002320,2025-10-17 22:46:54
10:27:12,13.49,-0.03,1379,1860615,卖盘,002320,2025-10-17 22:46:54
10:27:15,13.49,0.0,41,55307,买盘,002320,2025-10-17 22:46:54
10:27:18,13.5,0.01,26,35076,买盘,002320,2025-10-17 22:46:54
10:27:21,13.5,0.0,97,130950,买盘,002320,2025-10-17 22:46:54
10:27:24,13.5,0.0,62,83700,买盘,002320,2025-10-17 22:46:54
10:27:27,13.5,0.0,156,210523,买盘,002320,2025-10-17 22:46:54
10:27:30,13.49,-0.01,371,500780,卖盘,002320,2025-10-17 22:46:54
10:27:33,13.5,0.01,179,241573,卖盘,002320,2025-10-17 22:46:54
10:27:36,13.5,0.0,67,90384,买盘,002320,2025-10-17 22:46:54
10:27:39,13.49,-0.01,6,8095,卖盘,002320,2025-10-17 22:46:54
10:27:42,13.49,0.0,109,147131,卖盘,002320,2025-10-17 22:46:54
10:27:45,13.5,0.01,306,412964,买盘,002320,2025-10-17 22:46:54
10:27:48,13.49,-0.01,145,195604,卖盘,002320,2025-10-17 22:46:54
10:27:51,13.49,0.0,97,130853,买盘,002320,2025-10-17 22:46:54
10:27:54,13.49,0.0,270,364120,买盘,002320,2025-10-17 22:46:54
10:27:57,13.49,0.0,31,41797,中性盘,002320,2025-10-17 22:46:54
10:28:00,13.49,0.0,4,5396,卖盘,002320,2025-10-17 22:46:54
10:28:03,13.49,0.0,12,16188,卖盘,002320,2025-10-17 22:46:54
10:28:06,13.5,0.01,42,56692,买盘,002320,2025-10-17 22:46:54
10:28:09,13.5,0.0,212,286199,卖盘,002320,2025-10-17 22:46:54
10:28:12,13.5,0.0,33,44550,买盘,002320,2025-10-17 22:46:54
10:28:15,13.49,-0.01,41,55336,卖盘,002320,2025-10-17 22:46:54
10:28:18,13.5,0.01,173,233547,买盘,002320,2025-10-17 22:46:54
10:28:21,13.52,0.02,419,566098,买盘,002320,2025-10-17 22:46:54
10:28:24,13.52,0.0,15,20289,买盘,002320,2025-10-17 22:46:54
10:28:27,13.53,0.01,10,13530,中性盘,002320,2025-10-17 22:46:54
10:28:30,13.53,0.0,8,10824,卖盘,002320,2025-10-17 22:46:54
10:28:33,13.53,0.0,25,33850,卖盘,002320,2025-10-17 22:46:54
10:28:36,13.53,0.0,2,2707,卖盘,002320,2025-10-17 22:46:54
10:28:39,13.54,0.01,13,17593,买盘,002320,2025-10-17 22:46:54
10:28:42,13.53,-0.01,35,47359,卖盘,002320,2025-10-17 22:46:54
10:28:45,13.54,0.01,23,31132,买盘,002320,2025-10-17 22:46:54
10:28:48,13.53,-0.01,91,123159,卖盘,002320,2025-10-17 22:46:54
10:28:51,13.54,0.01,71,96129,买盘,002320,2025-10-17 22:46:54
10:28:54,13.53,-0.01,48,64971,卖盘,002320,2025-10-17 22:46:54
10:28:57,13.54,0.01,40,54160,买盘,002320,2025-10-17 22:46:54
10:29:00,13.54,0.0,71,96190,卖盘,002320,2025-10-17 22:46:54
10:29:03,13.55,0.01,125,169226,买盘,002320,2025-10-17 22:46:54
10:29:06,13.54,-0.01,83,112320,卖盘,002320,2025-10-17 22:46:54
10:29:09,13.54,0.0,42,56831,买盘,002320,2025-10-17 22:46:54
10:29:12,13.54,0.0,53,71709,买盘,002320,2025-10-17 22:46:54
10:29:15,13.54,0.0,36,48711,买盘,002320,2025-10-17 22:46:54
10:29:18,13.55,0.01,273,369725,买盘,002320,2025-10-17 22:46:54
10:29:21,13.54,-0.01,35,47382,卖盘,002320,2025-10-17 22:46:54
10:29:24,13.53,-0.01,50,67682,卖盘,002320,2025-10-17 22:46:54
10:29:27,13.54,0.01,3,4062,买盘,002320,2025-10-17 22:46:54
10:29:30,13.53,-0.01,89,120454,卖盘,002320,2025-10-17 22:46:54
10:29:33,13.52,-0.01,219,296028,卖盘,002320,2025-10-17 22:46:54
10:29:36,13.53,0.01,34,45971,买盘,002320,2025-10-17 22:46:54
10:29:39,13.54,0.01,227,307218,买盘,002320,2025-10-17 22:46:54
10:29:42,13.55,0.01,3,4064,买盘,002320,2025-10-17 22:46:54
10:29:45,13.55,0.0,26,35228,买盘,002320,2025-10-17 22:46:54
10:29:48,13.55,0.0,115,155819,买盘,002320,2025-10-17 22:46:54
10:29:51,13.54,-0.01,48,65029,卖盘,002320,2025-10-17 22:46:54
10:29:54,13.55,0.01,103,139478,买盘,002320,2025-10-17 22:46:54
10:29:57,13.54,-0.01,290,392790,卖盘,002320,2025-10-17 22:46:54
10:30:00,13.51,-0.03,2231,3019807,卖盘,002320,2025-10-17 22:46:54
10:30:03,13.51,0.0,151,203954,卖盘,002320,2025-10-17 22:46:54
10:30:06,13.51,0.0,195,263264,买盘,002320,2025-10-17 22:46:54
10:30:09,13.55,0.04,867,1173440,买盘,002320,2025-10-17 22:46:54
10:30:12,13.51,-0.04,14,18927,卖盘,002320,2025-10-17 22:46:54
10:30:15,13.51,0.0,2,2702,卖盘,002320,2025-10-17 22:46:54
10:30:21,13.55,0.04,50,67677,买盘,002320,2025-10-17 22:46:54
10:30:27,13.51,-0.04,25,33801,卖盘,002320,2025-10-17 22:46:54
10:30:30,13.53,0.02,25,33825,买盘,002320,2025-10-17 22:46:54
10:30:33,13.53,0.0,73,98769,买盘,002320,2025-10-17 22:46:54
10:30:36,13.53,0.0,45,60879,买盘,002320,2025-10-17 22:46:54
10:30:39,13.53,0.0,57,77121,买盘,002320,2025-10-17 22:46:54
10:30:42,13.54,0.01,8,10832,买盘,002320,2025-10-17 22:46:54
10:30:45,13.54,0.0,14,18956,买盘,002320,2025-10-17 22:46:54
10:30:48,13.54,0.0,42,56838,买盘,002320,2025-10-17 22:46:54
10:30:51,13.53,-0.01,218,295289,卖盘,002320,2025-10-17 22:46:54
10:30:54,13.54,0.01,21,28434,买盘,002320,2025-10-17 22:46:54
10:31:00,13.54,0.0,15,20312,卖盘,002320,2025-10-17 22:46:54
10:31:03,13.53,-0.01,329,445232,卖盘,002320,2025-10-17 22:46:54
10:31:06,13.53,0.0,6,8118,卖盘,002320,2025-10-17 22:46:54
10:31:09,13.53,0.0,102,138041,卖盘,002320,2025-10-17 22:46:54
10:31:12,13.53,0.0,84,113684,卖盘,002320,2025-10-17 22:46:54
10:31:15,13.51,-0.02,2394,3236714,卖盘,002320,2025-10-17 22:46:54
10:31:18,13.51,0.0,43,58060,买盘,002320,2025-10-17 22:46:54
10:31:21,13.5,-0.01,111,149888,卖盘,002320,2025-10-17 22:46:54
10:31:24,13.51,0.01,40,54031,买盘,002320,2025-10-17 22:46:54
10:31:27,13.51,0.0,91,122871,买盘,002320,2025-10-17 22:46:54
10:31:30,13.51,0.0,8,10808,买盘,002320,2025-10-17 22:46:54
10:31:33,13.5,-0.01,110,148525,卖盘,002320,2025-10-17 22:46:54
10:31:36,13.51,0.01,419,565394,买盘,002320,2025-10-17 22:46:54
10:31:39,13.5,-0.01,85,114774,卖盘,002320,2025-10-17 22:46:54
10:31:42,13.51,0.01,108,145891,买盘,002320,2025-10-17 22:46:54
10:31:45,13.5,-0.01,9,12154,卖盘,002320,2025-10-17 22:46:54
10:31:48,13.51,0.01,56,75654,买盘,002320,2025-10-17 22:46:54
10:31:51,13.5,-0.01,9,12150,卖盘,002320,2025-10-17 22:46:54
10:31:54,13.51,0.01,253,341803,买盘,002320,2025-10-17 22:46:54
10:31:57,13.51,0.0,178,240478,卖盘,002320,2025-10-17 22:46:54
10:32:00,13.5,-0.01,470,634655,卖盘,002320,2025-10-17 22:46:54
10:32:03,13.5,0.0,109,147150,买盘,002320,2025-10-17 22:46:54
10:32:06,13.5,0.0,24,32400,卖盘,002320,2025-10-17 22:46:54
10:32:09,13.51,0.01,87,117468,买盘,002320,2025-10-17 22:46:54
10:32:12,13.51,0.0,9,12159,买盘,002320,2025-10-17 22:46:54
10:32:15,13.51,0.0,12,16212,买盘,002320,2025-10-17 22:46:54
10:32:18,13.51,0.0,157,212107,买盘,002320,2025-10-17 22:46:54
10:32:21,13.51,0.0,2,2702,卖盘,002320,2025-10-17 22:46:54
10:32:24,13.51,0.0,1,1351,卖盘,002320,2025-10-17 22:46:54
10:32:27,13.52,0.01,100,135150,买盘,002320,2025-10-17 22:46:54
10:32:30,13.51,-0.01,49,66203,卖盘,002320,2025-10-17 22:46:54
10:32:33,13.51,0.0,132,178250,买盘,002320,2025-10-17 22:46:54
10:32:36,13.52,0.01,31,41878,买盘,002320,2025-10-17 22:46:54
10:32:39,13.51,-0.01,11,14861,卖盘,002320,2025-10-17 22:46:54
10:32:42,13.52,0.01,2,2704,买盘,002320,2025-10-17 22:46:54
10:32:48,13.52,0.0,75,101400,买盘,002320,2025-10-17 22:46:54
10:32:51,13.51,-0.01,13,17569,卖盘,002320,2025-10-17 22:46:54
10:32:54,13.52,0.01,2,2704,买盘,002320,2025-10-17 22:46:54
10:32:57,13.52,0.0,15,20280,买盘,002320,2025-10-17 22:46:54
10:33:00,13.52,0.0,363,490771,买盘,002320,2025-10-17 22:46:54
10:33:03,13.52,0.0,179,242008,卖盘,002320,2025-10-17 22:46:54
10:33:06,13.52,0.0,26,35152,卖盘,002320,2025-10-17 22:46:54
10:33:09,13.52,0.0,74,100100,卖盘,002320,2025-10-17 22:46:54
10:33:12,13.53,0.01,22,29746,买盘,002320,2025-10-17 22:46:54
10:33:15,13.53,0.0,204,276009,买盘,002320,2025-10-17 22:46:54
10:33:18,13.53,0.0,73,98769,买盘,002320,2025-10-17 22:46:54
10:33:21,13.54,0.01,11,14884,买盘,002320,2025-10-17 22:46:54
10:33:27,13.54,0.0,20,27073,买盘,002320,2025-10-17 22:46:54
10:33:30,13.54,0.0,112,151648,买盘,002320,2025-10-17 22:46:54
10:33:33,13.54,0.0,10,13540,中性盘,002320,2025-10-17 22:46:54
10:33:36,13.54,0.0,100,135383,卖盘,002320,2025-10-17 22:46:54
10:33:39,13.55,0.01,17,23027,买盘,002320,2025-10-17 22:46:54
10:33:42,13.54,-0.01,9,12186,卖盘,002320,2025-10-17 22:46:54
10:33:45,13.54,0.0,24,32496,卖盘,002320,2025-10-17 22:46:54
10:33:48,13.55,0.01,80,108359,买盘,002320,2025-10-17 22:46:54
10:33:51,13.55,0.0,68,92120,买盘,002320,2025-10-17 22:46:54
10:33:54,13.55,0.0,35,47412,买盘,002320,2025-10-17 22:46:54
10:33:57,13.54,-0.01,67,90783,中性盘,002320,2025-10-17 22:46:54
10:34:00,13.55,0.01,50,67750,买盘,002320,2025-10-17 22:46:54
10:34:03,13.54,-0.01,56,75840,卖盘,002320,2025-10-17 22:46:54
10:34:06,13.55,0.01,35,47399,买盘,002320,2025-10-17 22:46:54
10:34:09,13.55,0.0,15,20311,买盘,002320,2025-10-17 22:46:54
10:34:12,13.55,0.0,71,96205,买盘,002320,2025-10-17 22:46:54
10:34:15,13.55,0.0,36,48780,买盘,002320,2025-10-17 22:46:54
10:34:18,13.55,0.0,6,8127,买盘,002320,2025-10-17 22:46:54
10:34:21,13.54,-0.01,88,119229,卖盘,002320,2025-10-17 22:46:54
10:34:24,13.55,0.01,5,6775,买盘,002320,2025-10-17 22:46:54
10:34:27,13.55,0.0,120,162485,买盘,002320,2025-10-17 22:46:54
10:34:30,13.55,0.0,44,59604,买盘,002320,2025-10-17 22:46:54
10:34:33,13.55,0.0,35,47421,买盘,002320,2025-10-17 22:46:54
10:34:36,13.55,0.0,108,146283,卖盘,002320,2025-10-17 22:46:54
10:34:39,13.55,0.0,343,465015,买盘,002320,2025-10-17 22:46:54
10:34:42,13.56,0.01,13,17622,买盘,002320,2025-10-17 22:46:54
10:34:45,13.56,0.0,19,25752,买盘,002320,2025-10-17 22:46:54
10:34:48,13.55,-0.01,107,145028,卖盘,002320,2025-10-17 22:46:54
10:34:51,13.54,-0.01,42,56915,卖盘,002320,2025-10-17 22:46:54
10:34:54,13.56,0.02,54,73135,买盘,002320,2025-10-17 22:46:54
10:34:57,13.55,-0.01,18,24394,中性盘,002320,2025-10-17 22:46:54
10:35:00,13.55,0.0,43,58301,买盘,002320,2025-10-17 22:46:54
10:35:03,13.55,0.0,87,117846,买盘,002320,2025-10-17 22:46:54
10:35:06,13.55,0.0,24,32520,买盘,002320,2025-10-17 22:46:54
10:35:09,13.55,0.0,20,27100,买盘,002320,2025-10-17 22:46:54
10:35:12,13.55,0.0,21,28465,卖盘,002320,2025-10-17 22:46:54
10:35:15,13.56,0.01,138,187128,买盘,002320,2025-10-17 22:46:54
10:35:18,13.55,-0.01,41,55583,卖盘,002320,2025-10-17 22:46:54
10:35:21,13.56,0.01,46,62349,买盘,002320,2025-10-17 22:46:54
10:35:24,13.56,0.0,13,17628,买盘,002320,2025-10-17 22:46:54
10:35:27,13.56,0.0,17,23051,买盘,002320,2025-10-17 22:46:54
10:35:30,13.56,0.0,110,149062,买盘,002320,2025-10-17 22:46:54
10:35:33,13.56,0.0,63,85428,买盘,002320,2025-10-17 22:46:54
10:35:36,13.56,0.0,41,55584,买盘,002320,2025-10-17 22:46:54
10:35:39,13.57,0.01,113,153231,买盘,002320,2025-10-17 22:46:54
10:35:42,13.57,0.0,41,55635,买盘,002320,2025-10-17 22:46:54
10:35:45,13.57,0.0,1,1357,卖盘,002320,2025-10-17 22:46:54
10:35:48,13.57,0.0,20,27140,买盘,002320,2025-10-17 22:46:54
10:35:51,13.57,0.0,89,120772,买盘,002320,2025-10-17 22:46:54
10:35:54,13.57,0.0,125,170164,买盘,002320,2025-10-17 22:46:54
10:35:57,13.58,0.01,12,16285,买盘,002320,2025-10-17 22:46:54
10:36:00,13.58,0.0,29,39372,买盘,002320,2025-10-17 22:46:54
10:36:03,13.58,0.0,289,392382,买盘,002320,2025-10-17 22:46:54
10:36:06,13.58,0.0,47,63821,买盘,002320,2025-10-17 22:46:54
10:36:09,13.58,0.0,65,88270,买盘,002320,2025-10-17 22:46:54
10:36:12,13.59,0.01,66,89694,买盘,002320,2025-10-17 22:46:54
10:36:15,13.59,0.0,5,6795,买盘,002320,2025-10-17 22:46:54
10:36:18,13.59,0.0,18,24462,买盘,002320,2025-10-17 22:46:54
10:36:21,13.59,0.0,249,337514,买盘,002320,2025-10-17 22:46:54
10:36:24,13.56,-0.03,5223,7080219,卖盘,002320,2025-10-17 22:46:54
10:36:27,13.53,-0.03,206,278867,卖盘,002320,2025-10-17 22:46:54
10:36:30,13.53,0.0,278,376158,卖盘,002320,2025-10-17 22:46:54
10:36:33,13.53,0.0,253,342345,卖盘,002320,2025-10-17 22:46:54
10:36:36,13.53,0.0,178,240834,卖盘,002320,2025-10-17 22:46:54
10:36:39,13.54,0.01,143,193489,买盘,002320,2025-10-17 22:46:54
10:36:42,13.54,0.0,27,36514,买盘,002320,2025-10-17 22:46:54
10:36:45,13.53,-0.01,14,18942,卖盘,002320,2025-10-17 22:46:54
10:36:48,13.53,0.0,187,253177,卖盘,002320,2025-10-17 22:46:54
10:36:51,13.55,0.02,144,194859,买盘,002320,2025-10-17 22:46:54
10:36:54,13.54,-0.01,1,1354,卖盘,002320,2025-10-17 22:46:54
10:36:57,13.54,0.0,1,1354,卖盘,002320,2025-10-17 22:46:54
10:37:00,13.54,0.0,67,90731,卖盘,002320,2025-10-17 22:46:54
10:37:03,13.55,0.01,183,247938,买盘,002320,2025-10-17 22:46:54
10:37:06,13.55,0.0,36,48780,卖盘,002320,2025-10-17 22:46:54
10:37:09,13.55,0.0,27,36585,卖盘,002320,2025-10-17 22:46:54
10:37:12,13.55,0.0,219,296865,卖盘,002320,2025-10-17 22:46:54
10:37:15,13.56,0.01,49,66429,买盘,002320,2025-10-17 22:46:54
10:37:18,13.56,0.0,10,13560,卖盘,002320,2025-10-17 22:46:54
10:37:21,13.56,0.0,31,42037,卖盘,002320,2025-10-17 22:46:54
10:37:24,13.56,0.0,114,154823,卖盘,002320,2025-10-17 22:46:54
10:37:27,13.57,0.01,164,222548,买盘,002320,2025-10-17 22:46:54
10:37:30,13.57,0.0,14,18998,卖盘,002320,2025-10-17 22:46:54
10:37:33,13.57,0.0,36,48872,卖盘,002320,2025-10-17 22:46:54
10:37:36,13.58,0.01,120,162928,买盘,002320,2025-10-17 22:46:54
10:37:39,13.58,0.0,59,80153,卖盘,002320,2025-10-17 22:46:54
10:37:42,13.58,0.0,32,43483,卖盘,002320,2025-10-17 22:46:54
10:37:45,13.58,0.0,29,39385,卖盘,002320,2025-10-17 22:46:54
10:37:48,13.58,0.0,432,586661,卖盘,002320,2025-10-17 22:46:54
10:37:51,13.58,0.0,208,282244,买盘,002320,2025-10-17 22:46:54
10:37:54,13.56,-0.02,125,169558,卖盘,002320,2025-10-17 22:46:54
10:37:57,13.57,0.01,108,146452,中性盘,002320,2025-10-17 22:46:54
10:38:00,13.57,0.0,96,130202,买盘,002320,2025-10-17 22:46:54
10:38:03,13.58,0.01,285,386898,买盘,002320,2025-10-17 22:46:54
10:38:06,13.57,-0.01,16,21725,卖盘,002320,2025-10-17 22:46:54
10:38:09,13.58,0.01,27,36648,买盘,002320,2025-10-17 22:46:54
10:38:12,13.57,-0.01,214,290544,卖盘,002320,2025-10-17 22:46:54
10:38:15,13.58,0.01,25,33932,买盘,002320,2025-10-17 22:46:54
10:38:18,13.57,-0.01,44,59728,卖盘,002320,2025-10-17 22:46:54
10:38:21,13.57,0.0,132,179240,卖盘,002320,2025-10-17 22:46:54
10:38:24,13.57,0.0,98,133005,买盘,002320,2025-10-17 22:46:54
10:38:27,13.58,0.01,38,51592,买盘,002320,2025-10-17 22:46:54
10:38:30,13.59,0.01,3,4077,买盘,002320,2025-10-17 22:46:54
10:38:33,13.59,0.0,70,95094,买盘,002320,2025-10-17 22:46:54
10:38:36,13.58,-0.01,507,688444,卖盘,002320,2025-10-17 22:46:54
10:38:39,13.58,0.0,51,69257,买盘,002320,2025-10-17 22:46:54
10:38:42,13.58,0.0,233,316350,买盘,002320,2025-10-17 22:46:54
10:38:45,13.57,-0.01,16,21724,卖盘,002320,2025-10-17 22:46:54
10:38:48,13.58,0.01,89,120842,买盘,002320,2025-10-17 22:46:54
10:38:51,13.58,0.0,23,31234,买盘,002320,2025-10-17 22:46:54
10:38:54,13.58,0.0,22,29876,买盘,002320,2025-10-17 22:46:54
10:38:57,13.58,0.0,143,194185,买盘,002320,2025-10-17 22:46:54
10:39:00,13.58,0.0,67,90986,买盘,002320,2025-10-17 22:46:54
10:39:03,13.58,0.0,59,80165,卖盘,002320,2025-10-17 22:46:54
10:39:06,13.59,0.01,7,9507,买盘,002320,2025-10-17 22:46:54
10:39:09,13.59,0.0,58,78812,买盘,002320,2025-10-17 22:46:54
10:39:12,13.59,0.0,31,42128,买盘,002320,2025-10-17 22:46:54
10:39:15,13.59,0.0,12,16308,买盘,002320,2025-10-17 22:46:54
10:39:18,13.59,0.0,161,218746,买盘,002320,2025-10-17 22:46:54
10:39:21,13.59,0.0,71,96489,买盘,002320,2025-10-17 22:46:54
10:39:24,13.59,0.0,46,62514,买盘,002320,2025-10-17 22:46:54
10:39:27,13.59,0.0,22,29898,买盘,002320,2025-10-17 22:46:54
10:39:30,13.59,0.0,141,191589,买盘,002320,2025-10-17 22:46:54
10:39:33,13.6,0.01,213,289474,买盘,002320,2025-10-17 22:46:54
10:39:36,13.6,0.0,111,150923,买盘,002320,2025-10-17 22:46:54
10:39:39,13.6,0.0,55,74800,买盘,002320,2025-10-17 22:46:54
10:39:42,13.6,0.0,57,77520,买盘,002320,2025-10-17 22:46:54
10:39:45,13.6,0.0,119,161790,买盘,002320,2025-10-17 22:46:54
10:39:48,13.6,0.0,128,174079,买盘,002320,2025-10-17 22:46:54
10:39:51,13.6,0.0,489,664977,买盘,002320,2025-10-17 22:46:54
10:39:54,13.6,0.0,418,568454,买盘,002320,2025-10-17 22:46:54
10:39:57,13.6,0.0,392,533122,买盘,002320,2025-10-17 22:46:54
10:40:00,13.6,0.0,2,2720,卖盘,002320,2025-10-17 22:46:54
10:40:03,13.54,-0.06,3838,5205247,卖盘,002320,2025-10-17 22:46:54
10:40:06,13.54,0.0,54,73114,买盘,002320,2025-10-17 22:46:54
10:40:09,13.54,0.0,94,127276,买盘,002320,2025-10-17 22:46:54
10:40:12,13.54,0.0,22,29785,买盘,002320,2025-10-17 22:46:54
10:40:15,13.54,0.0,9,12186,卖盘,002320,2025-10-17 22:46:54
10:40:18,13.55,0.01,47,63672,买盘,002320,2025-10-17 22:46:54
10:40:21,13.55,0.0,98,132789,买盘,002320,2025-10-17 22:46:54
10:40:24,13.55,0.0,28,37940,买盘,002320,2025-10-17 22:46:54
10:40:27,13.55,0.0,146,197817,卖盘,002320,2025-10-17 22:46:54
10:40:30,13.56,0.01,13,17628,买盘,002320,2025-10-17 22:46:54
10:40:33,13.55,-0.01,20,27103,卖盘,002320,2025-10-17 22:46:54
10:40:39,13.56,0.01,20,27110,买盘,002320,2025-10-17 22:46:54
10:40:42,13.56,0.0,69,93508,买盘,002320,2025-10-17 22:46:54
10:40:45,13.56,0.0,68,92161,买盘,002320,2025-10-17 22:46:54
10:40:48,13.56,0.0,15,20334,买盘,002320,2025-10-17 22:46:54
10:40:51,13.56,0.0,23,31188,买盘,002320,2025-10-17 22:46:54
10:40:54,13.56,0.0,2,2712,买盘,002320,2025-10-17 22:46:54
10:40:57,13.56,0.0,115,156079,买盘,002320,2025-10-17 22:46:54
10:41:00,13.57,0.01,24,32545,买盘,002320,2025-10-17 22:46:54
10:41:03,13.56,-0.01,41,55609,卖盘,002320,2025-10-17 22:46:54
10:41:06,13.57,0.01,25,33905,买盘,002320,2025-10-17 22:46:54
10:41:09,13.56,-0.01,50,67801,卖盘,002320,2025-10-17 22:46:54
10:41:12,13.56,0.0,122,165449,卖盘,002320,2025-10-17 22:46:54
10:41:15,13.57,0.01,51,69165,买盘,002320,2025-10-17 22:46:54
10:41:18,13.57,0.0,38,51541,买盘,002320,2025-10-17 22:46:54
10:41:21,13.57,0.0,34,46138,买盘,002320,2025-10-17 22:46:54
10:41:24,13.57,0.0,170,230534,卖盘,002320,2025-10-17 22:46:54
10:41:27,13.57,0.0,1,1357,中性盘,002320,2025-10-17 22:46:54
10:41:30,13.57,0.0,1,1357,卖盘,002320,2025-10-17 22:46:54
10:41:33,13.57,0.0,36,48847,卖盘,002320,2025-10-17 22:46:54
10:41:36,13.57,0.0,139,188603,买盘,002320,2025-10-17 22:46:54
10:41:39,13.57,0.0,67,90918,卖盘,002320,2025-10-17 22:46:54
10:41:42,13.57,0.0,11,14927,买盘,002320,2025-10-17 22:46:54
10:41:45,13.56,-0.01,64,86845,卖盘,002320,2025-10-17 22:46:54
10:41:48,13.57,0.01,130,176390,买盘,002320,2025-10-17 22:46:54
10:41:51,13.57,0.0,833,1130382,卖盘,002320,2025-10-17 22:46:54
10:41:54,13.57,0.0,105,142386,买盘,002320,2025-10-17 22:46:54
10:41:57,13.55,-0.02,15,20342,卖盘,002320,2025-10-17 22:46:54
10:42:00,13.55,0.0,27,36610,卖盘,002320,2025-10-17 22:46:54
10:42:03,13.55,0.0,746,1011595,卖盘,002320,2025-10-17 22:46:54
10:42:06,13.55,0.0,13,17615,卖盘,002320,2025-10-17 22:46:54
10:42:09,13.56,0.01,7,9490,买盘,002320,2025-10-17 22:46:54
10:42:12,13.55,-0.01,50,67751,卖盘,002320,2025-10-17 22:46:54
10:42:15,13.55,0.0,144,195174,卖盘,002320,2025-10-17 22:46:54
10:42:18,13.55,0.0,18,24397,卖盘,002320,2025-10-17 22:46:54
10:42:21,13.57,0.02,113,153226,买盘,002320,2025-10-17 22:46:54
10:42:24,13.56,-0.01,1,1356,卖盘,002320,2025-10-17 22:46:54
10:42:27,13.56,0.0,59,80004,卖盘,002320,2025-10-17 22:46:54
10:42:30,13.57,0.01,24,32568,买盘,002320,2025-10-17 22:46:54
10:42:33,13.57,0.0,92,124798,买盘,002320,2025-10-17 22:46:54
10:42:36,13.57,0.0,28,37996,买盘,002320,2025-10-17 22:46:54
10:42:39,13.57,0.0,203,275471,买盘,002320,2025-10-17 22:46:54
10:42:42,13.57,0.0,5,6785,卖盘,002320,2025-10-17 22:46:54
10:42:48,13.58,0.01,164,222629,买盘,002320,2025-10-17 22:46:54
10:42:51,13.58,0.0,55,74690,卖盘,002320,2025-10-17 22:46:54
10:42:54,13.58,0.0,230,312444,卖盘,002320,2025-10-17 22:46:54
10:42:57,13.57,-0.01,10,13570,买盘,002320,2025-10-17 22:46:54
10:43:00,13.57,0.0,3,4071,买盘,002320,2025-10-17 22:46:54
10:43:03,13.57,0.0,16,21712,买盘,002320,2025-10-17 22:46:54
10:43:06,13.58,0.01,48,65135,买盘,002320,2025-10-17 22:46:54
10:43:09,13.56,-0.02,79,107180,卖盘,002320,2025-10-17 22:46:54
10:43:12,13.56,0.0,870,1179015,卖盘,002320,2025-10-17 22:46:54
10:43:15,13.54,-0.02,104,140767,卖盘,002320,2025-10-17 22:46:54
10:43:18,13.54,0.0,43,58226,卖盘,002320,2025-10-17 22:46:54
10:43:21,13.55,0.01,68,92129,买盘,002320,2025-10-17 22:46:54
10:43:24,13.55,0.0,51,69058,买盘,002320,2025-10-17 22:46:54
10:43:27,13.54,-0.01,86,116448,卖盘,002320,2025-10-17 22:46:54
10:43:30,13.55,0.01,112,151672,买盘,002320,2025-10-17 22:46:54
10:43:33,13.54,-0.01,123,166476,卖盘,002320,2025-10-17 22:46:54
10:43:36,13.55,0.01,41,55524,买盘,002320,2025-10-17 22:46:54
10:43:39,13.54,-0.01,59,79904,中性盘,002320,2025-10-17 22:46:54
10:43:42,13.53,-0.01,114,154373,卖盘,002320,2025-10-17 22:46:54
10:43:45,13.52,-0.01,389,526028,卖盘,002320,2025-10-17 22:46:54
10:43:48,13.53,0.01,102,137906,买盘,002320,2025-10-17 22:46:54
10:43:51,13.54,0.01,185,250473,买盘,002320,2025-10-17 22:46:54
10:43:54,13.52,-0.02,62,83830,卖盘,002320,2025-10-17 22:46:54
10:43:57,13.53,0.01,282,381507,买盘,002320,2025-10-17 22:46:54
10:44:03,13.53,0.0,8,10824,卖盘,002320,2025-10-17 22:46:54
10:44:06,13.53,0.0,48,64944,卖盘,002320,2025-10-17 22:46:54
10:44:09,13.54,0.01,200,270640,买盘,002320,2025-10-17 22:46:54
10:44:12,13.53,-0.01,7,9465,买盘,002320,2025-10-17 22:46:54
10:44:15,13.53,0.0,83,112299,买盘,002320,2025-10-17 22:46:54
10:44:18,13.53,0.0,14,18942,买盘,002320,2025-10-17 22:46:54
10:44:21,13.53,0.0,22,29756,买盘,002320,2025-10-17 22:46:54
10:44:27,13.53,0.0,2,2706,买盘,002320,2025-10-17 22:46:54
10:44:30,13.53,0.0,11,14893,卖盘,002320,2025-10-17 22:46:54
10:44:33,13.53,0.0,5,6765,买盘,002320,2025-10-17 22:46:54
10:44:36,13.53,0.0,76,102785,买盘,002320,2025-10-17 22:46:54
10:44:42,13.54,0.01,48,64984,买盘,002320,2025-10-17 22:46:54
10:44:45,13.52,-0.02,4,5409,卖盘,002320,2025-10-17 22:46:54
10:44:48,13.52,0.0,36,48681,卖盘,002320,2025-10-17 22:46:54
10:44:51,13.52,0.0,50,67620,卖盘,002320,2025-10-17 22:46:54
10:44:54,13.52,0.0,54,73008,买盘,002320,2025-10-17 22:46:54
10:44:57,13.52,0.0,116,156819,买盘,002320,2025-10-17 22:46:54
10:45:00,13.51,-0.01,58,78404,卖盘,002320,2025-10-17 22:46:54
10:45:03,13.51,0.0,13,17578,卖盘,002320,2025-10-17 22:46:54
10:45:06,13.52,0.01,33,44613,中性盘,002320,2025-10-17 22:46:54
10:45:09,13.52,0.0,21,28392,卖盘,002320,2025-10-17 22:46:54
10:45:12,13.51,-0.01,16,21616,卖盘,002320,2025-10-17 22:46:54
10:45:15,13.52,0.01,172,232374,买盘,002320,2025-10-17 22:46:54
10:45:18,13.51,-0.01,231,312081,卖盘,002320,2025-10-17 22:46:54
10:45:21,13.51,0.0,34,45956,卖盘,002320,2025-10-17 22:46:54
10:45:24,13.51,0.0,154,208060,卖盘,002320,2025-10-17 22:46:54
10:45:27,13.5,-0.01,1366,1844068,卖盘,002320,2025-10-17 22:46:54
10:45:30,13.49,-0.01,248,334781,卖盘,002320,2025-10-17 22:46:54
10:45:33,13.49,0.0,144,194261,卖盘,002320,2025-10-17 22:46:54
10:45:36,13.48,-0.01,833,1123291,卖盘,002320,2025-10-17 22:46:54
10:45:39,13.48,0.0,50,67428,卖盘,002320,2025-10-17 22:46:54
10:45:42,13.48,0.0,331,446188,卖盘,002320,2025-10-17 22:46:54
10:45:45,13.47,-0.01,634,854988,卖盘,002320,2025-10-17 22:46:54
10:45:48,13.47,0.0,430,579223,卖盘,002320,2025-10-17 22:46:54
10:45:51,13.47,0.0,62,83472,买盘,002320,2025-10-17 22:46:54
10:45:54,13.46,-0.01,42,56535,卖盘,002320,2025-10-17 22:46:54
10:45:57,13.46,0.0,114,153514,卖盘,002320,2025-10-17 22:46:54
10:46:00,13.46,0.0,212,285347,卖盘,002320,2025-10-17 22:46:54
10:46:03,13.46,0.0,133,178897,买盘,002320,2025-10-17 22:46:54
10:46:06,13.45,-0.01,810,1090204,卖盘,002320,2025-10-17 22:46:54
10:46:09,13.48,0.03,1824,2461030,买盘,002320,2025-10-17 22:46:54
10:46:12,13.53,0.05,172,232924,中性盘,002320,2025-10-17 22:46:54
10:46:15,13.55,0.02,119,161171,买盘,002320,2025-10-17 22:46:54
10:46:18,13.55,0.0,25,33726,卖盘,002320,2025-10-17 22:46:54
10:46:21,13.56,0.01,37,50136,买盘,002320,2025-10-17 22:46:54
10:46:27,13.55,-0.01,29,39276,卖盘,002320,2025-10-17 22:46:54
10:46:30,13.55,0.0,87,117880,买盘,002320,2025-10-17 22:46:54
10:46:33,13.53,-0.02,205,277423,卖盘,002320,2025-10-17 22:46:54
10:46:36,13.53,0.0,14,18942,买盘,002320,2025-10-17 22:46:54
10:46:39,13.53,0.0,308,416700,买盘,002320,2025-10-17 22:46:54
10:46:42,13.53,0.0,506,684587,买盘,002320,2025-10-17 22:46:54
10:46:45,13.52,-0.01,33,44630,卖盘,002320,2025-10-17 22:46:54
10:46:48,13.52,0.0,141,190709,卖盘,002320,2025-10-17 22:46:54
10:46:51,13.53,0.01,192,259776,买盘,002320,2025-10-17 22:46:54
10:46:54,13.52,-0.01,40,54100,卖盘,002320,2025-10-17 22:46:54
10:46:57,13.53,0.01,204,276029,买盘,002320,2025-10-17 22:46:54
10:47:00,13.55,0.02,46,61578,买盘,002320,2025-10-17 22:46:54
10:47:03,13.54,-0.01,12,16239,中性盘,002320,2025-10-17 22:46:54
10:47:06,13.53,-0.01,144,194177,卖盘,002320,2025-10-17 22:46:54
10:47:09,13.53,0.0,48,64926,买盘,002320,2025-10-17 22:46:54
10:47:12,13.52,-0.01,40,54119,卖盘,002320,2025-10-17 22:46:54
10:47:15,13.52,0.0,77,104178,卖盘,002320,2025-10-17 22:46:54
10:47:18,13.53,0.01,58,78426,买盘,002320,2025-10-17 22:46:54
10:47:21,13.52,-0.01,67,90626,卖盘,002320,2025-10-17 22:46:54
10:47:24,13.52,0.0,32,43264,卖盘,002320,2025-10-17 22:46:54
10:47:27,13.5,-0.02,143,193097,卖盘,002320,2025-10-17 22:46:54
10:47:30,13.5,0.0,124,167529,卖盘,002320,2025-10-17 22:46:54
10:47:33,13.51,0.01,26,35107,中性盘,002320,2025-10-17 22:46:54
10:47:36,13.5,-0.01,21,28356,卖盘,002320,2025-10-17 22:46:54
10:47:39,13.51,0.01,68,91802,买盘,002320,2025-10-17 22:46:54
10:47:42,13.5,-0.01,39,52656,卖盘,002320,2025-10-17 22:46:54
10:47:45,13.5,0.0,20,27000,买盘,002320,2025-10-17 22:46:54
10:47:48,13.49,-0.01,48,64793,卖盘,002320,2025-10-17 22:46:54
10:47:51,13.49,0.0,58,78292,卖盘,002320,2025-10-17 22:46:54
10:47:54,13.49,0.0,39,52649,卖盘,002320,2025-10-17 22:46:54
10:47:57,13.49,0.0,21,28335,卖盘,002320,2025-10-17 22:46:54
10:48:03,13.49,0.0,50,67441,卖盘,002320,2025-10-17 22:46:54
10:48:06,13.49,0.0,11,14839,买盘,002320,2025-10-17 22:46:54
10:48:09,13.48,-0.01,136,183391,卖盘,002320,2025-10-17 22:46:54
10:48:12,13.47,-0.01,62,83563,卖盘,002320,2025-10-17 22:46:54
10:48:15,13.47,0.0,70,94359,卖盘,002320,2025-10-17 22:46:54
10:48:18,13.48,0.01,104,140113,买盘,002320,2025-10-17 22:46:54
10:48:21,13.48,0.0,69,93008,中性盘,002320,2025-10-17 22:46:54
10:48:24,13.48,0.0,59,79532,卖盘,002320,2025-10-17 22:46:54
10:48:27,13.49,0.01,2158,2908006,买盘,002320,2025-10-17 22:46:54
10:48:30,13.48,-0.01,201,271108,卖盘,002320,2025-10-17 22:46:54
10:48:33,13.5,0.02,207,279327,买盘,002320,2025-10-17 22:46:54
10:48:36,13.51,0.01,100,135020,买盘,002320,2025-10-17 22:46:54
10:48:39,13.5,-0.01,6,8100,中性盘,002320,2025-10-17 22:46:54
10:48:42,13.51,0.01,13,17559,买盘,002320,2025-10-17 22:46:54
10:48:45,13.51,0.0,231,311735,买盘,002320,2025-10-17 22:46:54
10:48:48,13.51,0.0,162,218665,买盘,002320,2025-10-17 22:46:54
10:48:51,13.51,0.0,205,276686,买盘,002320,2025-10-17 22:46:54
10:48:54,13.51,0.0,79,106728,买盘,002320,2025-10-17 22:46:54
10:48:57,13.51,0.0,32,43232,买盘,002320,2025-10-17 22:46:54
10:49:00,13.5,-0.01,45,60751,卖盘,002320,2025-10-17 22:46:54
10:49:03,13.51,0.01,75,101291,买盘,002320,2025-10-17 22:46:54
10:49:06,13.52,0.01,200,270453,买盘,002320,2025-10-17 22:46:54
10:49:09,13.54,0.02,30,40580,买盘,002320,2025-10-17 22:46:54
10:49:12,13.53,-0.01,1,1353,中性盘,002320,2025-10-17 22:46:54
10:49:15,13.55,0.02,517,700120,买盘,002320,2025-10-17 22:46:54
10:49:18,13.56,0.01,122,165345,买盘,002320,2025-10-17 22:46:54
10:49:21,13.56,0.0,48,65085,买盘,002320,2025-10-17 22:46:54
10:49:24,13.56,0.0,2,2713,买盘,002320,2025-10-17 22:46:54
10:49:27,13.56,0.0,26,35269,卖盘,002320,2025-10-17 22:46:54
10:49:30,13.56,0.0,15,20340,买盘,002320,2025-10-17 22:46:54
10:49:33,13.55,-0.01,18,24393,卖盘,002320,2025-10-17 22:46:54
10:49:36,13.55,0.0,36,48780,买盘,002320,2025-10-17 22:46:54
10:49:39,13.55,0.0,12,16260,买盘,002320,2025-10-17 22:46:54
10:49:42,13.55,0.0,150,203250,买盘,002320,2025-10-17 22:46:54
10:49:45,13.54,-0.01,30,40643,卖盘,002320,2025-10-17 22:46:54
10:49:48,13.53,-0.01,35,47357,卖盘,002320,2025-10-17 22:46:54
10:49:51,13.52,-0.01,63,85199,卖盘,002320,2025-10-17 22:46:54
10:49:54,13.52,0.0,48,64939,卖盘,002320,2025-10-17 22:46:54
10:49:57,13.53,0.01,22,29745,买盘,002320,2025-10-17 22:46:54
10:50:00,13.53,0.0,177,239441,买盘,002320,2025-10-17 22:46:54
10:50:03,13.54,0.01,60,81240,买盘,002320,2025-10-17 22:46:54
10:50:06,13.54,0.0,39,52797,买盘,002320,2025-10-17 22:46:54
10:50:09,13.53,-0.01,53,71709,卖盘,002320,2025-10-17 22:46:54
10:50:12,13.53,0.0,5,6765,卖盘,002320,2025-10-17 22:46:54
10:50:15,13.54,0.01,14,18956,买盘,002320,2025-10-17 22:46:54
10:50:18,13.53,-0.01,19,25709,卖盘,002320,2025-10-17 22:46:54
10:50:21,13.53,0.0,21,28413,卖盘,002320,2025-10-17 22:46:54
10:50:24,13.54,0.01,110,148912,买盘,002320,2025-10-17 22:46:54
10:50:27,13.52,-0.02,20,27056,卖盘,002320,2025-10-17 22:46:54
10:50:30,13.52,0.0,174,235267,卖盘,002320,2025-10-17 22:46:54
10:50:33,13.53,0.01,41,55473,买盘,002320,2025-10-17 22:46:54
10:50:36,13.52,-0.01,37,50028,卖盘,002320,2025-10-17 22:46:54
10:50:39,13.53,0.01,115,155580,买盘,002320,2025-10-17 22:46:54
10:50:42,13.53,0.0,23,31119,买盘,002320,2025-10-17 22:46:54
10:50:45,13.53,0.0,10,13530,卖盘,002320,2025-10-17 22:46:54
10:50:48,13.53,0.0,100,135300,卖盘,002320,2025-10-17 22:46:54
10:50:51,13.53,0.0,40,54130,卖盘,002320,2025-10-17 22:46:54
10:51:00,13.54,0.01,5,6770,买盘,002320,2025-10-17 22:46:54
10:51:03,13.53,-0.01,39,52797,卖盘,002320,2025-10-17 22:46:54
10:51:06,13.53,0.0,2,2706,买盘,002320,2025-10-17 22:46:54
10:51:09,13.53,0.0,77,104181,买盘,002320,2025-10-17 22:46:54
10:51:12,13.52,-0.01,32,43294,卖盘,002320,2025-10-17 22:46:54
10:51:15,13.52,0.0,37,50047,卖盘,002320,2025-10-17 22:46:54
10:51:18,13.52,0.0,10,13520,卖盘,002320,2025-10-17 22:46:54
10:51:21,13.53,0.01,3,4059,买盘,002320,2025-10-17 22:46:54
10:51:24,13.53,0.0,91,123047,买盘,002320,2025-10-17 22:46:54
10:51:27,13.52,-0.01,67,90603,卖盘,002320,2025-10-17 22:46:54
10:51:30,13.52,0.0,193,261023,买盘,002320,2025-10-17 22:46:54
10:51:33,13.53,0.01,10,13529,买盘,002320,2025-10-17 22:46:54
10:51:36,13.52,-0.01,268,362276,卖盘,002320,2025-10-17 22:46:54
10:51:39,13.52,0.0,45,60840,买盘,002320,2025-10-17 22:46:54
10:51:42,13.52,0.0,1,1352,买盘,002320,2025-10-17 22:46:54
10:51:45,13.52,0.0,30,40560,买盘,002320,2025-10-17 22:46:54
10:51:48,13.51,-0.01,10,13512,卖盘,002320,2025-10-17 22:46:54
10:51:51,13.51,0.0,42,56774,卖盘,002320,2025-10-17 22:46:54
10:51:54,13.51,0.0,111,149961,卖盘,002320,2025-10-17 22:46:54
10:51:57,13.51,0.0,11,14861,买盘,002320,2025-10-17 22:46:54
10:52:00,13.51,0.0,4,5404,买盘,002320,2025-10-17 22:46:54
10:52:03,13.51,0.0,174,234910,买盘,002320,2025-10-17 22:46:54
10:52:06,13.51,0.0,50,67515,买盘,002320,2025-10-17 22:46:54
10:52:09,13.5,-0.01,104,140447,卖盘,002320,2025-10-17 22:46:54
10:52:12,13.5,0.0,29,39150,买盘,002320,2025-10-17 22:46:54
10:52:15,13.49,-0.01,3,4047,卖盘,002320,2025-10-17 22:46:54
10:52:18,13.49,0.0,20,26992,卖盘,002320,2025-10-17 22:46:54
10:52:21,13.49,0.0,9,12145,卖盘,002320,2025-10-17 22:46:54
10:52:24,13.49,0.0,62,83640,卖盘,002320,2025-10-17 22:46:54
10:52:27,13.48,-0.01,27,36401,卖盘,002320,2025-10-17 22:46:54
10:52:30,13.48,0.0,2,2697,卖盘,002320,2025-10-17 22:46:54
10:52:33,13.48,0.0,12,16185,卖盘,002320,2025-10-17 22:46:54
10:52:36,13.49,0.01,84,113266,买盘,002320,2025-10-17 22:46:54
10:52:39,13.48,-0.01,217,293092,卖盘,002320,2025-10-17 22:46:54
10:52:42,13.48,0.0,56,75517,卖盘,002320,2025-10-17 22:46:54
10:52:45,13.48,0.0,2,2698,卖盘,002320,2025-10-17 22:46:54
10:52:48,13.48,0.0,24,32366,卖盘,002320,2025-10-17 22:46:54
10:52:54,13.49,0.01,23,31047,卖盘,002320,2025-10-17 22:46:54
10:52:57,13.5,0.01,8,10800,买盘,002320,2025-10-17 22:46:54
10:53:00,13.51,0.01,50,67550,买盘,002320,2025-10-17 22:46:54
10:53:03,13.51,0.0,28,37803,买盘,002320,2025-10-17 22:46:54
10:53:06,13.51,0.0,13,17563,卖盘,002320,2025-10-17 22:46:54
10:53:09,13.51,0.0,10,13516,卖盘,002320,2025-10-17 22:46:54
10:53:12,13.51,0.0,58,78379,卖盘,002320,2025-10-17 22:46:54
10:53:15,13.53,0.02,156,210929,买盘,002320,2025-10-17 22:46:54
10:53:18,13.53,0.0,34,45975,买盘,002320,2025-10-17 22:46:54
10:53:21,13.53,0.0,82,110946,买盘,002320,2025-10-17 22:46:54
10:53:24,13.54,0.01,5,6769,买盘,002320,2025-10-17 22:46:54
10:53:27,13.55,0.01,211,285689,买盘,002320,2025-10-17 22:46:54
10:53:30,13.54,-0.01,151,204464,卖盘,002320,2025-10-17 22:46:54
