时间,成交价,价格变动,成交量,成交额,买卖盘性质,股票代码,采集时间
09:25:00,6.16,0.0,3073,1892968,卖盘,002490,2025-10-17 22:47:50
09:30:00,6.15,-0.01,825,508427,卖盘,002490,2025-10-17 22:47:50
09:30:03,6.16,0.01,1636,1007370,买盘,002490,2025-10-17 22:47:50
09:30:06,6.19,0.03,1699,1047307,买盘,002490,2025-10-17 22:47:50
09:30:09,6.21,0.02,1706,1057609,买盘,002490,2025-10-17 22:47:50
09:30:12,6.23,0.02,1176,734231,买盘,002490,2025-10-17 22:47:50
09:30:15,6.26,0.03,1388,869943,买盘,002490,2025-10-17 22:47:50
09:30:18,6.27,0.01,737,462069,中性盘,002490,2025-10-17 22:47:50
09:30:21,6.27,0.0,1437,901863,买盘,002490,2025-10-17 22:47:50
09:30:24,6.3,0.03,660,415541,买盘,002490,2025-10-17 22:47:50
09:30:27,6.29,-0.01,1498,943369,卖盘,002490,2025-10-17 22:47:50
09:30:30,6.31,0.02,972,612097,买盘,002490,2025-10-17 22:47:50
09:30:33,6.28,-0.03,1678,1056412,卖盘,002490,2025-10-17 22:47:50
09:30:36,6.26,-0.02,657,411830,卖盘,002490,2025-10-17 22:47:50
09:30:39,6.26,0.0,822,513338,买盘,002490,2025-10-17 22:47:50
09:30:42,6.26,0.0,1251,780341,买盘,002490,2025-10-17 22:47:50
09:30:45,6.25,-0.01,262,163696,中性盘,002490,2025-10-17 22:47:50
09:30:48,6.22,-0.03,424,264743,卖盘,002490,2025-10-17 22:47:50
09:30:51,6.24,0.02,94,58536,中性盘,002490,2025-10-17 22:47:50
09:30:54,6.24,0.0,176,109740,买盘,002490,2025-10-17 22:47:50
09:30:57,6.21,-0.03,209,130022,卖盘,002490,2025-10-17 22:47:50
09:31:00,6.21,0.0,356,221414,卖盘,002490,2025-10-17 22:47:50
09:31:03,6.24,0.03,245,152378,买盘,002490,2025-10-17 22:47:50
09:31:06,6.22,-0.02,205,127590,中性盘,002490,2025-10-17 22:47:50
09:31:09,6.22,0.0,389,241591,买盘,002490,2025-10-17 22:47:50
09:31:12,6.21,-0.01,139,86334,卖盘,002490,2025-10-17 22:47:50
09:31:15,6.21,0.0,133,82671,卖盘,002490,2025-10-17 22:47:50
09:31:18,6.22,0.01,156,96894,买盘,002490,2025-10-17 22:47:50
09:31:21,6.21,-0.01,132,81972,买盘,002490,2025-10-17 22:47:50
09:31:24,6.21,0.0,113,70136,买盘,002490,2025-10-17 22:47:50
09:31:27,6.21,0.0,217,134709,买盘,002490,2025-10-17 22:47:50
09:31:30,6.21,0.0,93,57769,卖盘,002490,2025-10-17 22:47:50
09:31:33,6.21,0.0,131,81368,卖盘,002490,2025-10-17 22:47:50
09:31:36,6.21,0.0,309,191901,卖盘,002490,2025-10-17 22:47:50
09:31:39,6.21,0.0,407,252433,买盘,002490,2025-10-17 22:47:50
09:31:42,6.21,0.0,223,138473,买盘,002490,2025-10-17 22:47:50
09:31:45,6.2,-0.01,193,119772,卖盘,002490,2025-10-17 22:47:50
09:31:51,6.2,0.0,80,49529,买盘,002490,2025-10-17 22:47:50
09:31:54,6.18,-0.02,606,375064,卖盘,002490,2025-10-17 22:47:50
09:31:57,6.17,-0.01,586,361760,卖盘,002490,2025-10-17 22:47:50
09:32:00,6.19,0.02,214,132410,买盘,002490,2025-10-17 22:47:50
09:32:03,6.18,-0.01,98,60559,卖盘,002490,2025-10-17 22:47:50
09:32:06,6.16,-0.02,180,111156,卖盘,002490,2025-10-17 22:47:50
09:32:09,6.18,0.02,104,64331,买盘,002490,2025-10-17 22:47:50
09:32:12,6.18,0.0,291,179986,卖盘,002490,2025-10-17 22:47:50
09:32:15,6.18,0.0,17,10506,买盘,002490,2025-10-17 22:47:50
09:32:18,6.18,0.0,131,80910,买盘,002490,2025-10-17 22:47:50
09:32:21,6.18,0.0,250,154413,买盘,002490,2025-10-17 22:47:50
09:32:24,6.18,0.0,14,8652,买盘,002490,2025-10-17 22:47:50
09:32:27,6.18,0.0,332,205176,卖盘,002490,2025-10-17 22:47:50
09:32:30,6.18,0.0,130,80406,卖盘,002490,2025-10-17 22:47:50
09:32:33,6.18,0.0,66,40808,卖盘,002490,2025-10-17 22:47:50
09:32:36,6.19,0.01,88,54455,买盘,002490,2025-10-17 22:47:50
09:32:39,6.19,0.0,29,17951,卖盘,002490,2025-10-17 22:47:50
09:32:42,6.2,0.01,1191,737239,买盘,002490,2025-10-17 22:47:50
09:32:45,6.2,0.0,262,162431,买盘,002490,2025-10-17 22:47:50
09:32:48,6.16,-0.04,1345,830474,卖盘,002490,2025-10-17 22:47:50
09:32:51,6.2,0.04,47,29140,买盘,002490,2025-10-17 22:47:50
09:32:54,6.2,0.0,75,46494,买盘,002490,2025-10-17 22:47:50
09:32:57,6.18,-0.02,116,71844,卖盘,002490,2025-10-17 22:47:50
09:33:00,6.18,0.0,21,12978,卖盘,002490,2025-10-17 22:47:50
09:33:03,6.18,0.0,79,48846,买盘,002490,2025-10-17 22:47:50
09:33:06,6.18,0.0,113,69833,买盘,002490,2025-10-17 22:47:50
09:33:09,6.18,0.0,10,6180,买盘,002490,2025-10-17 22:47:50
09:33:12,6.18,0.0,45,27786,买盘,002490,2025-10-17 22:47:50
09:33:15,6.18,0.0,70,43213,买盘,002490,2025-10-17 22:47:50
09:33:18,6.17,-0.01,288,177706,卖盘,002490,2025-10-17 22:47:50
09:33:21,6.17,0.0,39,24063,买盘,002490,2025-10-17 22:47:50
09:33:24,6.17,0.0,469,289094,买盘,002490,2025-10-17 22:47:50
09:33:27,6.16,-0.01,875,539000,卖盘,002490,2025-10-17 22:47:50
09:33:30,6.16,0.0,124,76365,买盘,002490,2025-10-17 22:47:50
09:33:33,6.16,0.0,245,150930,卖盘,002490,2025-10-17 22:47:50
09:33:36,6.18,0.02,391,241337,买盘,002490,2025-10-17 22:47:50
09:33:39,6.18,0.0,101,62418,卖盘,002490,2025-10-17 22:47:50
09:33:42,6.18,0.0,73,45114,卖盘,002490,2025-10-17 22:47:50
09:33:45,6.18,0.0,73,45124,卖盘,002490,2025-10-17 22:47:50
09:33:48,6.2,0.02,185,114609,买盘,002490,2025-10-17 22:47:50
09:33:51,6.19,-0.01,930,576982,卖盘,002490,2025-10-17 22:47:50
09:33:54,6.19,0.0,551,341081,卖盘,002490,2025-10-17 22:47:50
09:33:57,6.2,0.01,556,344597,买盘,002490,2025-10-17 22:47:50
09:34:00,6.2,0.0,112,69315,中性盘,002490,2025-10-17 22:47:50
09:34:03,6.22,0.02,414,257064,买盘,002490,2025-10-17 22:47:50
09:34:06,6.21,-0.01,65,40305,中性盘,002490,2025-10-17 22:47:50
09:34:09,6.2,-0.01,61,37828,中性盘,002490,2025-10-17 22:47:50
09:34:12,6.2,0.0,242,150138,中性盘,002490,2025-10-17 22:47:50
09:34:15,6.2,0.0,39,24180,中性盘,002490,2025-10-17 22:47:50
09:34:18,6.19,-0.01,523,323818,卖盘,002490,2025-10-17 22:47:50
09:34:21,6.2,0.01,61,37820,买盘,002490,2025-10-17 22:47:50
09:34:24,6.19,-0.01,364,225427,卖盘,002490,2025-10-17 22:47:50
09:34:27,6.2,0.01,223,138028,买盘,002490,2025-10-17 22:47:50
09:34:30,6.19,-0.01,64,39653,中性盘,002490,2025-10-17 22:47:50
09:34:33,6.2,0.01,357,221138,买盘,002490,2025-10-17 22:47:50
09:34:36,6.2,0.0,91,56420,卖盘,002490,2025-10-17 22:47:50
09:34:39,6.21,0.01,111,68909,买盘,002490,2025-10-17 22:47:50
09:34:42,6.2,-0.01,154,95504,卖盘,002490,2025-10-17 22:47:50
09:34:45,6.2,0.0,21,13020,卖盘,002490,2025-10-17 22:47:50
09:34:48,6.2,0.0,70,43411,卖盘,002490,2025-10-17 22:47:50
09:34:51,6.2,0.0,9,5580,买盘,002490,2025-10-17 22:47:50
09:34:54,6.2,0.0,97,60122,买盘,002490,2025-10-17 22:47:50
09:34:57,6.19,-0.01,10,6192,卖盘,002490,2025-10-17 22:47:50
09:35:00,6.19,0.0,311,192210,卖盘,002490,2025-10-17 22:47:50
09:35:03,6.16,-0.03,119,73409,卖盘,002490,2025-10-17 22:47:50
09:35:06,6.16,0.0,21,12971,卖盘,002490,2025-10-17 22:47:50
09:35:09,6.17,0.01,33,20361,买盘,002490,2025-10-17 22:47:50
09:35:12,6.16,-0.01,94,57955,卖盘,002490,2025-10-17 22:47:50
09:35:15,6.16,0.0,71,43786,卖盘,002490,2025-10-17 22:47:50
09:35:18,6.17,0.01,25,15401,买盘,002490,2025-10-17 22:47:50
09:35:21,6.16,-0.01,246,151536,卖盘,002490,2025-10-17 22:47:50
09:35:24,6.16,0.0,115,70757,买盘,002490,2025-10-17 22:47:50
09:35:27,6.16,0.0,145,89277,买盘,002490,2025-10-17 22:47:50
09:35:30,6.16,0.0,78,48015,买盘,002490,2025-10-17 22:47:50
09:35:33,6.15,-0.01,55,33840,卖盘,002490,2025-10-17 22:47:50
09:35:36,6.15,0.0,33,20320,卖盘,002490,2025-10-17 22:47:50
09:35:39,6.15,0.0,29,17839,卖盘,002490,2025-10-17 22:47:50
09:35:42,6.15,0.0,162,99630,卖盘,002490,2025-10-17 22:47:50
09:35:45,6.15,0.0,176,108240,卖盘,002490,2025-10-17 22:47:50
09:35:48,6.14,-0.01,217,133444,卖盘,002490,2025-10-17 22:47:50
09:35:51,6.13,-0.01,105,64467,卖盘,002490,2025-10-17 22:47:50
09:35:54,6.13,0.0,79,48437,卖盘,002490,2025-10-17 22:47:50
09:35:57,6.13,0.0,1188,728257,卖盘,002490,2025-10-17 22:47:50
09:36:00,6.13,0.0,156,95628,卖盘,002490,2025-10-17 22:47:50
09:36:03,6.13,0.0,38,23294,卖盘,002490,2025-10-17 22:47:50
09:36:06,6.12,-0.01,141,86303,卖盘,002490,2025-10-17 22:47:50
09:36:09,6.12,0.0,491,300492,卖盘,002490,2025-10-17 22:47:50
09:36:12,6.12,0.0,100,61160,买盘,002490,2025-10-17 22:47:50
09:36:15,6.11,-0.01,148,90428,卖盘,002490,2025-10-17 22:47:50
09:36:18,6.11,0.0,237,144828,卖盘,002490,2025-10-17 22:47:50
09:36:21,6.11,0.0,395,241424,卖盘,002490,2025-10-17 22:47:50
09:36:24,6.11,0.0,859,524934,卖盘,002490,2025-10-17 22:47:50
09:36:27,6.11,0.0,493,301249,卖盘,002490,2025-10-17 22:47:50
09:36:30,6.12,0.01,59,36087,中性盘,002490,2025-10-17 22:47:50
09:36:33,6.12,0.0,120,73377,卖盘,002490,2025-10-17 22:47:50
09:36:36,6.12,0.0,34,20828,卖盘,002490,2025-10-17 22:47:50
09:36:39,6.12,0.0,329,201310,卖盘,002490,2025-10-17 22:47:50
09:36:42,6.12,0.0,25,15300,买盘,002490,2025-10-17 22:47:50
09:36:45,6.12,0.0,150,91732,买盘,002490,2025-10-17 22:47:50
09:36:48,6.12,0.0,294,179832,买盘,002490,2025-10-17 22:47:50
09:36:51,6.12,0.0,797,487445,买盘,002490,2025-10-17 22:47:50
09:36:54,6.12,0.0,71,43452,卖盘,002490,2025-10-17 22:47:50
09:36:57,6.13,0.01,24,14695,买盘,002490,2025-10-17 22:47:50
09:37:00,6.13,0.0,276,169055,买盘,002490,2025-10-17 22:47:50
09:37:03,6.13,0.0,541,331518,买盘,002490,2025-10-17 22:47:50
09:37:06,6.13,0.0,20,12260,卖盘,002490,2025-10-17 22:47:50
09:37:09,6.13,0.0,86,52725,卖盘,002490,2025-10-17 22:47:50
09:37:12,6.14,0.01,5,3070,买盘,002490,2025-10-17 22:47:50
09:37:15,6.13,-0.01,28,17177,卖盘,002490,2025-10-17 22:47:50
09:37:18,6.13,0.0,31,19020,卖盘,002490,2025-10-17 22:47:50
09:37:21,6.14,0.01,36,22078,买盘,002490,2025-10-17 22:47:50
09:37:24,6.13,-0.01,130,79690,卖盘,002490,2025-10-17 22:47:50
09:37:27,6.13,0.0,40,24520,买盘,002490,2025-10-17 22:47:50
09:37:30,6.12,-0.01,242,148153,卖盘,002490,2025-10-17 22:47:50
09:37:33,6.12,0.0,74,45288,卖盘,002490,2025-10-17 22:47:50
09:37:36,6.12,0.0,1147,700715,卖盘,002490,2025-10-17 22:47:50
09:37:39,6.12,0.0,62,37919,买盘,002490,2025-10-17 22:47:50
09:37:42,6.1,-0.02,448,273982,卖盘,002490,2025-10-17 22:47:50
09:37:45,6.12,0.02,268,163763,买盘,002490,2025-10-17 22:47:50
09:37:48,6.1,-0.02,137,83590,卖盘,002490,2025-10-17 22:47:50
09:37:51,6.1,0.0,927,565502,卖盘,002490,2025-10-17 22:47:50
09:37:54,6.1,0.0,659,402736,卖盘,002490,2025-10-17 22:47:50
09:37:57,6.1,0.0,383,233630,卖盘,002490,2025-10-17 22:47:50
09:38:00,6.1,0.0,579,353190,卖盘,002490,2025-10-17 22:47:50
09:38:03,6.1,0.0,387,236070,卖盘,002490,2025-10-17 22:47:50
09:38:06,6.1,0.0,152,92720,卖盘,002490,2025-10-17 22:47:50
09:38:09,6.1,0.0,226,137942,卖盘,002490,2025-10-17 22:47:50
09:38:12,6.1,0.0,154,93940,买盘,002490,2025-10-17 22:47:50
09:38:15,6.09,-0.01,1176,716204,卖盘,002490,2025-10-17 22:47:50
09:38:18,6.09,0.0,532,323863,买盘,002490,2025-10-17 22:47:50
09:38:21,6.09,0.0,647,393440,买盘,002490,2025-10-17 22:47:50
09:38:24,6.08,-0.01,554,336995,卖盘,002490,2025-10-17 22:47:50
09:38:27,6.08,0.0,616,374528,卖盘,002490,2025-10-17 22:47:50
09:38:30,6.08,0.0,526,319807,买盘,002490,2025-10-17 22:47:50
09:38:33,6.08,0.0,502,305123,卖盘,002490,2025-10-17 22:47:50
09:38:36,6.08,0.0,1486,905523,卖盘,002490,2025-10-17 22:47:50
09:38:39,6.09,0.01,499,303837,中性盘,002490,2025-10-17 22:47:50
09:38:42,6.09,0.0,407,248093,卖盘,002490,2025-10-17 22:47:50
09:38:45,6.1,0.01,293,179011,中性盘,002490,2025-10-17 22:47:50
09:38:48,6.09,-0.01,192,116936,卖盘,002490,2025-10-17 22:47:50
09:38:51,6.1,0.01,132,80400,中性盘,002490,2025-10-17 22:47:50
09:38:54,6.1,0.0,241,147000,买盘,002490,2025-10-17 22:47:50
09:38:57,6.1,0.0,300,183006,卖盘,002490,2025-10-17 22:47:50
09:39:00,6.12,0.02,1052,642015,买盘,002490,2025-10-17 22:47:50
09:39:03,6.14,0.02,1278,783716,买盘,002490,2025-10-17 22:47:50
09:39:06,6.14,0.0,350,214663,买盘,002490,2025-10-17 22:47:50
09:39:09,6.14,0.0,228,140323,中性盘,002490,2025-10-17 22:47:50
09:39:12,6.14,0.0,75,46081,卖盘,002490,2025-10-17 22:47:50
09:39:15,6.15,0.01,313,192806,卖盘,002490,2025-10-17 22:47:50
09:39:18,6.15,0.0,198,121813,卖盘,002490,2025-10-17 22:47:50
09:39:21,6.14,-0.01,116,71333,卖盘,002490,2025-10-17 22:47:50
09:39:24,6.15,0.01,46,28260,买盘,002490,2025-10-17 22:47:50
09:39:27,6.14,-0.01,536,329104,卖盘,002490,2025-10-17 22:47:50
09:39:30,6.14,0.0,16,9818,买盘,002490,2025-10-17 22:47:50
09:39:33,6.14,0.0,78,47888,买盘,002490,2025-10-17 22:47:50
09:39:36,6.13,-0.01,256,156953,卖盘,002490,2025-10-17 22:47:50
09:39:42,6.12,-0.01,40,24500,卖盘,002490,2025-10-17 22:47:50
09:39:45,6.12,0.0,21,12856,卖盘,002490,2025-10-17 22:47:50
09:39:48,6.12,0.0,107,65484,卖盘,002490,2025-10-17 22:47:50
09:39:51,6.12,0.0,14,8568,买盘,002490,2025-10-17 22:47:50
09:39:54,6.11,-0.01,165,100817,卖盘,002490,2025-10-17 22:47:50
09:39:57,6.12,0.01,8,4896,买盘,002490,2025-10-17 22:47:50
09:40:00,6.12,0.0,118,72129,买盘,002490,2025-10-17 22:47:50
09:40:03,6.11,-0.01,80,48880,卖盘,002490,2025-10-17 22:47:50
09:40:06,6.11,0.0,421,257231,卖盘,002490,2025-10-17 22:47:50
09:40:09,6.11,0.0,257,157098,卖盘,002490,2025-10-17 22:47:50
09:40:12,6.11,0.0,201,122827,卖盘,002490,2025-10-17 22:47:50
09:40:15,6.11,0.0,54,33010,卖盘,002490,2025-10-17 22:47:50
09:40:18,6.11,0.0,191,116769,买盘,002490,2025-10-17 22:47:50
09:40:21,6.11,0.0,438,267618,卖盘,002490,2025-10-17 22:47:50
09:40:24,6.11,0.0,88,53769,卖盘,002490,2025-10-17 22:47:50
09:40:27,6.11,0.0,175,106925,卖盘,002490,2025-10-17 22:47:50
09:40:30,6.11,0.0,90,55023,卖盘,002490,2025-10-17 22:47:50
09:40:33,6.11,0.0,389,237679,卖盘,002490,2025-10-17 22:47:50
09:40:36,6.11,0.0,80,48883,卖盘,002490,2025-10-17 22:47:50
09:40:39,6.11,0.0,94,57434,卖盘,002490,2025-10-17 22:47:50
09:40:42,6.1,-0.01,8,4880,卖盘,002490,2025-10-17 22:47:50
09:40:45,6.1,0.0,134,81760,卖盘,002490,2025-10-17 22:47:50
09:40:48,6.1,0.0,65,39650,卖盘,002490,2025-10-17 22:47:50
09:40:51,6.1,0.0,133,81134,卖盘,002490,2025-10-17 22:47:50
09:40:54,6.1,0.0,258,157384,卖盘,002490,2025-10-17 22:47:50
09:40:57,6.1,0.0,218,132980,卖盘,002490,2025-10-17 22:47:50
09:41:00,6.09,-0.01,35,21342,卖盘,002490,2025-10-17 22:47:50
09:41:03,6.09,0.0,80,48750,卖盘,002490,2025-10-17 22:47:50
09:41:06,6.09,0.0,94,57246,卖盘,002490,2025-10-17 22:47:50
09:41:09,6.1,0.01,278,169312,买盘,002490,2025-10-17 22:47:50
09:41:12,6.09,-0.01,244,148596,卖盘,002490,2025-10-17 22:47:50
09:41:15,6.09,0.0,223,135809,卖盘,002490,2025-10-17 22:47:50
09:41:18,6.09,0.0,273,166307,卖盘,002490,2025-10-17 22:47:50
09:41:21,6.09,0.0,150,91350,买盘,002490,2025-10-17 22:47:50
09:41:24,6.09,0.0,227,138123,买盘,002490,2025-10-17 22:47:50
09:41:27,6.09,0.0,118,71809,买盘,002490,2025-10-17 22:47:50
09:41:30,6.09,0.0,208,126477,买盘,002490,2025-10-17 22:47:50
09:41:33,6.08,-0.01,309,187874,卖盘,002490,2025-10-17 22:47:50
09:41:36,6.07,-0.01,544,330698,卖盘,002490,2025-10-17 22:47:50
09:41:39,6.08,0.01,30,18234,买盘,002490,2025-10-17 22:47:50
09:41:42,6.07,-0.01,341,207044,卖盘,002490,2025-10-17 22:47:50
09:41:45,6.07,0.0,341,207010,卖盘,002490,2025-10-17 22:47:50
09:41:48,6.07,0.0,588,357187,卖盘,002490,2025-10-17 22:47:50
09:41:51,6.07,0.0,599,363619,卖盘,002490,2025-10-17 22:47:50
09:41:54,6.07,0.0,592,359367,卖盘,002490,2025-10-17 22:47:50
09:41:57,6.08,0.01,954,579659,买盘,002490,2025-10-17 22:47:50
09:42:00,6.07,-0.01,266,161555,卖盘,002490,2025-10-17 22:47:50
09:42:03,6.08,0.01,91,55328,中性盘,002490,2025-10-17 22:47:50
09:42:06,6.08,0.0,225,136708,卖盘,002490,2025-10-17 22:47:50
09:42:09,6.08,0.0,36,21888,卖盘,002490,2025-10-17 22:47:50
09:42:12,6.08,0.0,461,280188,买盘,002490,2025-10-17 22:47:50
09:42:15,6.07,-0.01,624,378915,卖盘,002490,2025-10-17 22:47:50
09:42:18,6.07,0.0,153,92923,卖盘,002490,2025-10-17 22:47:50
09:42:21,6.07,0.0,147,89239,卖盘,002490,2025-10-17 22:47:50
09:42:24,6.07,0.0,641,389548,卖盘,002490,2025-10-17 22:47:50
09:42:27,6.07,0.0,119,72264,卖盘,002490,2025-10-17 22:47:50
09:42:30,6.07,0.0,237,143875,卖盘,002490,2025-10-17 22:47:50
09:42:33,6.07,0.0,651,395403,卖盘,002490,2025-10-17 22:47:50
09:42:36,6.07,0.0,214,129942,卖盘,002490,2025-10-17 22:47:50
09:42:39,6.08,0.01,781,475243,买盘,002490,2025-10-17 22:47:50
09:42:42,6.09,0.01,718,437720,中性盘,002490,2025-10-17 22:47:50
09:42:45,6.09,0.0,81,49352,卖盘,002490,2025-10-17 22:47:50
09:42:48,6.08,-0.01,139,84623,卖盘,002490,2025-10-17 22:47:50
09:42:51,6.08,0.0,219,133358,卖盘,002490,2025-10-17 22:47:50
09:42:54,6.09,0.01,197,119780,买盘,002490,2025-10-17 22:47:50
09:42:57,6.08,-0.01,32,19460,卖盘,002490,2025-10-17 22:47:50
09:43:00,6.09,0.01,178,108262,买盘,002490,2025-10-17 22:47:50
09:43:03,6.08,-0.01,110,66923,卖盘,002490,2025-10-17 22:47:50
09:43:06,6.09,0.01,135,82182,买盘,002490,2025-10-17 22:47:50
09:43:09,6.09,0.0,60,36499,买盘,002490,2025-10-17 22:47:50
09:43:12,6.09,0.0,169,102846,买盘,002490,2025-10-17 22:47:50
09:43:15,6.08,-0.01,38,23125,卖盘,002490,2025-10-17 22:47:50
09:43:18,6.09,0.01,5,3045,买盘,002490,2025-10-17 22:47:50
09:43:21,6.08,-0.01,123,74851,卖盘,002490,2025-10-17 22:47:50
09:43:24,6.09,0.01,71,43239,买盘,002490,2025-10-17 22:47:50
09:43:27,6.09,0.0,100,60806,买盘,002490,2025-10-17 22:47:50
09:43:30,6.08,-0.01,210,127686,卖盘,002490,2025-10-17 22:47:50
09:43:33,6.08,0.0,91,55357,买盘,002490,2025-10-17 22:47:50
09:43:36,6.07,-0.01,419,254386,卖盘,002490,2025-10-17 22:47:50
09:43:39,6.08,0.01,105,63830,卖盘,002490,2025-10-17 22:47:50
09:43:42,6.07,-0.01,434,263503,卖盘,002490,2025-10-17 22:47:50
09:43:45,6.08,0.01,80,48629,中性盘,002490,2025-10-17 22:47:50
09:43:48,6.07,-0.01,49,29782,卖盘,002490,2025-10-17 22:47:50
09:43:51,6.07,0.0,164,99598,卖盘,002490,2025-10-17 22:47:50
09:43:54,6.08,0.01,230,139815,买盘,002490,2025-10-17 22:47:50
09:43:57,6.08,0.0,459,278646,买盘,002490,2025-10-17 22:47:50
09:44:00,6.07,-0.01,239,145083,卖盘,002490,2025-10-17 22:47:50
09:44:03,6.07,0.0,409,248343,卖盘,002490,2025-10-17 22:47:50
09:44:06,6.07,0.0,1444,877542,买盘,002490,2025-10-17 22:47:50
09:44:09,6.08,0.01,253,153653,中性盘,002490,2025-10-17 22:47:50
09:44:12,6.1,0.02,1883,1147167,买盘,002490,2025-10-17 22:47:50
09:44:15,6.1,0.0,284,173146,卖盘,002490,2025-10-17 22:47:50
09:44:18,6.1,0.0,40,24400,卖盘,002490,2025-10-17 22:47:50
09:44:21,6.11,0.01,15,9165,买盘,002490,2025-10-17 22:47:50
09:44:24,6.1,-0.01,59,35990,卖盘,002490,2025-10-17 22:47:50
09:44:27,6.11,0.01,10,6110,买盘,002490,2025-10-17 22:47:50
09:44:30,6.11,0.0,11,6715,买盘,002490,2025-10-17 22:47:50
09:44:33,6.11,0.0,78,47590,买盘,002490,2025-10-17 22:47:50
09:44:36,6.11,0.0,40,24427,买盘,002490,2025-10-17 22:47:50
09:44:39,6.11,0.0,31,18917,买盘,002490,2025-10-17 22:47:50
09:44:42,6.1,-0.01,302,184269,卖盘,002490,2025-10-17 22:47:50
09:44:45,6.1,0.0,70,42768,卖盘,002490,2025-10-17 22:47:50
09:44:48,6.1,0.0,20,12200,卖盘,002490,2025-10-17 22:47:50
09:44:51,6.11,0.01,57,34775,买盘,002490,2025-10-17 22:47:50
09:44:54,6.1,-0.01,22,13425,卖盘,002490,2025-10-17 22:47:50
09:44:57,6.11,0.01,76,46389,买盘,002490,2025-10-17 22:47:50
09:45:00,6.1,-0.01,22,13420,卖盘,002490,2025-10-17 22:47:50
09:45:03,6.11,0.01,269,164126,买盘,002490,2025-10-17 22:47:50
09:45:06,6.09,-0.02,4,2436,卖盘,002490,2025-10-17 22:47:50
09:45:12,6.09,0.0,64,38987,卖盘,002490,2025-10-17 22:47:50
09:45:15,6.09,0.0,77,46896,卖盘,002490,2025-10-17 22:47:50
09:45:18,6.1,0.01,96,58538,买盘,002490,2025-10-17 22:47:50
09:45:21,6.09,-0.01,88,53593,卖盘,002490,2025-10-17 22:47:50
09:45:24,6.09,0.0,25,15225,卖盘,002490,2025-10-17 22:47:50
09:45:27,6.1,0.01,184,112106,买盘,002490,2025-10-17 22:47:50
09:45:30,6.09,-0.01,93,56637,买盘,002490,2025-10-17 22:47:50
09:45:33,6.09,0.0,438,266742,买盘,002490,2025-10-17 22:47:50
09:45:36,6.09,0.0,33,20114,卖盘,002490,2025-10-17 22:47:50
09:45:39,6.09,0.0,100,60900,卖盘,002490,2025-10-17 22:47:50
09:45:42,6.09,0.0,72,43852,卖盘,002490,2025-10-17 22:47:50
09:45:45,6.09,0.0,258,157122,卖盘,002490,2025-10-17 22:47:50
09:45:48,6.09,0.0,24,14616,卖盘,002490,2025-10-17 22:47:50
09:45:51,6.09,0.0,316,192453,卖盘,002490,2025-10-17 22:47:50
09:45:54,6.09,0.0,566,345384,卖盘,002490,2025-10-17 22:47:50
09:45:57,6.1,0.01,28,17107,卖盘,002490,2025-10-17 22:47:50
09:46:00,6.11,0.01,223,135845,买盘,002490,2025-10-17 22:47:50
09:46:03,6.14,0.03,1076,659185,买盘,002490,2025-10-17 22:47:50
09:46:06,6.12,-0.02,59,36190,卖盘,002490,2025-10-17 22:47:50
09:46:09,6.14,0.02,135,82802,买盘,002490,2025-10-17 22:47:50
09:46:12,6.14,0.0,27,16578,卖盘,002490,2025-10-17 22:47:50
09:46:15,6.14,0.0,88,54019,买盘,002490,2025-10-17 22:47:50
09:46:18,6.14,0.0,73,44822,买盘,002490,2025-10-17 22:47:50
09:46:21,6.14,0.0,180,110524,中性盘,002490,2025-10-17 22:47:50
09:46:27,6.14,0.0,10,6140,买盘,002490,2025-10-17 22:47:50
09:46:30,6.12,-0.02,208,127442,卖盘,002490,2025-10-17 22:47:50
09:46:36,6.12,0.0,17,10404,卖盘,002490,2025-10-17 22:47:50
09:46:39,6.12,0.0,7,4289,卖盘,002490,2025-10-17 22:47:50
09:46:42,6.13,0.01,10,6127,买盘,002490,2025-10-17 22:47:50
09:46:45,6.12,-0.01,77,47126,卖盘,002490,2025-10-17 22:47:50
09:46:48,6.12,0.0,126,77222,卖盘,002490,2025-10-17 22:47:50
09:46:51,6.13,0.01,104,63752,买盘,002490,2025-10-17 22:47:50
09:46:54,6.13,0.0,160,97943,买盘,002490,2025-10-17 22:47:50
09:46:57,6.12,-0.01,82,50184,卖盘,002490,2025-10-17 22:47:50
09:47:03,6.12,0.0,42,25704,卖盘,002490,2025-10-17 22:47:50
09:47:06,6.13,0.01,16,9808,买盘,002490,2025-10-17 22:47:50
09:47:09,6.12,-0.01,112,68544,卖盘,002490,2025-10-17 22:47:50
09:47:12,6.12,0.0,59,36108,买盘,002490,2025-10-17 22:47:50
09:47:18,6.11,-0.01,45,27495,卖盘,002490,2025-10-17 22:47:50
09:47:21,6.11,0.0,46,28126,卖盘,002490,2025-10-17 22:47:50
09:47:24,6.11,0.0,58,35438,卖盘,002490,2025-10-17 22:47:50
09:47:27,6.11,0.0,230,140595,卖盘,002490,2025-10-17 22:47:50
09:47:30,6.11,0.0,672,411216,卖盘,002490,2025-10-17 22:47:50
09:47:33,6.11,0.0,161,98421,卖盘,002490,2025-10-17 22:47:50
09:47:36,6.13,0.02,44,26940,买盘,002490,2025-10-17 22:47:50
09:47:39,6.11,-0.02,58,35494,卖盘,002490,2025-10-17 22:47:50
09:47:42,6.1,-0.01,583,356554,卖盘,002490,2025-10-17 22:47:50
09:47:45,6.12,0.02,37,22694,中性盘,002490,2025-10-17 22:47:50
09:47:48,6.13,0.01,6,3672,中性盘,002490,2025-10-17 22:47:50
09:47:51,6.13,0.0,5,3065,买盘,002490,2025-10-17 22:47:50
09:47:54,6.11,-0.02,11,6741,卖盘,002490,2025-10-17 22:47:50
09:47:57,6.13,0.02,3,1839,买盘,002490,2025-10-17 22:47:50
09:48:00,6.13,0.0,10,6123,买盘,002490,2025-10-17 22:47:50
09:48:03,6.13,0.0,64,39160,买盘,002490,2025-10-17 22:47:50
09:48:06,6.13,0.0,57,34941,买盘,002490,2025-10-17 22:47:50
09:48:09,6.13,0.0,21,12854,卖盘,002490,2025-10-17 22:47:50
09:48:12,6.13,0.0,74,45359,卖盘,002490,2025-10-17 22:47:50
09:48:18,6.12,-0.01,76,46580,卖盘,002490,2025-10-17 22:47:50
09:48:21,6.13,0.01,2,1226,买盘,002490,2025-10-17 22:47:50
09:48:24,6.12,-0.01,1,612,卖盘,002490,2025-10-17 22:47:50
09:48:27,6.12,0.0,13,7956,卖盘,002490,2025-10-17 22:47:50
09:48:30,6.12,0.0,78,47736,卖盘,002490,2025-10-17 22:47:50
09:48:33,6.13,0.01,170,104065,买盘,002490,2025-10-17 22:47:50
09:48:36,6.12,-0.01,21,12861,卖盘,002490,2025-10-17 22:47:50
09:48:42,6.12,0.0,72,44064,卖盘,002490,2025-10-17 22:47:50
09:48:45,6.13,0.01,109,66711,买盘,002490,2025-10-17 22:47:50
09:48:48,6.13,0.0,6,3676,买盘,002490,2025-10-17 22:47:50
09:48:51,6.12,-0.01,102,62424,买盘,002490,2025-10-17 22:47:50
09:48:54,6.12,0.0,11,6737,卖盘,002490,2025-10-17 22:47:50
09:48:57,6.12,0.0,44,26928,卖盘,002490,2025-10-17 22:47:50
09:49:00,6.15,0.03,1047,641722,买盘,002490,2025-10-17 22:47:50
09:49:03,6.13,-0.02,377,231713,卖盘,002490,2025-10-17 22:47:50
09:49:06,6.13,0.0,17,10466,卖盘,002490,2025-10-17 22:47:50
09:49:12,6.13,0.0,65,40009,卖盘,002490,2025-10-17 22:47:50
09:49:15,6.15,0.02,20,12280,中性盘,002490,2025-10-17 22:47:50
09:49:18,6.13,-0.02,71,43585,卖盘,002490,2025-10-17 22:47:50
09:49:24,6.15,0.02,172,105780,买盘,002490,2025-10-17 22:47:50
09:49:27,6.15,0.0,30,18450,卖盘,002490,2025-10-17 22:47:50
09:49:30,6.16,0.01,32,19681,买盘,002490,2025-10-17 22:47:50
09:49:33,6.15,-0.01,37,22758,卖盘,002490,2025-10-17 22:47:50
09:49:36,6.16,0.01,23,14168,买盘,002490,2025-10-17 22:47:50
09:49:39,6.16,0.0,77,47394,买盘,002490,2025-10-17 22:47:50
09:49:42,6.14,-0.02,110,67626,卖盘,002490,2025-10-17 22:47:50
09:49:45,6.16,0.02,173,106530,买盘,002490,2025-10-17 22:47:50
09:49:48,6.15,-0.01,13,8005,中性盘,002490,2025-10-17 22:47:50
09:49:51,6.15,0.0,16,9840,买盘,002490,2025-10-17 22:47:50
09:49:54,6.14,-0.01,54,33156,卖盘,002490,2025-10-17 22:47:50
09:49:57,6.14,0.0,100,61400,买盘,002490,2025-10-17 22:47:50
09:50:00,6.14,0.0,8,4912,买盘,002490,2025-10-17 22:47:50
09:50:03,6.14,0.0,236,144771,买盘,002490,2025-10-17 22:47:50
09:50:06,6.14,0.0,112,68765,买盘,002490,2025-10-17 22:47:50
09:50:09,6.13,-0.01,169,103617,卖盘,002490,2025-10-17 22:47:50
09:50:12,6.12,-0.01,20,12250,卖盘,002490,2025-10-17 22:47:50
09:50:15,6.13,0.01,45,27585,买盘,002490,2025-10-17 22:47:50
09:50:18,6.13,0.0,96,58848,买盘,002490,2025-10-17 22:47:50
09:50:21,6.13,0.0,97,59461,卖盘,002490,2025-10-17 22:47:50
09:50:24,6.13,0.0,17,10424,买盘,002490,2025-10-17 22:47:50
09:50:27,6.13,0.0,5,3065,卖盘,002490,2025-10-17 22:47:50
09:50:30,6.13,0.0,62,38006,卖盘,002490,2025-10-17 22:47:50
09:50:33,6.13,0.0,32,19616,卖盘,002490,2025-10-17 22:47:50
09:50:36,6.13,0.0,25,15325,卖盘,002490,2025-10-17 22:47:50
09:50:39,6.13,0.0,103,63189,卖盘,002490,2025-10-17 22:47:50
09:50:42,6.13,0.0,14,8582,卖盘,002490,2025-10-17 22:47:50
09:50:45,6.13,0.0,107,65591,卖盘,002490,2025-10-17 22:47:50
09:50:48,6.12,-0.01,6,3672,卖盘,002490,2025-10-17 22:47:50
09:50:51,6.12,0.0,5,3060,卖盘,002490,2025-10-17 22:47:50
09:50:54,6.12,0.0,6,3672,卖盘,002490,2025-10-17 22:47:50
09:50:57,6.12,0.0,174,106499,卖盘,002490,2025-10-17 22:47:50
09:51:00,6.12,0.0,22,13464,卖盘,002490,2025-10-17 22:47:50
09:51:03,6.12,0.0,22,13464,买盘,002490,2025-10-17 22:47:50
09:51:06,6.12,0.0,40,24480,卖盘,002490,2025-10-17 22:47:50
09:51:09,6.11,-0.01,26,15887,卖盘,002490,2025-10-17 22:47:50
09:51:12,6.11,0.0,33,20163,卖盘,002490,2025-10-17 22:47:50
09:51:15,6.13,0.02,1404,860077,买盘,002490,2025-10-17 22:47:50
09:51:18,6.14,0.01,420,257712,中性盘,002490,2025-10-17 22:47:50
09:51:21,6.14,0.0,21,12911,卖盘,002490,2025-10-17 22:47:50
09:51:24,6.12,-0.02,100,61222,卖盘,002490,2025-10-17 22:47:50
09:51:27,6.13,0.01,43,26359,中性盘,002490,2025-10-17 22:47:50
09:51:30,6.14,0.01,2,1228,买盘,002490,2025-10-17 22:47:50
09:51:33,6.14,0.0,8,4912,买盘,002490,2025-10-17 22:47:50
09:51:36,6.14,0.0,13,7982,卖盘,002490,2025-10-17 22:47:50
09:51:42,6.14,0.0,30,18420,卖盘,002490,2025-10-17 22:47:50
09:51:45,6.14,0.0,76,46664,卖盘,002490,2025-10-17 22:47:50
09:51:48,6.14,0.0,7,4298,卖盘,002490,2025-10-17 22:47:50
09:51:51,6.15,0.01,6,3690,买盘,002490,2025-10-17 22:47:50
09:51:54,6.15,0.0,96,58975,买盘,002490,2025-10-17 22:47:50
09:51:57,6.15,0.0,12,7380,买盘,002490,2025-10-17 22:47:50
09:52:00,6.14,-0.01,36,22114,卖盘,002490,2025-10-17 22:47:50
09:52:03,6.14,0.0,82,50348,卖盘,002490,2025-10-17 22:47:50
09:52:06,6.14,0.0,10,6140,中性盘,002490,2025-10-17 22:47:50
09:52:09,6.14,0.0,71,43627,卖盘,002490,2025-10-17 22:47:50
09:52:12,6.14,0.0,13,7985,卖盘,002490,2025-10-17 22:47:50
09:52:15,6.14,0.0,83,50962,卖盘,002490,2025-10-17 22:47:50
09:52:21,6.14,0.0,22,13492,买盘,002490,2025-10-17 22:47:50
09:52:24,6.14,0.0,23,14119,买盘,002490,2025-10-17 22:47:50
09:52:27,6.13,-0.01,24,14712,卖盘,002490,2025-10-17 22:47:50
09:52:30,6.13,0.0,47,28813,卖盘,002490,2025-10-17 22:47:50
09:52:33,6.12,-0.01,52,31874,卖盘,002490,2025-10-17 22:47:50
09:52:36,6.12,0.0,1,612,卖盘,002490,2025-10-17 22:47:50
09:52:39,6.12,0.0,159,97462,卖盘,002490,2025-10-17 22:47:50
09:52:42,6.13,0.01,44,26971,买盘,002490,2025-10-17 22:47:50
09:52:45,6.12,-0.01,27,16525,卖盘,002490,2025-10-17 22:47:50
09:52:51,6.12,0.0,45,27540,卖盘,002490,2025-10-17 22:47:50
09:52:54,6.12,0.0,3,1836,卖盘,002490,2025-10-17 22:47:50
09:52:57,6.13,0.01,244,149400,买盘,002490,2025-10-17 22:47:50
09:53:00,6.14,0.01,254,155925,买盘,002490,2025-10-17 22:47:50
09:53:03,6.17,0.03,964,593417,买盘,002490,2025-10-17 22:47:50
09:53:06,6.17,0.0,60,37003,买盘,002490,2025-10-17 22:47:50
09:53:09,6.17,0.0,84,51828,买盘,002490,2025-10-17 22:47:50
09:53:12,6.17,0.0,143,88231,买盘,002490,2025-10-17 22:47:50
09:53:15,6.17,0.0,54,33318,卖盘,002490,2025-10-17 22:47:50
09:53:18,6.18,0.01,18,11114,买盘,002490,2025-10-17 22:47:50
09:53:21,6.17,-0.01,207,127719,卖盘,002490,2025-10-17 22:47:50
09:53:24,6.17,0.0,46,28382,卖盘,002490,2025-10-17 22:47:50
09:53:27,6.17,0.0,69,42573,买盘,002490,2025-10-17 22:47:50
09:53:30,6.17,0.0,209,129047,买盘,002490,2025-10-17 22:47:50
09:53:33,6.17,0.0,49,30205,买盘,002490,2025-10-17 22:47:50
09:53:36,6.17,0.0,35,21595,买盘,002490,2025-10-17 22:47:50
09:53:39,6.17,0.0,53,32701,买盘,002490,2025-10-17 22:47:50
09:53:42,6.17,0.0,195,120315,买盘,002490,2025-10-17 22:47:50
09:53:45,6.17,0.0,97,59849,买盘,002490,2025-10-17 22:47:50
09:53:48,6.16,-0.01,56,34545,卖盘,002490,2025-10-17 22:47:50
09:53:51,6.17,0.01,122,75274,买盘,002490,2025-10-17 22:47:50
09:53:54,6.17,0.0,297,183200,买盘,002490,2025-10-17 22:47:50
09:53:57,6.17,0.0,8,4936,买盘,002490,2025-10-17 22:47:50
09:54:00,6.16,-0.01,97,59770,卖盘,002490,2025-10-17 22:47:50
09:54:03,6.16,0.0,28,17263,中性盘,002490,2025-10-17 22:47:50
09:54:06,6.16,0.0,89,54822,卖盘,002490,2025-10-17 22:47:50
09:54:09,6.17,0.01,36,22184,买盘,002490,2025-10-17 22:47:50
09:54:12,6.16,-0.01,151,93019,卖盘,002490,2025-10-17 22:47:50
09:54:15,6.16,0.0,155,95565,卖盘,002490,2025-10-17 22:47:50
09:54:18,6.16,0.0,20,12320,卖盘,002490,2025-10-17 22:47:50
09:54:21,6.16,0.0,282,173813,卖盘,002490,2025-10-17 22:47:50
09:54:24,6.17,0.01,553,341175,买盘,002490,2025-10-17 22:47:50
09:54:27,6.17,0.0,56,34523,买盘,002490,2025-10-17 22:47:50
09:54:30,6.21,0.04,2530,1566480,买盘,002490,2025-10-17 22:47:50
09:54:33,6.22,0.01,1258,781334,买盘,002490,2025-10-17 22:47:50
09:54:36,6.22,0.0,277,172239,买盘,002490,2025-10-17 22:47:50
09:54:39,6.22,0.0,160,99509,买盘,002490,2025-10-17 22:47:50
09:54:42,6.21,-0.01,240,149195,卖盘,002490,2025-10-17 22:47:50
09:54:45,6.21,0.0,106,65780,买盘,002490,2025-10-17 22:47:50
09:54:48,6.2,-0.01,128,79397,卖盘,002490,2025-10-17 22:47:50
09:54:51,6.2,0.0,618,383538,卖盘,002490,2025-10-17 22:47:50
09:54:54,6.2,0.0,234,145080,卖盘,002490,2025-10-17 22:47:50
09:54:57,6.2,0.0,1141,707420,买盘,002490,2025-10-17 22:47:50
09:55:00,6.17,-0.03,196,121381,卖盘,002490,2025-10-17 22:47:50
09:55:03,6.19,0.02,81,50111,买盘,002490,2025-10-17 22:47:50
09:55:06,6.19,0.0,152,94088,买盘,002490,2025-10-17 22:47:50
09:55:09,6.2,0.01,483,299261,买盘,002490,2025-10-17 22:47:50
09:55:12,6.19,-0.01,155,95925,卖盘,002490,2025-10-17 22:47:50
09:55:15,6.2,0.01,2,1240,买盘,002490,2025-10-17 22:47:50
09:55:18,6.2,0.0,451,279891,买盘,002490,2025-10-17 22:47:50
09:55:21,6.22,0.02,141,87650,买盘,002490,2025-10-17 22:47:50
09:55:24,6.27,0.05,3802,2376141,买盘,002490,2025-10-17 22:47:50
09:55:27,6.27,0.0,1204,756256,卖盘,002490,2025-10-17 22:47:50
09:55:30,6.3,0.03,3260,2052438,买盘,002490,2025-10-17 22:47:50
09:55:33,6.32,0.02,5674,3579779,买盘,002490,2025-10-17 22:47:50
09:55:36,6.34,0.02,645,408905,买盘,002490,2025-10-17 22:47:50
09:55:39,6.34,0.0,1380,873371,卖盘,002490,2025-10-17 22:47:50
09:55:42,6.34,0.0,1774,1124342,买盘,002490,2025-10-17 22:47:50
09:55:45,6.3,-0.04,1238,783906,卖盘,002490,2025-10-17 22:47:50
09:55:48,6.3,0.0,588,372184,卖盘,002490,2025-10-17 22:47:50
09:55:51,6.33,0.03,612,387086,买盘,002490,2025-10-17 22:47:50
09:55:54,6.3,-0.03,1053,664097,卖盘,002490,2025-10-17 22:47:50
09:55:57,6.31,0.01,870,550006,买盘,002490,2025-10-17 22:47:50
09:56:00,6.3,-0.01,511,322558,卖盘,002490,2025-10-17 22:47:50
09:56:03,6.31,0.01,1083,683351,买盘,002490,2025-10-17 22:47:50
09:56:06,6.31,0.0,1368,863497,卖盘,002490,2025-10-17 22:47:50
09:56:09,6.31,0.0,775,488526,买盘,002490,2025-10-17 22:47:50
09:56:12,6.31,0.0,1058,667842,卖盘,002490,2025-10-17 22:47:50
09:56:15,6.31,0.0,392,246960,买盘,002490,2025-10-17 22:47:50
09:56:18,6.31,0.0,387,243977,买盘,002490,2025-10-17 22:47:50
09:56:21,6.3,-0.01,387,243887,卖盘,002490,2025-10-17 22:47:50
09:56:24,6.29,-0.01,393,247480,卖盘,002490,2025-10-17 22:47:50
09:56:27,6.28,-0.01,140,88072,卖盘,002490,2025-10-17 22:47:50
09:56:30,6.27,-0.01,245,153881,卖盘,002490,2025-10-17 22:47:50
09:56:33,6.31,0.04,6330,3993198,买盘,002490,2025-10-17 22:47:50
09:56:36,6.32,0.01,4514,2860474,中性盘,002490,2025-10-17 22:47:50
09:56:39,6.39,0.07,5041,3213791,买盘,002490,2025-10-17 22:47:50
09:56:42,6.44,0.05,6399,4104869,买盘,002490,2025-10-17 22:47:50
09:56:45,6.41,-0.03,2230,1438000,卖盘,002490,2025-10-17 22:47:50
09:56:48,6.44,0.03,1315,846811,中性盘,002490,2025-10-17 22:47:50
09:56:51,6.43,-0.01,2222,1426902,中性盘,002490,2025-10-17 22:47:50
09:56:54,6.42,-0.01,2914,1873662,买盘,002490,2025-10-17 22:47:50
09:56:57,6.42,0.0,1299,833114,买盘,002490,2025-10-17 22:47:50
09:57:00,6.4,-0.02,1665,1067435,卖盘,002490,2025-10-17 22:47:50
09:57:03,6.4,0.0,1674,1073557,卖盘,002490,2025-10-17 22:47:50
09:57:06,6.4,0.0,6518,4184797,买盘,002490,2025-10-17 22:47:50
09:57:09,6.45,0.05,2947,1892661,买盘,002490,2025-10-17 22:47:50
09:57:12,6.45,0.0,7234,4677654,卖盘,002490,2025-10-17 22:47:50
09:57:15,6.47,0.02,5666,3676996,买盘,002490,2025-10-17 22:47:50
09:57:18,6.49,0.02,5762,3740762,买盘,002490,2025-10-17 22:47:50
09:57:21,6.51,0.02,2280,1482254,买盘,002490,2025-10-17 22:47:50
09:57:24,6.54,0.03,2516,1641197,买盘,002490,2025-10-17 22:47:50
09:57:27,6.55,0.01,2618,1713008,买盘,002490,2025-10-17 22:47:50
09:57:30,6.56,0.01,1538,1009485,买盘,002490,2025-10-17 22:47:50
09:57:33,6.56,0.0,1609,1055796,买盘,002490,2025-10-17 22:47:50
09:57:36,6.57,0.01,2639,1732457,中性盘,002490,2025-10-17 22:47:50
09:57:39,6.58,0.01,2438,1606183,中性盘,002490,2025-10-17 22:47:50
09:57:42,6.58,0.0,2990,1966585,买盘,002490,2025-10-17 22:47:50
09:57:45,6.58,0.0,2232,1469049,卖盘,002490,2025-10-17 22:47:50
09:57:48,6.59,0.01,3648,2404093,买盘,002490,2025-10-17 22:47:50
09:57:51,6.58,-0.01,1385,911961,卖盘,002490,2025-10-17 22:47:50
09:57:54,6.52,-0.06,1827,1198720,卖盘,002490,2025-10-17 22:47:50
09:57:57,6.57,0.05,1510,990345,买盘,002490,2025-10-17 22:47:50
09:58:00,6.53,-0.04,1049,687568,卖盘,002490,2025-10-17 22:47:50
09:58:03,6.53,0.0,833,544892,卖盘,002490,2025-10-17 22:47:50
09:58:06,6.53,0.0,1305,852500,卖盘,002490,2025-10-17 22:47:50
09:58:09,6.51,-0.02,741,483466,卖盘,002490,2025-10-17 22:47:50
09:58:12,6.5,-0.01,1211,787965,卖盘,002490,2025-10-17 22:47:50
09:58:15,6.48,-0.02,674,438008,卖盘,002490,2025-10-17 22:47:50
09:58:18,6.46,-0.02,703,455458,卖盘,002490,2025-10-17 22:47:50
09:58:21,6.46,0.0,1960,1269011,卖盘,002490,2025-10-17 22:47:50
09:58:24,6.46,0.0,1409,910901,卖盘,002490,2025-10-17 22:47:50
09:58:27,6.46,0.0,1367,884611,卖盘,002490,2025-10-17 22:47:50
09:58:30,6.46,0.0,613,395782,买盘,002490,2025-10-17 22:47:50
09:58:33,6.45,-0.01,1380,890779,买盘,002490,2025-10-17 22:47:50
09:58:36,6.45,0.0,588,378831,买盘,002490,2025-10-17 22:47:50
09:58:39,6.45,0.0,894,576224,买盘,002490,2025-10-17 22:47:50
09:58:42,6.45,0.0,804,518270,买盘,002490,2025-10-17 22:47:50
09:58:45,6.45,0.0,1172,755282,买盘,002490,2025-10-17 22:47:50
09:58:48,6.45,0.0,1307,842792,买盘,002490,2025-10-17 22:47:50
09:58:51,6.45,0.0,816,526648,卖盘,002490,2025-10-17 22:47:50
09:58:54,6.46,0.01,1303,841083,买盘,002490,2025-10-17 22:47:50
09:58:57,6.48,0.02,1790,1155371,买盘,002490,2025-10-17 22:47:50
09:59:00,6.48,0.0,850,550095,买盘,002490,2025-10-17 22:47:50
09:59:03,6.46,-0.02,1483,959668,卖盘,002490,2025-10-17 22:47:50
09:59:06,6.48,0.02,893,578738,中性盘,002490,2025-10-17 22:47:50
09:59:09,6.42,-0.06,3559,2293143,卖盘,002490,2025-10-17 22:47:50
09:59:12,6.42,0.0,724,465335,卖盘,002490,2025-10-17 22:47:50
09:59:15,6.45,0.03,559,359433,买盘,002490,2025-10-17 22:47:50
09:59:18,6.43,-0.02,373,239702,中性盘,002490,2025-10-17 22:47:50
09:59:21,6.42,-0.01,384,246804,卖盘,002490,2025-10-17 22:47:50
09:59:24,6.42,0.0,471,302751,卖盘,002490,2025-10-17 22:47:50
09:59:27,6.42,0.0,1099,706205,卖盘,002490,2025-10-17 22:47:50
09:59:30,6.42,0.0,1137,730875,卖盘,002490,2025-10-17 22:47:50
09:59:33,6.42,0.0,299,192135,卖盘,002490,2025-10-17 22:47:50
09:59:36,6.42,0.0,319,204877,卖盘,002490,2025-10-17 22:47:50
09:59:39,6.42,0.0,399,256200,买盘,002490,2025-10-17 22:47:50
09:59:42,6.42,0.0,614,394020,买盘,002490,2025-10-17 22:47:50
09:59:45,6.42,0.0,187,120055,卖盘,002490,2025-10-17 22:47:50
09:59:48,6.42,0.0,465,298742,卖盘,002490,2025-10-17 22:47:50
09:59:51,6.42,0.0,611,392359,卖盘,002490,2025-10-17 22:47:50
09:59:54,6.44,0.02,802,515985,买盘,002490,2025-10-17 22:47:50
09:59:57,6.42,-0.02,753,485103,卖盘,002490,2025-10-17 22:47:50
10:00:00,6.43,0.01,258,165923,买盘,002490,2025-10-17 22:47:50
10:00:03,6.42,-0.01,243,156206,卖盘,002490,2025-10-17 22:47:50
10:00:06,6.43,0.01,188,120886,买盘,002490,2025-10-17 22:47:50
10:00:09,6.43,0.0,380,244219,买盘,002490,2025-10-17 22:47:50
10:00:12,6.43,0.0,1124,721836,买盘,002490,2025-10-17 22:47:50
10:00:15,6.42,-0.01,544,349332,卖盘,002490,2025-10-17 22:47:50
10:00:18,6.41,-0.01,1939,1243484,卖盘,002490,2025-10-17 22:47:50
10:00:21,6.41,0.0,374,239479,买盘,002490,2025-10-17 22:47:50
10:00:24,6.41,0.0,81,51918,买盘,002490,2025-10-17 22:47:50
10:00:27,6.41,0.0,247,158117,买盘,002490,2025-10-17 22:47:50
10:00:30,6.41,0.0,1792,1146943,买盘,002490,2025-10-17 22:47:50
10:00:33,6.41,0.0,1209,774183,买盘,002490,2025-10-17 22:47:50
10:00:36,6.41,0.0,552,353640,买盘,002490,2025-10-17 22:47:50
10:00:39,6.4,-0.01,352,225434,卖盘,002490,2025-10-17 22:47:50
10:00:42,6.4,0.0,203,129954,卖盘,002490,2025-10-17 22:47:50
10:00:45,6.39,-0.01,221,141424,卖盘,002490,2025-10-17 22:47:50
10:00:48,6.4,0.01,84,53679,买盘,002490,2025-10-17 22:47:50
10:00:51,6.39,-0.01,138,88169,卖盘,002490,2025-10-17 22:47:50
10:00:54,6.39,0.0,19,12141,买盘,002490,2025-10-17 22:47:50
10:00:57,6.38,-0.01,261,166582,卖盘,002490,2025-10-17 22:47:50
10:01:00,6.38,0.0,215,137203,卖盘,002490,2025-10-17 22:47:50
10:01:03,6.38,0.0,488,311153,买盘,002490,2025-10-17 22:47:50
10:01:06,6.38,0.0,852,543209,卖盘,002490,2025-10-17 22:47:50
10:01:09,6.37,-0.01,98,62546,卖盘,002490,2025-10-17 22:47:50
10:01:12,6.38,0.01,355,226444,买盘,002490,2025-10-17 22:47:50
10:01:15,6.39,0.01,228,145495,买盘,002490,2025-10-17 22:47:50
10:01:18,6.39,0.0,298,190354,买盘,002490,2025-10-17 22:47:50
10:01:21,6.39,0.0,831,530680,买盘,002490,2025-10-17 22:47:50
10:01:24,6.39,0.0,362,231176,中性盘,002490,2025-10-17 22:47:50
10:01:27,6.4,0.01,408,260724,买盘,002490,2025-10-17 22:47:50
10:01:30,6.4,0.0,360,229973,买盘,002490,2025-10-17 22:47:50
10:01:33,6.39,-0.01,407,260373,卖盘,002490,2025-10-17 22:47:50
10:01:36,6.39,0.0,518,331455,卖盘,002490,2025-10-17 22:47:50
10:01:39,6.4,0.01,796,509300,买盘,002490,2025-10-17 22:47:50
10:01:42,6.41,0.01,291,186304,买盘,002490,2025-10-17 22:47:50
10:01:45,6.41,0.0,386,247411,买盘,002490,2025-10-17 22:47:50
10:01:48,6.42,0.01,207,132800,买盘,002490,2025-10-17 22:47:50
10:01:51,6.42,0.0,195,125219,买盘,002490,2025-10-17 22:47:50
10:01:54,6.43,0.01,778,499920,买盘,002490,2025-10-17 22:47:50
10:01:57,6.43,0.0,298,191536,买盘,002490,2025-10-17 22:47:50
10:02:00,6.43,0.0,625,401893,卖盘,002490,2025-10-17 22:47:50
10:02:03,6.44,0.01,1130,727255,买盘,002490,2025-10-17 22:47:50
10:02:06,6.43,-0.01,967,621473,卖盘,002490,2025-10-17 22:47:50
10:02:09,6.43,0.0,513,329908,买盘,002490,2025-10-17 22:47:50
10:02:12,6.41,-0.02,545,350630,卖盘,002490,2025-10-17 22:47:50
10:02:15,6.43,0.02,446,286415,买盘,002490,2025-10-17 22:47:50
10:02:18,6.42,-0.01,467,299821,中性盘,002490,2025-10-17 22:47:50
10:02:21,6.41,-0.01,341,219047,卖盘,002490,2025-10-17 22:47:50
10:02:24,6.41,0.0,303,194462,卖盘,002490,2025-10-17 22:47:50
10:02:27,6.4,-0.01,366,234628,卖盘,002490,2025-10-17 22:47:50
10:02:30,6.4,0.0,223,142814,卖盘,002490,2025-10-17 22:47:50
10:02:33,6.4,0.0,330,211259,卖盘,002490,2025-10-17 22:47:50
10:02:36,6.41,0.01,649,415488,买盘,002490,2025-10-17 22:47:50
10:02:39,6.4,-0.01,253,161933,中性盘,002490,2025-10-17 22:47:50
10:02:42,6.41,0.01,570,364901,买盘,002490,2025-10-17 22:47:50
10:02:45,6.4,-0.01,409,261521,买盘,002490,2025-10-17 22:47:50
10:02:48,6.4,0.0,298,190977,买盘,002490,2025-10-17 22:47:50
10:02:51,6.41,0.01,195,124995,买盘,002490,2025-10-17 22:47:50
10:02:54,6.41,0.0,469,300951,卖盘,002490,2025-10-17 22:47:50
10:02:57,6.4,-0.01,296,189872,卖盘,002490,2025-10-17 22:47:50
10:03:00,6.41,0.01,262,168227,买盘,002490,2025-10-17 22:47:50
10:03:03,6.41,0.0,106,67925,买盘,002490,2025-10-17 22:47:50
10:03:06,6.41,0.0,377,241667,买盘,002490,2025-10-17 22:47:50
10:03:09,6.41,0.0,176,112880,卖盘,002490,2025-10-17 22:47:50
10:03:12,6.41,0.0,211,135253,卖盘,002490,2025-10-17 22:47:50
10:03:15,6.41,0.0,222,142361,卖盘,002490,2025-10-17 22:47:50
10:03:18,6.41,0.0,162,103851,卖盘,002490,2025-10-17 22:47:50
10:03:21,6.41,0.0,409,262336,买盘,002490,2025-10-17 22:47:50
10:03:24,6.41,0.0,264,169287,卖盘,002490,2025-10-17 22:47:50
10:03:27,6.42,0.01,111,71202,买盘,002490,2025-10-17 22:47:50
10:03:30,6.42,0.0,475,304497,买盘,002490,2025-10-17 22:47:50
10:03:33,6.42,0.0,185,118706,买盘,002490,2025-10-17 22:47:50
10:03:36,6.42,0.0,179,114886,买盘,002490,2025-10-17 22:47:50
10:03:39,6.42,0.0,80,51360,卖盘,002490,2025-10-17 22:47:50
10:03:42,6.42,0.0,83,53286,卖盘,002490,2025-10-17 22:47:50
10:03:45,6.42,0.0,517,331915,卖盘,002490,2025-10-17 22:47:50
10:03:48,6.42,0.0,618,396217,买盘,002490,2025-10-17 22:47:50
10:03:51,6.41,-0.01,51,32701,中性盘,002490,2025-10-17 22:47:50
10:03:54,6.42,0.01,130,83340,买盘,002490,2025-10-17 22:47:50
10:03:57,6.41,-0.01,316,202402,中性盘,002490,2025-10-17 22:47:50
10:04:00,6.4,-0.01,65,41649,卖盘,002490,2025-10-17 22:47:50
10:04:03,6.4,0.0,228,145977,卖盘,002490,2025-10-17 22:47:50
10:04:06,6.41,0.01,278,178050,买盘,002490,2025-10-17 22:47:50
10:04:09,6.4,-0.01,811,519074,卖盘,002490,2025-10-17 22:47:50
10:04:12,6.4,0.0,241,154214,卖盘,002490,2025-10-17 22:47:50
10:04:15,6.4,0.0,177,113280,买盘,002490,2025-10-17 22:47:50
10:04:18,6.4,0.0,76,48630,买盘,002490,2025-10-17 22:47:50
10:04:21,6.39,-0.01,104,66529,卖盘,002490,2025-10-17 22:47:50
10:04:24,6.39,0.0,58,37077,卖盘,002490,2025-10-17 22:47:50
10:04:27,6.39,0.0,314,200651,卖盘,002490,2025-10-17 22:47:50
10:04:30,6.38,-0.01,10,6380,卖盘,002490,2025-10-17 22:47:50
10:04:33,6.38,0.0,594,378982,卖盘,002490,2025-10-17 22:47:50
10:04:36,6.39,0.01,494,315310,买盘,002490,2025-10-17 22:47:50
10:04:39,6.38,-0.01,155,98872,中性盘,002490,2025-10-17 22:47:50
10:04:42,6.38,0.0,125,79673,买盘,002490,2025-10-17 22:47:50
10:04:45,6.37,-0.01,45,28666,卖盘,002490,2025-10-17 22:47:50
10:04:48,6.37,0.0,168,107074,卖盘,002490,2025-10-17 22:47:50
10:04:51,6.37,0.0,17,10829,买盘,002490,2025-10-17 22:47:50
10:04:54,6.36,-0.01,68,43259,卖盘,002490,2025-10-17 22:47:50
10:04:57,6.36,0.0,196,124707,卖盘,002490,2025-10-17 22:47:50
10:05:00,6.36,0.0,191,121486,卖盘,002490,2025-10-17 22:47:50
10:05:03,6.36,0.0,261,166011,卖盘,002490,2025-10-17 22:47:50
10:05:06,6.36,0.0,224,142479,买盘,002490,2025-10-17 22:47:50
10:05:09,6.35,-0.01,402,255569,卖盘,002490,2025-10-17 22:47:50
10:05:12,6.36,0.01,62,39374,买盘,002490,2025-10-17 22:47:50
10:05:15,6.36,0.0,84,53369,买盘,002490,2025-10-17 22:47:50
10:05:18,6.36,0.0,164,104200,买盘,002490,2025-10-17 22:47:50
10:05:21,6.36,0.0,339,215384,买盘,002490,2025-10-17 22:47:50
10:05:24,6.35,-0.01,33,20955,卖盘,002490,2025-10-17 22:47:50
10:05:27,6.35,0.0,311,197528,卖盘,002490,2025-10-17 22:47:50
10:05:30,6.35,0.0,302,191770,卖盘,002490,2025-10-17 22:47:50
10:05:33,6.35,0.0,223,141605,买盘,002490,2025-10-17 22:47:50
10:05:36,6.35,0.0,293,186055,买盘,002490,2025-10-17 22:47:50
10:05:39,6.35,0.0,1668,1061507,卖盘,002490,2025-10-17 22:47:50
10:05:42,6.36,0.01,57,36269,卖盘,002490,2025-10-17 22:47:50
10:05:45,6.36,0.0,44,27984,卖盘,002490,2025-10-17 22:47:50
10:05:48,6.36,0.0,110,69942,买盘,002490,2025-10-17 22:47:50
10:05:51,6.36,0.0,61,38805,买盘,002490,2025-10-17 22:47:50
10:05:54,6.36,0.0,76,48364,卖盘,002490,2025-10-17 22:47:50
10:05:57,6.36,0.0,32,20352,卖盘,002490,2025-10-17 22:47:50
10:06:00,6.36,0.0,197,125421,卖盘,002490,2025-10-17 22:47:50
10:06:03,6.36,0.0,193,122751,卖盘,002490,2025-10-17 22:47:50
10:06:06,6.36,0.0,76,48336,买盘,002490,2025-10-17 22:47:50
10:06:09,6.37,0.01,126,80216,中性盘,002490,2025-10-17 22:47:50
10:06:12,6.36,-0.01,66,41976,卖盘,002490,2025-10-17 22:47:50
10:06:18,6.38,0.02,300,190982,买盘,002490,2025-10-17 22:47:50
10:06:21,6.36,-0.02,64,40826,卖盘,002490,2025-10-17 22:47:50
10:06:24,6.37,0.01,4,2545,中性盘,002490,2025-10-17 22:47:50
10:06:27,6.37,0.0,7,4459,买盘,002490,2025-10-17 22:47:50
10:06:30,6.37,0.0,50,31858,买盘,002490,2025-10-17 22:47:50
10:06:33,6.37,0.0,11,6999,买盘,002490,2025-10-17 22:47:50
10:06:36,6.37,0.0,231,147147,卖盘,002490,2025-10-17 22:47:50
10:06:39,6.37,0.0,173,110101,买盘,002490,2025-10-17 22:47:50
10:06:42,6.37,0.0,130,82832,买盘,002490,2025-10-17 22:47:50
10:06:45,6.37,0.0,55,35031,买盘,002490,2025-10-17 22:47:50
10:06:48,6.37,0.0,133,84721,卖盘,002490,2025-10-17 22:47:50
10:06:51,6.37,0.0,68,43316,卖盘,002490,2025-10-17 22:47:50
10:06:54,6.38,0.01,176,112259,买盘,002490,2025-10-17 22:47:50
10:06:57,6.38,0.0,89,56736,买盘,002490,2025-10-17 22:47:50
10:07:00,6.38,0.0,114,72656,买盘,002490,2025-10-17 22:47:50
10:07:03,6.37,-0.01,126,80307,卖盘,002490,2025-10-17 22:47:50
10:07:06,6.37,0.0,173,110201,卖盘,002490,2025-10-17 22:47:50
10:07:09,6.37,0.0,5,3185,买盘,002490,2025-10-17 22:47:50
10:07:12,6.36,-0.01,17,10819,卖盘,002490,2025-10-17 22:47:50
10:07:15,6.37,0.01,290,184743,买盘,002490,2025-10-17 22:47:50
10:07:18,6.36,-0.01,126,80180,卖盘,002490,2025-10-17 22:47:50
10:07:21,6.37,0.01,42,26754,买盘,002490,2025-10-17 22:47:50
10:07:24,6.37,0.0,184,117045,买盘,002490,2025-10-17 22:47:50
10:07:27,6.36,-0.01,168,106910,卖盘,002490,2025-10-17 22:47:50
10:07:30,6.36,0.0,43,27360,卖盘,002490,2025-10-17 22:47:50
10:07:33,6.36,0.0,62,39439,卖盘,002490,2025-10-17 22:47:50
10:07:36,6.36,0.0,72,45792,卖盘,002490,2025-10-17 22:47:50
10:07:39,6.36,0.0,60,38160,卖盘,002490,2025-10-17 22:47:50
10:07:42,6.36,0.0,5,3180,买盘,002490,2025-10-17 22:47:50
10:07:45,6.35,-0.01,21,13335,卖盘,002490,2025-10-17 22:47:50
10:07:48,6.35,0.0,72,45750,卖盘,002490,2025-10-17 22:47:50
10:07:51,6.35,0.0,154,97912,卖盘,002490,2025-10-17 22:47:50
10:07:54,6.35,0.0,519,329565,卖盘,002490,2025-10-17 22:47:50
10:07:57,6.35,0.0,26,16510,买盘,002490,2025-10-17 22:47:50
10:08:00,6.34,-0.01,55,34876,卖盘,002490,2025-10-17 22:47:50
10:08:03,6.35,0.01,84,53303,买盘,002490,2025-10-17 22:47:50
10:08:06,6.34,-0.01,278,176262,卖盘,002490,2025-10-17 22:47:50
10:08:09,6.35,0.01,150,95245,买盘,002490,2025-10-17 22:47:50
10:08:12,6.34,-0.01,221,140134,卖盘,002490,2025-10-17 22:47:50
10:08:15,6.34,0.0,354,224510,卖盘,002490,2025-10-17 22:47:50
10:08:18,6.34,0.0,49,31068,卖盘,002490,2025-10-17 22:47:50
10:08:21,6.35,0.01,16,10154,买盘,002490,2025-10-17 22:47:50
10:08:24,6.34,-0.01,59,37415,卖盘,002490,2025-10-17 22:47:50
10:08:27,6.34,0.0,50,31711,卖盘,002490,2025-10-17 22:47:50
10:08:30,6.35,0.01,1649,1048255,买盘,002490,2025-10-17 22:47:50
10:08:33,6.35,0.0,123,78180,卖盘,002490,2025-10-17 22:47:50
10:08:36,6.35,0.0,324,205974,卖盘,002490,2025-10-17 22:47:50
10:08:39,6.36,0.01,313,198830,中性盘,002490,2025-10-17 22:47:50
10:08:42,6.36,0.0,42,26710,买盘,002490,2025-10-17 22:47:50
10:08:45,6.36,0.0,19,12101,卖盘,002490,2025-10-17 22:47:50
10:08:48,6.37,0.01,237,150760,买盘,002490,2025-10-17 22:47:50
10:08:51,6.36,-0.01,95,60420,卖盘,002490,2025-10-17 22:47:50
10:08:54,6.37,0.01,172,109438,买盘,002490,2025-10-17 22:47:50
10:08:57,6.37,0.0,146,93003,买盘,002490,2025-10-17 22:47:50
10:09:00,6.37,0.0,44,28020,卖盘,002490,2025-10-17 22:47:50
10:09:03,6.37,0.0,190,120947,买盘,002490,2025-10-17 22:47:50
10:09:06,6.37,0.0,86,54795,卖盘,002490,2025-10-17 22:47:50
10:09:09,6.35,-0.02,841,534982,卖盘,002490,2025-10-17 22:47:50
10:09:12,6.34,-0.01,949,601876,卖盘,002490,2025-10-17 22:47:50
10:09:15,6.33,-0.01,121,76742,卖盘,002490,2025-10-17 22:47:50
10:09:18,6.33,0.0,224,141815,卖盘,002490,2025-10-17 22:47:50
10:09:21,6.33,0.0,140,88620,卖盘,002490,2025-10-17 22:47:50
10:09:24,6.33,0.0,393,248850,卖盘,002490,2025-10-17 22:47:50
10:09:27,6.36,0.03,792,502720,买盘,002490,2025-10-17 22:47:50
10:09:30,6.34,-0.02,249,157699,中性盘,002490,2025-10-17 22:47:50
10:09:33,6.34,0.0,76,48144,买盘,002490,2025-10-17 22:47:50
10:09:36,6.34,0.0,42,26593,买盘,002490,2025-10-17 22:47:50
10:09:39,6.32,-0.02,671,424638,卖盘,002490,2025-10-17 22:47:50
10:09:42,6.33,0.01,68,43044,买盘,002490,2025-10-17 22:47:50
10:09:45,6.34,0.01,97,61424,买盘,002490,2025-10-17 22:47:50
10:09:48,6.33,-0.01,329,208204,卖盘,002490,2025-10-17 22:47:50
10:09:51,6.34,0.01,52,32944,买盘,002490,2025-10-17 22:47:50
10:09:54,6.33,-0.01,67,42411,卖盘,002490,2025-10-17 22:47:50
10:09:57,6.34,0.01,18,11395,买盘,002490,2025-10-17 22:47:50
10:10:00,6.33,-0.01,60,38006,卖盘,002490,2025-10-17 22:47:50
10:10:03,6.34,0.01,124,78550,买盘,002490,2025-10-17 22:47:50
10:10:06,6.34,0.0,399,252945,买盘,002490,2025-10-17 22:47:50
10:10:09,6.34,0.0,40,25350,买盘,002490,2025-10-17 22:47:50
10:10:12,6.33,-0.01,124,78595,卖盘,002490,2025-10-17 22:47:50
10:10:15,6.34,0.01,172,109050,买盘,002490,2025-10-17 22:47:50
10:10:18,6.35,0.01,95,60270,买盘,002490,2025-10-17 22:47:50
10:10:21,6.35,0.0,130,82447,买盘,002490,2025-10-17 22:47:50
10:10:24,6.35,0.0,73,46355,买盘,002490,2025-10-17 22:47:50
10:10:27,6.34,-0.01,139,88130,卖盘,002490,2025-10-17 22:47:50
10:10:30,6.34,0.0,20,12680,买盘,002490,2025-10-17 22:47:50
10:10:33,6.34,0.0,47,29797,买盘,002490,2025-10-17 22:47:50
10:10:36,6.35,0.01,67,42490,买盘,002490,2025-10-17 22:47:50
10:10:39,6.33,-0.02,74,46947,卖盘,002490,2025-10-17 22:47:50
10:10:42,6.34,0.01,14,8875,买盘,002490,2025-10-17 22:47:50
10:10:45,6.34,0.0,67,42456,买盘,002490,2025-10-17 22:47:50
10:10:48,6.33,-0.01,50,31665,卖盘,002490,2025-10-17 22:47:50
10:10:51,6.34,0.01,200,126800,卖盘,002490,2025-10-17 22:47:50
10:10:54,6.34,0.0,60,38054,卖盘,002490,2025-10-17 22:47:50
10:10:57,6.34,0.0,39,24726,卖盘,002490,2025-10-17 22:47:50
10:11:00,6.34,0.0,19,12048,买盘,002490,2025-10-17 22:47:50
10:11:03,6.34,0.0,8,5066,买盘,002490,2025-10-17 22:47:50
10:11:06,6.35,0.01,111,70398,买盘,002490,2025-10-17 22:47:50
10:11:09,6.35,0.0,106,67310,买盘,002490,2025-10-17 22:47:50
10:11:12,6.34,-0.01,36,22828,卖盘,002490,2025-10-17 22:47:50
10:11:15,6.35,0.01,254,161280,买盘,002490,2025-10-17 22:47:50
10:11:18,6.35,0.0,49,31088,买盘,002490,2025-10-17 22:47:50
10:11:21,6.35,0.0,72,45687,买盘,002490,2025-10-17 22:47:50
10:11:24,6.35,0.0,271,172082,买盘,002490,2025-10-17 22:47:50
10:11:27,6.37,0.02,2141,1360481,买盘,002490,2025-10-17 22:47:50
10:11:30,6.39,0.02,1014,647487,买盘,002490,2025-10-17 22:47:50
10:11:33,6.4,0.01,184,117746,买盘,002490,2025-10-17 22:47:50
10:11:36,6.4,0.0,208,133120,买盘,002490,2025-10-17 22:47:50
10:11:39,6.4,0.0,223,142631,买盘,002490,2025-10-17 22:47:50
10:11:42,6.4,0.0,182,116486,买盘,002490,2025-10-17 22:47:50
10:11:45,6.4,0.0,258,165020,卖盘,002490,2025-10-17 22:47:50
10:11:48,6.4,0.0,480,307526,买盘,002490,2025-10-17 22:47:50
10:11:51,6.41,0.01,206,131910,中性盘,002490,2025-10-17 22:47:50
10:11:54,6.41,0.0,99,63519,卖盘,002490,2025-10-17 22:47:50
10:11:57,6.42,0.01,103,66117,买盘,002490,2025-10-17 22:47:50
10:12:00,6.42,0.0,351,225342,买盘,002490,2025-10-17 22:47:50
10:12:03,6.43,0.01,1157,743654,买盘,002490,2025-10-17 22:47:50
10:12:06,6.46,0.03,2621,1690027,买盘,002490,2025-10-17 22:47:50
10:12:09,6.52,0.06,9835,6386512,买盘,002490,2025-10-17 22:47:50
10:12:12,6.56,0.04,7873,5152474,买盘,002490,2025-10-17 22:47:50
10:12:15,6.57,0.01,1470,964779,买盘,002490,2025-10-17 22:47:50
10:12:18,6.57,0.0,705,463043,买盘,002490,2025-10-17 22:47:50
10:12:21,6.57,0.0,2143,1407046,买盘,002490,2025-10-17 22:47:50
10:12:24,6.52,-0.05,888,582535,卖盘,002490,2025-10-17 22:47:50
10:12:27,6.54,0.02,417,272206,买盘,002490,2025-10-17 22:47:50
10:12:30,6.52,-0.02,499,324654,买盘,002490,2025-10-17 22:47:50
10:12:33,6.52,0.0,805,523881,买盘,002490,2025-10-17 22:47:50
10:12:36,6.52,0.0,666,433956,买盘,002490,2025-10-17 22:47:50
10:12:39,6.5,-0.02,1387,902734,卖盘,002490,2025-10-17 22:47:50
10:12:42,6.5,0.0,643,417592,买盘,002490,2025-10-17 22:47:50
10:12:45,6.46,-0.04,317,205620,卖盘,002490,2025-10-17 22:47:50
10:12:48,6.49,0.03,226,146656,买盘,002490,2025-10-17 22:47:50
10:12:51,6.49,0.0,202,130819,买盘,002490,2025-10-17 22:47:50
10:12:54,6.49,0.0,885,574714,卖盘,002490,2025-10-17 22:47:50
10:12:57,6.49,0.0,188,121918,买盘,002490,2025-10-17 22:47:50
10:13:00,6.47,-0.02,268,173700,买盘,002490,2025-10-17 22:47:50
10:13:03,6.49,0.02,1088,705536,买盘,002490,2025-10-17 22:47:50
10:13:06,6.47,-0.02,84,54348,卖盘,002490,2025-10-17 22:47:50
10:13:09,6.47,0.0,729,472631,买盘,002490,2025-10-17 22:47:50
10:13:12,6.46,-0.01,92,59468,卖盘,002490,2025-10-17 22:47:50
10:13:15,6.46,0.0,263,169867,卖盘,002490,2025-10-17 22:47:50
10:13:18,6.47,0.01,756,488338,买盘,002490,2025-10-17 22:47:50
10:13:21,6.47,0.0,1579,1019368,买盘,002490,2025-10-17 22:47:50
10:13:24,6.47,0.0,611,395189,买盘,002490,2025-10-17 22:47:50
10:13:27,6.47,0.0,1808,1169864,买盘,002490,2025-10-17 22:47:50
10:13:30,6.46,-0.01,120,77615,卖盘,002490,2025-10-17 22:47:50
10:13:33,6.46,0.0,108,69753,买盘,002490,2025-10-17 22:47:50
10:13:36,6.46,0.0,410,264824,买盘,002490,2025-10-17 22:47:50
10:13:39,6.46,0.0,272,175588,中性盘,002490,2025-10-17 22:47:50
10:13:42,6.45,-0.01,255,164181,中性盘,002490,2025-10-17 22:47:50
10:13:45,6.45,0.0,258,166466,买盘,002490,2025-10-17 22:47:50
10:13:48,6.45,0.0,212,136588,买盘,002490,2025-10-17 22:47:50
10:13:51,6.43,-0.02,874,563552,卖盘,002490,2025-10-17 22:47:50
10:13:54,6.45,0.02,32,20623,卖盘,002490,2025-10-17 22:47:50
10:13:57,6.46,0.01,534,344273,买盘,002490,2025-10-17 22:47:50
10:14:00,6.47,0.01,626,404187,买盘,002490,2025-10-17 22:47:50
10:14:03,6.47,0.0,1692,1094548,买盘,002490,2025-10-17 22:47:50
10:14:06,6.47,0.0,642,415105,卖盘,002490,2025-10-17 22:47:50
10:14:09,6.48,0.01,145,93866,买盘,002490,2025-10-17 22:47:50
10:14:12,6.47,-0.01,235,152091,卖盘,002490,2025-10-17 22:47:50
10:14:15,6.48,0.01,354,229301,买盘,002490,2025-10-17 22:47:50
10:14:18,6.46,-0.02,825,534139,卖盘,002490,2025-10-17 22:47:50
10:14:21,6.46,0.0,501,324329,卖盘,002490,2025-10-17 22:47:50
10:14:24,6.47,0.01,63,40761,买盘,002490,2025-10-17 22:47:50
10:14:27,6.46,-0.01,119,76986,卖盘,002490,2025-10-17 22:47:50
10:14:30,6.47,0.01,263,169960,买盘,002490,2025-10-17 22:47:50
10:14:33,6.46,-0.01,240,155192,中性盘,002490,2025-10-17 22:47:50
10:14:36,6.46,0.0,265,171302,买盘,002490,2025-10-17 22:47:50
10:14:39,6.46,0.0,289,186797,卖盘,002490,2025-10-17 22:47:50
10:14:42,6.47,0.01,352,227616,买盘,002490,2025-10-17 22:47:50
10:14:45,6.47,0.0,902,583268,买盘,002490,2025-10-17 22:47:50
10:14:48,6.47,0.0,491,317740,卖盘,002490,2025-10-17 22:47:50
10:14:51,6.47,0.0,293,189653,卖盘,002490,2025-10-17 22:47:50
10:14:54,6.47,0.0,273,176778,卖盘,002490,2025-10-17 22:47:50
10:14:57,6.48,0.01,402,260204,买盘,002490,2025-10-17 22:47:50
10:15:00,6.49,0.01,772,500193,买盘,002490,2025-10-17 22:47:50
10:15:03,6.49,0.0,1423,923201,买盘,002490,2025-10-17 22:47:50
10:15:06,6.49,0.0,584,378886,买盘,002490,2025-10-17 22:47:50
10:15:09,6.45,-0.04,3545,2287204,卖盘,002490,2025-10-17 22:47:50
10:15:12,6.45,0.0,209,134805,买盘,002490,2025-10-17 22:47:50
10:15:15,6.44,-0.01,144,92733,中性盘,002490,2025-10-17 22:47:50
10:15:18,6.44,0.0,236,151899,买盘,002490,2025-10-17 22:47:50
10:15:21,6.44,0.0,68,43762,买盘,002490,2025-10-17 22:47:50
10:15:24,6.43,-0.01,1017,653931,卖盘,002490,2025-10-17 22:47:50
10:15:27,6.42,-0.01,412,264855,卖盘,002490,2025-10-17 22:47:50
10:15:30,6.42,0.0,114,73226,卖盘,002490,2025-10-17 22:47:50
10:15:33,6.41,-0.01,167,107157,卖盘,002490,2025-10-17 22:47:50
10:15:36,6.4,-0.01,209,133964,卖盘,002490,2025-10-17 22:47:50
10:15:39,6.41,0.01,35,22435,买盘,002490,2025-10-17 22:47:50
10:15:42,6.41,0.0,423,270731,买盘,002490,2025-10-17 22:47:50
10:15:45,6.39,-0.02,285,182479,卖盘,002490,2025-10-17 22:47:50
10:15:48,6.39,0.0,182,116387,卖盘,002490,2025-10-17 22:47:50
10:15:51,6.4,0.01,56,35806,买盘,002490,2025-10-17 22:47:50
10:15:54,6.4,0.0,50,32013,卖盘,002490,2025-10-17 22:47:50
10:15:57,6.41,0.01,147,94135,买盘,002490,2025-10-17 22:47:50
10:16:00,6.42,0.01,245,157037,买盘,002490,2025-10-17 22:47:50
10:16:03,6.43,0.01,164,105310,买盘,002490,2025-10-17 22:47:50
10:16:06,6.43,0.0,72,46295,买盘,002490,2025-10-17 22:47:50
10:16:09,6.44,0.01,153,98384,买盘,002490,2025-10-17 22:47:50
10:16:12,6.44,0.0,28,18027,买盘,002490,2025-10-17 22:47:50
10:16:15,6.44,0.0,112,72070,中性盘,002490,2025-10-17 22:47:50
10:16:18,6.44,0.0,370,238377,卖盘,002490,2025-10-17 22:47:50
10:16:21,6.44,0.0,246,158414,买盘,002490,2025-10-17 22:47:50
10:16:24,6.45,0.01,455,293252,买盘,002490,2025-10-17 22:47:50
10:16:27,6.45,0.0,12,7740,卖盘,002490,2025-10-17 22:47:50
10:16:30,6.46,0.01,112,72274,买盘,002490,2025-10-17 22:47:50
10:16:33,6.46,0.0,282,182030,买盘,002490,2025-10-17 22:47:50
10:16:36,6.47,0.01,131,84592,买盘,002490,2025-10-17 22:47:50
10:16:39,6.46,-0.01,128,82625,买盘,002490,2025-10-17 22:47:50
10:16:42,6.46,0.0,261,168615,买盘,002490,2025-10-17 22:47:50
10:16:45,6.46,0.0,64,41344,卖盘,002490,2025-10-17 22:47:50
10:16:48,6.46,0.0,329,212526,卖盘,002490,2025-10-17 22:47:50
10:16:51,6.46,0.0,86,55550,中性盘,002490,2025-10-17 22:47:50
10:16:54,6.46,0.0,169,109270,卖盘,002490,2025-10-17 22:47:50
10:16:57,6.46,0.0,169,109138,买盘,002490,2025-10-17 22:47:50
10:17:00,6.46,0.0,106,68461,买盘,002490,2025-10-17 22:47:50
10:17:03,6.45,-0.01,77,49682,卖盘,002490,2025-10-17 22:47:50
10:17:06,6.45,0.0,359,231664,卖盘,002490,2025-10-17 22:47:50
10:17:09,6.45,0.0,200,129016,卖盘,002490,2025-10-17 22:47:50
10:17:12,6.45,0.0,275,177454,卖盘,002490,2025-10-17 22:47:50
10:17:15,6.45,0.0,236,152373,卖盘,002490,2025-10-17 22:47:50
10:17:18,6.42,-0.03,543,349192,卖盘,002490,2025-10-17 22:47:50
10:17:21,6.42,0.0,58,37317,卖盘,002490,2025-10-17 22:47:50
10:17:24,6.42,0.0,39,25038,买盘,002490,2025-10-17 22:47:50
10:17:27,6.42,0.0,99,63527,买盘,002490,2025-10-17 22:47:50
10:17:30,6.42,0.0,30,19240,买盘,002490,2025-10-17 22:47:50
10:17:33,6.41,-0.01,195,125009,卖盘,002490,2025-10-17 22:47:50
10:17:36,6.42,0.01,99,63592,买盘,002490,2025-10-17 22:47:50
10:17:39,6.42,0.0,105,67425,卖盘,002490,2025-10-17 22:47:50
10:17:42,6.42,0.0,19,12198,卖盘,002490,2025-10-17 22:47:50
10:17:45,6.42,0.0,90,57780,卖盘,002490,2025-10-17 22:47:50
10:17:48,6.42,0.0,71,45535,买盘,002490,2025-10-17 22:47:50
10:17:51,6.41,-0.01,67,42977,卖盘,002490,2025-10-17 22:47:50
10:17:54,6.42,0.01,82,52644,买盘,002490,2025-10-17 22:47:50
10:17:57,6.42,0.0,40,25680,卖盘,002490,2025-10-17 22:47:50
10:18:00,6.42,0.0,74,47531,卖盘,002490,2025-10-17 22:47:50
10:18:03,6.43,0.01,50,32117,中性盘,002490,2025-10-17 22:47:50
10:18:06,6.43,0.0,56,36000,买盘,002490,2025-10-17 22:47:50
10:18:09,6.43,0.0,38,24429,买盘,002490,2025-10-17 22:47:50
10:18:12,6.43,0.0,184,118312,买盘,002490,2025-10-17 22:47:50
10:18:15,6.43,0.0,432,277722,买盘,002490,2025-10-17 22:47:50
10:18:18,6.42,-0.01,254,163195,卖盘,002490,2025-10-17 22:47:50
10:18:21,6.43,0.01,51,32793,卖盘,002490,2025-10-17 22:47:50
10:18:24,6.43,0.0,281,180936,卖盘,002490,2025-10-17 22:47:50
10:18:27,6.43,0.0,169,108807,卖盘,002490,2025-10-17 22:47:50
10:18:30,6.44,0.01,231,148536,买盘,002490,2025-10-17 22:47:50
10:18:33,6.44,0.0,60,38640,买盘,002490,2025-10-17 22:47:50
10:18:36,6.44,0.0,88,56672,买盘,002490,2025-10-17 22:47:50
10:18:39,6.44,0.0,478,307625,卖盘,002490,2025-10-17 22:47:50
10:18:42,6.44,0.0,7,4508,买盘,002490,2025-10-17 22:47:50
10:18:45,6.42,-0.02,764,490504,卖盘,002490,2025-10-17 22:47:50
10:18:48,6.42,0.0,239,153438,卖盘,002490,2025-10-17 22:47:50
10:18:51,6.42,0.0,47,30172,买盘,002490,2025-10-17 22:47:50
10:18:54,6.43,0.01,5,3215,买盘,002490,2025-10-17 22:47:50
10:19:00,6.42,-0.01,89,57138,卖盘,002490,2025-10-17 22:47:50
10:19:03,6.42,0.0,73,46866,买盘,002490,2025-10-17 22:47:50
10:19:06,6.42,0.0,4,2568,买盘,002490,2025-10-17 22:47:50
10:19:09,6.42,0.0,16,10267,买盘,002490,2025-10-17 22:47:50
10:19:12,6.42,0.0,160,102593,买盘,002490,2025-10-17 22:47:50
10:19:15,6.42,0.0,100,64200,买盘,002490,2025-10-17 22:47:50
10:19:18,6.42,0.0,6,3852,买盘,002490,2025-10-17 22:47:50
10:19:21,6.41,-0.01,143,91763,卖盘,002490,2025-10-17 22:47:50
10:19:24,6.43,0.02,61,39133,买盘,002490,2025-10-17 22:47:50
10:19:27,6.42,-0.01,392,251282,买盘,002490,2025-10-17 22:47:50
10:19:30,6.42,0.0,14,8983,买盘,002490,2025-10-17 22:47:50
10:19:33,6.42,0.0,7,4494,买盘,002490,2025-10-17 22:47:50
10:19:36,6.42,0.0,19,12189,买盘,002490,2025-10-17 22:47:50
10:19:39,6.41,-0.01,122,78222,卖盘,002490,2025-10-17 22:47:50
10:19:42,6.41,0.0,39,24999,买盘,002490,2025-10-17 22:47:50
10:19:45,6.4,-0.01,19,12172,卖盘,002490,2025-10-17 22:47:50
10:19:48,6.4,0.0,69,44207,卖盘,002490,2025-10-17 22:47:50
10:19:51,6.4,0.0,97,62096,卖盘,002490,2025-10-17 22:47:50
10:19:54,6.4,0.0,98,62737,卖盘,002490,2025-10-17 22:47:50
10:19:57,6.4,0.0,39,24960,卖盘,002490,2025-10-17 22:47:50
10:20:00,6.4,0.0,34,21760,卖盘,002490,2025-10-17 22:47:50
10:20:03,6.4,0.0,16,10240,卖盘,002490,2025-10-17 22:47:50
10:20:06,6.4,0.0,149,95381,卖盘,002490,2025-10-17 22:47:50
10:20:09,6.41,0.01,277,177353,买盘,002490,2025-10-17 22:47:50
10:20:12,6.41,0.0,182,116511,买盘,002490,2025-10-17 22:47:50
10:20:15,6.42,0.01,147,94228,买盘,002490,2025-10-17 22:47:50
10:20:18,6.42,0.0,21,13471,买盘,002490,2025-10-17 22:47:50
10:20:21,6.42,0.0,86,55208,买盘,002490,2025-10-17 22:47:50
10:20:24,6.41,-0.01,79,50641,卖盘,002490,2025-10-17 22:47:50
10:20:27,6.41,0.0,25,16045,卖盘,002490,2025-10-17 22:47:50
10:20:30,6.42,0.01,311,199646,买盘,002490,2025-10-17 22:47:50
10:20:33,6.42,0.0,41,26322,卖盘,002490,2025-10-17 22:47:50
10:20:36,6.42,0.0,144,92448,卖盘,002490,2025-10-17 22:47:50
10:20:39,6.43,0.01,182,116932,买盘,002490,2025-10-17 22:47:50
10:20:42,6.43,0.0,35,22475,买盘,002490,2025-10-17 22:47:50
10:20:45,6.43,0.0,102,65475,买盘,002490,2025-10-17 22:47:50
10:20:51,6.42,-0.01,138,88634,买盘,002490,2025-10-17 22:47:50
10:20:54,6.42,0.0,48,30821,卖盘,002490,2025-10-17 22:47:50
10:20:57,6.43,0.01,157,100848,买盘,002490,2025-10-17 22:47:50
10:21:00,6.41,-0.02,788,505384,卖盘,002490,2025-10-17 22:47:50
10:21:03,6.41,0.0,47,30127,买盘,002490,2025-10-17 22:47:50
10:21:06,6.42,0.01,173,111010,买盘,002490,2025-10-17 22:47:50
10:21:09,6.41,-0.01,157,100637,买盘,002490,2025-10-17 22:47:50
10:21:12,6.41,0.0,115,73715,买盘,002490,2025-10-17 22:47:50
10:21:15,6.41,0.0,13,8333,买盘,002490,2025-10-17 22:47:50
10:21:18,6.41,0.0,55,35234,买盘,002490,2025-10-17 22:47:50
10:21:21,6.41,0.0,1,641,买盘,002490,2025-10-17 22:47:50
10:21:24,6.41,0.0,70,44860,买盘,002490,2025-10-17 22:47:50
10:21:27,6.41,0.0,183,117176,卖盘,002490,2025-10-17 22:47:50
10:21:30,6.41,0.0,45,28830,卖盘,002490,2025-10-17 22:47:50
10:21:33,6.41,0.0,34,21793,买盘,002490,2025-10-17 22:47:50
10:21:36,6.41,0.0,49,31397,卖盘,002490,2025-10-17 22:47:50
10:21:39,6.41,0.0,64,41031,卖盘,002490,2025-10-17 22:47:50
10:21:42,6.41,0.0,383,245603,卖盘,002490,2025-10-17 22:47:50
10:21:45,6.41,0.0,12,7692,卖盘,002490,2025-10-17 22:47:50
10:21:48,6.41,0.0,3,1923,买盘,002490,2025-10-17 22:47:50
10:21:51,6.42,0.01,219,140398,买盘,002490,2025-10-17 22:47:50
10:21:54,6.42,0.0,45,28850,买盘,002490,2025-10-17 22:47:50
10:21:57,6.42,0.0,15,9627,买盘,002490,2025-10-17 22:47:50
10:22:00,6.42,0.0,3,1926,买盘,002490,2025-10-17 22:47:50
10:22:03,6.41,-0.01,109,69869,卖盘,002490,2025-10-17 22:47:50
10:22:06,6.41,0.0,50,32070,卖盘,002490,2025-10-17 22:47:50
10:22:09,6.41,0.0,56,35896,卖盘,002490,2025-10-17 22:47:50
10:22:12,6.42,0.01,68,43649,买盘,002490,2025-10-17 22:47:50
10:22:15,6.42,0.0,25,16050,买盘,002490,2025-10-17 22:47:50
10:22:21,6.41,-0.01,27,17316,卖盘,002490,2025-10-17 22:47:50
10:22:24,6.42,0.01,6,3852,买盘,002490,2025-10-17 22:47:50
10:22:27,6.42,0.0,55,35295,买盘,002490,2025-10-17 22:47:50
10:22:30,6.41,-0.01,108,69310,卖盘,002490,2025-10-17 22:47:50
10:22:33,6.41,0.0,150,96230,卖盘,002490,2025-10-17 22:47:50
10:22:36,6.42,0.01,5,3210,买盘,002490,2025-10-17 22:47:50
10:22:42,6.41,-0.01,60,38500,卖盘,002490,2025-10-17 22:47:50
10:22:45,6.42,0.01,4,2568,买盘,002490,2025-10-17 22:47:50
10:22:48,6.42,0.0,65,41700,买盘,002490,2025-10-17 22:47:50
10:22:51,6.42,0.0,161,103362,买盘,002490,2025-10-17 22:47:50
10:22:54,6.42,0.0,214,137204,买盘,002490,2025-10-17 22:47:50
10:22:57,6.42,0.0,407,260932,买盘,002490,2025-10-17 22:47:50
10:23:00,6.41,-0.01,197,126307,卖盘,002490,2025-10-17 22:47:50
10:23:03,6.41,0.0,71,45511,买盘,002490,2025-10-17 22:47:50
10:23:06,6.41,0.0,63,40383,买盘,002490,2025-10-17 22:47:50
10:23:09,6.41,0.0,62,39742,买盘,002490,2025-10-17 22:47:50
10:23:12,6.4,-0.01,5,3204,卖盘,002490,2025-10-17 22:47:50
10:23:15,6.41,0.01,1,641,买盘,002490,2025-10-17 22:47:50
10:23:18,6.41,0.0,2,1282,买盘,002490,2025-10-17 22:47:50
10:23:21,6.41,0.0,10,6410,买盘,002490,2025-10-17 22:47:50
10:23:24,6.41,0.0,4,2564,买盘,002490,2025-10-17 22:47:50
10:23:27,6.41,0.0,103,66023,买盘,002490,2025-10-17 22:47:50
10:23:30,6.41,0.0,442,283322,买盘,002490,2025-10-17 22:47:50
10:23:33,6.41,0.0,92,58972,卖盘,002490,2025-10-17 22:47:50
10:23:36,6.41,0.0,25,16025,卖盘,002490,2025-10-17 22:47:50
10:23:39,6.41,0.0,64,41026,卖盘,002490,2025-10-17 22:47:50
10:23:42,6.42,0.01,234,150106,买盘,002490,2025-10-17 22:47:50
10:23:45,6.41,-0.01,679,435814,卖盘,002490,2025-10-17 22:47:50
10:23:48,6.42,0.01,311,199633,买盘,002490,2025-10-17 22:47:50
10:23:51,6.42,0.0,75,48100,买盘,002490,2025-10-17 22:47:50
10:23:54,6.42,0.0,118,75756,买盘,002490,2025-10-17 22:47:50
10:23:57,6.42,0.0,58,37236,卖盘,002490,2025-10-17 22:47:50
10:24:00,6.42,0.0,4,2568,买盘,002490,2025-10-17 22:47:50
10:24:03,6.42,0.0,35,22470,买盘,002490,2025-10-17 22:47:50
10:24:09,6.42,0.0,131,84097,买盘,002490,2025-10-17 22:47:50
10:24:12,6.42,0.0,108,69336,卖盘,002490,2025-10-17 22:47:50
10:24:15,6.42,0.0,507,325494,卖盘,002490,2025-10-17 22:47:50
10:24:18,6.42,0.0,266,170772,卖盘,002490,2025-10-17 22:47:50
10:24:21,6.43,0.01,31,19918,买盘,002490,2025-10-17 22:47:50
10:24:24,6.43,0.0,168,107957,买盘,002490,2025-10-17 22:47:50
10:24:27,6.42,-0.01,20,12840,卖盘,002490,2025-10-17 22:47:50
10:24:30,6.42,0.0,31,19907,卖盘,002490,2025-10-17 22:47:50
10:24:36,6.43,0.01,94,60363,买盘,002490,2025-10-17 22:47:50
10:24:39,6.42,-0.01,5,3210,卖盘,002490,2025-10-17 22:47:50
10:24:45,6.43,0.01,29,18632,买盘,002490,2025-10-17 22:47:50
10:24:48,6.42,-0.01,100,64210,卖盘,002490,2025-10-17 22:47:50
10:24:51,6.43,0.01,1,643,买盘,002490,2025-10-17 22:47:50
10:24:54,6.42,-0.01,215,138030,卖盘,002490,2025-10-17 22:47:50
10:24:57,6.42,0.0,157,100794,买盘,002490,2025-10-17 22:47:50
10:25:00,6.42,0.0,11,7062,买盘,002490,2025-10-17 22:47:50
10:25:03,6.4,-0.02,2035,1304287,卖盘,002490,2025-10-17 22:47:50
10:25:06,6.41,0.01,94,60293,中性盘,002490,2025-10-17 22:47:50
10:25:09,6.41,0.0,10,6410,买盘,002490,2025-10-17 22:47:50
10:25:12,6.4,-0.01,7,4482,卖盘,002490,2025-10-17 22:47:50
10:25:15,6.41,0.01,20,12820,买盘,002490,2025-10-17 22:47:50
10:25:18,6.4,-0.01,100,64000,卖盘,002490,2025-10-17 22:47:50
10:25:21,6.4,0.0,5,3200,卖盘,002490,2025-10-17 22:47:50
10:25:24,6.4,0.0,84,53762,卖盘,002490,2025-10-17 22:47:50
10:25:27,6.4,0.0,124,79419,卖盘,002490,2025-10-17 22:47:50
10:25:33,6.41,0.01,7,4486,买盘,002490,2025-10-17 22:47:50
10:25:36,6.4,-0.01,184,117773,卖盘,002490,2025-10-17 22:47:50
10:25:39,6.41,0.01,719,460860,买盘,002490,2025-10-17 22:47:50
10:25:42,6.41,0.0,125,80050,买盘,002490,2025-10-17 22:47:50
10:25:45,6.4,-0.01,17,10880,卖盘,002490,2025-10-17 22:47:50
10:25:48,6.41,0.01,22,14102,中性盘,002490,2025-10-17 22:47:50
10:25:51,6.41,0.0,23,14762,卖盘,002490,2025-10-17 22:47:50
10:25:57,6.41,0.0,170,108970,买盘,002490,2025-10-17 22:47:50
10:26:00,6.41,0.0,12,7692,卖盘,002490,2025-10-17 22:47:50
10:26:03,6.41,0.0,5,3205,中性盘,002490,2025-10-17 22:47:50
10:26:06,6.41,0.0,31,19843,买盘,002490,2025-10-17 22:47:50
10:26:09,6.41,0.0,10,6410,买盘,002490,2025-10-17 22:47:50
10:26:12,6.4,-0.01,264,168986,卖盘,002490,2025-10-17 22:47:50
10:26:15,6.4,0.0,29,18576,卖盘,002490,2025-10-17 22:47:50
10:26:18,6.41,0.01,5,3205,买盘,002490,2025-10-17 22:47:50
10:26:21,6.4,-0.01,142,90891,卖盘,002490,2025-10-17 22:47:50
10:26:27,6.41,0.01,174,111534,买盘,002490,2025-10-17 22:47:50
10:26:30,6.41,0.0,329,210873,买盘,002490,2025-10-17 22:47:50
10:26:33,6.41,0.0,51,32681,买盘,002490,2025-10-17 22:47:50
10:26:36,6.41,0.0,57,36519,买盘,002490,2025-10-17 22:47:50
10:26:39,6.41,0.0,25,16016,买盘,002490,2025-10-17 22:47:50
10:26:42,6.4,-0.01,39,24960,卖盘,002490,2025-10-17 22:47:50
10:26:45,6.4,0.0,34,21760,卖盘,002490,2025-10-17 22:47:50
10:26:48,6.4,0.0,2,1280,卖盘,002490,2025-10-17 22:47:50
10:26:51,6.41,0.01,26,16642,买盘,002490,2025-10-17 22:47:50
10:26:54,6.4,-0.01,73,46720,卖盘,002490,2025-10-17 22:47:50
10:26:57,6.4,0.0,572,366452,卖盘,002490,2025-10-17 22:47:50
10:27:00,6.4,0.0,100,64000,卖盘,002490,2025-10-17 22:47:50
10:27:03,6.41,0.01,62,39682,买盘,002490,2025-10-17 22:47:50
10:27:06,6.41,0.0,5,3205,买盘,002490,2025-10-17 22:47:50
10:27:09,6.41,0.0,108,69126,买盘,002490,2025-10-17 22:47:50
10:27:12,6.41,0.0,34,21794,买盘,002490,2025-10-17 22:47:50
10:27:15,6.41,0.0,102,65366,买盘,002490,2025-10-17 22:47:50
10:27:18,6.4,-0.01,3,1922,卖盘,002490,2025-10-17 22:47:50
10:27:21,6.41,0.01,1,641,买盘,002490,2025-10-17 22:47:50
10:27:24,6.4,-0.01,213,136393,卖盘,002490,2025-10-17 22:47:50
10:27:27,6.4,0.0,6,3842,卖盘,002490,2025-10-17 22:47:50
10:27:30,6.41,0.01,11,7051,买盘,002490,2025-10-17 22:47:50
10:27:33,6.41,0.0,194,124255,买盘,002490,2025-10-17 22:47:50
10:27:36,6.4,-0.01,9,5764,卖盘,002490,2025-10-17 22:47:50
10:27:39,6.4,0.0,206,132045,卖盘,002490,2025-10-17 22:47:50
10:27:45,6.4,0.0,105,67304,卖盘,002490,2025-10-17 22:47:50
10:27:48,6.41,0.01,123,78843,买盘,002490,2025-10-17 22:47:50
10:27:51,6.41,0.0,10,6410,卖盘,002490,2025-10-17 22:47:50
10:27:54,6.41,0.0,40,25640,卖盘,002490,2025-10-17 22:47:50
10:27:57,6.41,0.0,239,153201,卖盘,002490,2025-10-17 22:47:50
10:28:06,6.41,0.0,133,85253,买盘,002490,2025-10-17 22:47:50
10:28:09,6.41,0.0,9,5769,买盘,002490,2025-10-17 22:47:50
10:28:12,6.4,-0.01,29,18587,卖盘,002490,2025-10-17 22:47:50
10:28:15,6.41,0.01,11,7051,买盘,002490,2025-10-17 22:47:50
10:28:21,6.41,0.0,42,26922,买盘,002490,2025-10-17 22:47:50
10:28:24,6.41,0.0,14,8974,买盘,002490,2025-10-17 22:47:50
10:28:27,6.4,-0.01,2,1280,卖盘,002490,2025-10-17 22:47:50
10:28:30,6.41,0.01,142,90922,买盘,002490,2025-10-17 22:47:50
10:28:33,6.41,0.0,192,123005,买盘,002490,2025-10-17 22:47:50
10:28:36,6.41,0.0,5,3201,买盘,002490,2025-10-17 22:47:50
10:28:39,6.41,0.0,192,123072,买盘,002490,2025-10-17 22:47:50
10:28:42,6.4,-0.01,8,5120,卖盘,002490,2025-10-17 22:47:50
10:28:45,6.41,0.01,125,80052,买盘,002490,2025-10-17 22:47:50
10:28:48,6.41,0.0,14,8974,买盘,002490,2025-10-17 22:47:50
10:28:51,6.4,-0.01,80,51200,卖盘,002490,2025-10-17 22:47:50
10:28:54,6.41,0.01,165,105710,买盘,002490,2025-10-17 22:47:50
10:28:57,6.4,-0.01,7,4482,卖盘,002490,2025-10-17 22:47:50
10:29:03,6.4,0.0,91,58317,卖盘,002490,2025-10-17 22:47:50
10:29:06,6.4,0.0,10,6400,卖盘,002490,2025-10-17 22:47:50
10:29:09,6.4,0.0,28,17920,卖盘,002490,2025-10-17 22:47:50
10:29:12,6.4,0.0,1,640,卖盘,002490,2025-10-17 22:47:50
10:29:15,6.4,0.0,16,10240,卖盘,002490,2025-10-17 22:47:50
10:29:18,6.4,0.0,5,3200,卖盘,002490,2025-10-17 22:47:50
10:29:21,6.4,0.0,262,167680,卖盘,002490,2025-10-17 22:47:50
10:29:24,6.4,0.0,5,3200,卖盘,002490,2025-10-17 22:47:50
10:29:27,6.4,0.0,55,35202,卖盘,002490,2025-10-17 22:47:50
10:29:30,6.4,0.0,5,3200,卖盘,002490,2025-10-17 22:47:50
10:29:33,6.4,0.0,200,128000,卖盘,002490,2025-10-17 22:47:50
10:29:36,6.4,0.0,45,28803,卖盘,002490,2025-10-17 22:47:50
10:29:39,6.4,0.0,777,497280,卖盘,002490,2025-10-17 22:47:50
10:29:42,6.39,-0.01,36,23004,卖盘,002490,2025-10-17 22:47:50
10:29:45,6.39,0.0,46,29412,卖盘,002490,2025-10-17 22:47:50
10:29:48,6.39,0.0,1,639,卖盘,002490,2025-10-17 22:47:50
10:29:51,6.4,0.01,2,1280,买盘,002490,2025-10-17 22:47:50
10:29:54,6.39,-0.01,72,46008,卖盘,002490,2025-10-17 22:47:50
10:29:57,6.39,0.0,37,23660,卖盘,002490,2025-10-17 22:47:50
10:30:00,6.39,0.0,307,196173,卖盘,002490,2025-10-17 22:47:50
10:30:03,6.39,0.0,157,100479,卖盘,002490,2025-10-17 22:47:50
10:30:06,6.39,0.0,20,12780,卖盘,002490,2025-10-17 22:47:50
10:30:09,6.39,0.0,154,98414,卖盘,002490,2025-10-17 22:47:50
10:30:12,6.39,0.0,44,28116,卖盘,002490,2025-10-17 22:47:50
10:30:15,6.39,0.0,20,12780,卖盘,002490,2025-10-17 22:47:50
10:30:18,6.39,0.0,131,83709,卖盘,002490,2025-10-17 22:47:50
10:30:24,6.39,0.0,10,6390,卖盘,002490,2025-10-17 22:47:50
10:30:27,6.39,0.0,576,368068,卖盘,002490,2025-10-17 22:47:50
10:30:30,6.39,0.0,10,6390,买盘,002490,2025-10-17 22:47:50
10:30:33,6.39,0.0,35,22360,买盘,002490,2025-10-17 22:47:50
10:30:36,6.39,0.0,15,9585,买盘,002490,2025-10-17 22:47:50
10:30:39,6.39,0.0,30,19170,买盘,002490,2025-10-17 22:47:50
10:30:42,6.39,0.0,5,3195,买盘,002490,2025-10-17 22:47:50
10:30:45,6.39,0.0,15,9585,买盘,002490,2025-10-17 22:47:50
10:30:48,6.39,0.0,268,171252,买盘,002490,2025-10-17 22:47:50
10:30:51,6.39,0.0,225,143771,买盘,002490,2025-10-17 22:47:50
10:30:54,6.39,0.0,20,12780,卖盘,002490,2025-10-17 22:47:50
10:30:57,6.4,0.01,41,26240,买盘,002490,2025-10-17 22:47:50
10:31:00,6.4,0.0,19,12149,买盘,002490,2025-10-17 22:47:50
10:31:09,6.4,0.0,5,3200,买盘,002490,2025-10-17 22:47:50
10:31:12,6.4,0.0,74,47360,买盘,002490,2025-10-17 22:47:50
10:31:18,6.39,-0.01,10,6390,卖盘,002490,2025-10-17 22:47:50
10:31:21,6.39,0.0,8,5115,卖盘,002490,2025-10-17 22:47:50
10:31:24,6.4,0.01,349,223340,买盘,002490,2025-10-17 22:47:50
10:31:27,6.4,0.0,13,8319,买盘,002490,2025-10-17 22:47:50
10:31:30,6.4,0.0,134,85760,买盘,002490,2025-10-17 22:47:50
10:31:33,6.4,0.0,45,28800,买盘,002490,2025-10-17 22:47:50
10:31:36,6.4,0.0,72,46080,买盘,002490,2025-10-17 22:47:50
10:31:39,6.4,0.0,18,11507,买盘,002490,2025-10-17 22:47:50
10:31:42,6.4,0.0,30,19200,买盘,002490,2025-10-17 22:47:50
10:31:45,6.4,0.0,147,94080,买盘,002490,2025-10-17 22:47:50
10:31:48,6.4,0.0,102,65280,卖盘,002490,2025-10-17 22:47:50
10:31:51,6.4,0.0,6,3840,卖盘,002490,2025-10-17 22:47:50
10:31:54,6.4,0.0,51,32640,卖盘,002490,2025-10-17 22:47:50
10:31:57,6.4,0.0,27,17280,卖盘,002490,2025-10-17 22:47:50
10:32:00,6.4,0.0,77,49322,卖盘,002490,2025-10-17 22:47:50
10:32:03,6.4,0.0,70,44801,买盘,002490,2025-10-17 22:47:50
10:32:06,6.4,0.0,50,32030,卖盘,002490,2025-10-17 22:47:50
10:32:09,6.41,0.01,32,20481,买盘,002490,2025-10-17 22:47:50
10:32:12,6.4,-0.01,312,199980,卖盘,002490,2025-10-17 22:47:50
10:32:15,6.41,0.01,83,53136,买盘,002490,2025-10-17 22:47:50
10:32:18,6.41,0.0,26,16656,买盘,002490,2025-10-17 22:47:50
10:32:21,6.41,0.0,19,12179,买盘,002490,2025-10-17 22:47:50
10:32:24,6.41,0.0,52,33332,买盘,002490,2025-10-17 22:47:50
10:32:27,6.4,-0.01,26,16649,卖盘,002490,2025-10-17 22:47:50
10:32:36,6.4,0.0,15,9605,卖盘,002490,2025-10-17 22:47:50
10:32:39,6.4,0.0,10,6400,卖盘,002490,2025-10-17 22:47:50
10:32:42,6.4,0.0,20,12800,卖盘,002490,2025-10-17 22:47:50
10:32:45,6.41,0.01,1,641,买盘,002490,2025-10-17 22:47:50
10:32:51,6.4,-0.01,125,80087,卖盘,002490,2025-10-17 22:47:50
10:32:54,6.41,0.01,27,17307,买盘,002490,2025-10-17 22:47:50
10:32:57,6.41,0.0,202,129432,买盘,002490,2025-10-17 22:47:50
10:33:00,6.4,-0.01,77,49281,卖盘,002490,2025-10-17 22:47:50
10:33:03,6.41,0.01,109,69866,买盘,002490,2025-10-17 22:47:50
10:33:06,6.41,0.0,95,60893,买盘,002490,2025-10-17 22:47:50
10:33:09,6.41,0.0,81,51921,买盘,002490,2025-10-17 22:47:50
10:33:12,6.41,0.0,200,128200,买盘,002490,2025-10-17 22:47:50
10:33:15,6.41,0.0,180,115360,买盘,002490,2025-10-17 22:47:50
10:33:18,6.41,0.0,5,3205,卖盘,002490,2025-10-17 22:47:50
10:33:21,6.41,0.0,158,101278,卖盘,002490,2025-10-17 22:47:50
10:33:24,6.41,0.0,30,19230,买盘,002490,2025-10-17 22:47:50
10:33:27,6.41,0.0,41,26281,买盘,002490,2025-10-17 22:47:50
10:33:30,6.41,0.0,25,16025,买盘,002490,2025-10-17 22:47:50
10:33:33,6.41,0.0,10,6410,买盘,002490,2025-10-17 22:47:50
10:33:36,6.41,0.0,80,51280,买盘,002490,2025-10-17 22:47:50
10:33:39,6.41,0.0,51,32691,卖盘,002490,2025-10-17 22:47:50
10:33:42,6.41,0.0,143,91677,卖盘,002490,2025-10-17 22:47:50
10:33:45,6.41,0.0,42,26922,买盘,002490,2025-10-17 22:47:50
10:33:48,6.41,0.0,78,49998,买盘,002490,2025-10-17 22:47:50
10:33:51,6.41,0.0,26,16666,买盘,002490,2025-10-17 22:47:50
10:33:54,6.41,0.0,77,49357,买盘,002490,2025-10-17 22:47:50
10:33:57,6.42,0.01,22,14109,买盘,002490,2025-10-17 22:47:50
10:34:00,6.41,-0.01,55,35255,卖盘,002490,2025-10-17 22:47:50
10:34:03,6.42,0.01,86,55212,买盘,002490,2025-10-17 22:47:50
10:34:06,6.41,-0.01,106,68007,卖盘,002490,2025-10-17 22:47:50
10:34:09,6.41,0.0,41,26281,卖盘,002490,2025-10-17 22:47:50
10:34:15,6.42,0.01,937,601554,买盘,002490,2025-10-17 22:47:50
10:34:18,6.42,0.0,11,7062,卖盘,002490,2025-10-17 22:47:50
10:34:21,6.43,0.01,2,1286,买盘,002490,2025-10-17 22:47:50
10:34:24,6.42,-0.01,10,6420,卖盘,002490,2025-10-17 22:47:50
10:34:27,6.42,0.0,20,12853,卖盘,002490,2025-10-17 22:47:50
10:34:30,6.43,0.01,122,78326,买盘,002490,2025-10-17 22:47:50
10:34:33,6.43,0.0,15,9645,买盘,002490,2025-10-17 22:47:50
10:34:36,6.43,0.0,202,129886,买盘,002490,2025-10-17 22:47:50
10:34:39,6.43,0.0,148,95093,买盘,002490,2025-10-17 22:47:50
10:34:42,6.43,0.0,45,28935,买盘,002490,2025-10-17 22:47:50
10:34:45,6.43,0.0,591,380013,买盘,002490,2025-10-17 22:47:50
10:34:48,6.43,0.0,19,12207,买盘,002490,2025-10-17 22:47:50
10:34:51,6.43,0.0,316,203188,买盘,002490,2025-10-17 22:47:50
10:34:54,6.43,0.0,55,35365,买盘,002490,2025-10-17 22:47:50
10:34:57,6.43,0.0,39,25077,买盘,002490,2025-10-17 22:47:50
10:35:00,6.43,0.0,36,23148,买盘,002490,2025-10-17 22:47:50
10:35:03,6.43,0.0,22,14146,卖盘,002490,2025-10-17 22:47:50
10:35:06,6.44,0.01,15,9660,买盘,002490,2025-10-17 22:47:50
10:35:09,6.44,0.0,210,135130,买盘,002490,2025-10-17 22:47:50
10:35:12,6.43,-0.01,194,124826,卖盘,002490,2025-10-17 22:47:50
10:35:15,6.44,0.01,26,16721,买盘,002490,2025-10-17 22:47:50
10:35:18,6.43,-0.01,165,106210,卖盘,002490,2025-10-17 22:47:50
10:35:21,6.42,-0.01,582,373988,卖盘,002490,2025-10-17 22:47:50
10:35:24,6.43,0.01,85,54637,买盘,002490,2025-10-17 22:47:50
10:35:27,6.43,0.0,31,19933,买盘,002490,2025-10-17 22:47:50
10:35:30,6.43,0.0,28,17981,买盘,002490,2025-10-17 22:47:50
10:35:33,6.43,0.0,86,55178,买盘,002490,2025-10-17 22:47:50
10:35:36,6.43,0.0,158,101594,买盘,002490,2025-10-17 22:47:50
10:35:39,6.41,-0.02,2,1284,卖盘,002490,2025-10-17 22:47:50
10:35:42,6.43,0.02,285,183255,买盘,002490,2025-10-17 22:47:50
10:35:45,6.43,0.0,68,43724,买盘,002490,2025-10-17 22:47:50
10:35:48,6.43,0.0,15,9645,买盘,002490,2025-10-17 22:47:50
10:35:51,6.41,-0.02,1328,851262,卖盘,002490,2025-10-17 22:47:50
10:35:57,6.41,0.0,50,32050,买盘,002490,2025-10-17 22:47:50
10:36:00,6.42,0.01,6,3852,买盘,002490,2025-10-17 22:47:50
10:36:03,6.41,-0.01,8,5128,卖盘,002490,2025-10-17 22:47:50
10:36:06,6.42,0.01,22,14118,买盘,002490,2025-10-17 22:47:50
10:36:09,6.41,-0.01,44,28204,卖盘,002490,2025-10-17 22:47:50
10:36:15,6.41,0.0,104,66664,买盘,002490,2025-10-17 22:47:50
10:36:18,6.4,-0.01,10,6400,卖盘,002490,2025-10-17 22:47:50
10:36:21,6.41,0.01,16,10256,买盘,002490,2025-10-17 22:47:50
10:36:24,6.4,-0.01,11,7042,卖盘,002490,2025-10-17 22:47:50
10:36:27,6.41,0.01,89,57038,买盘,002490,2025-10-17 22:47:50
10:36:30,6.41,0.0,11,7051,卖盘,002490,2025-10-17 22:47:50
10:36:33,6.4,-0.01,17,10895,卖盘,002490,2025-10-17 22:47:50
10:36:36,6.41,0.01,23,14743,买盘,002490,2025-10-17 22:47:50
10:36:39,6.42,0.01,55,35259,买盘,002490,2025-10-17 22:47:50
10:36:48,6.41,-0.01,5,3205,卖盘,002490,2025-10-17 22:47:50
10:36:51,6.42,0.01,13,8335,买盘,002490,2025-10-17 22:47:50
10:36:57,6.42,0.0,5,3210,买盘,002490,2025-10-17 22:47:50
10:37:00,6.41,-0.01,119,76361,卖盘,002490,2025-10-17 22:47:50
10:37:03,6.41,0.0,96,61536,卖盘,002490,2025-10-17 22:47:50
10:37:06,6.41,0.0,23,14746,卖盘,002490,2025-10-17 22:47:50
10:37:12,6.41,0.0,98,62819,卖盘,002490,2025-10-17 22:47:50
10:37:15,6.41,0.0,72,46154,卖盘,002490,2025-10-17 22:47:50
10:37:18,6.41,0.0,57,36537,卖盘,002490,2025-10-17 22:47:50
10:37:24,6.41,0.0,19,12179,买盘,002490,2025-10-17 22:47:50
10:37:27,6.41,0.0,36,23076,买盘,002490,2025-10-17 22:47:50
10:37:30,6.41,0.0,22,14102,买盘,002490,2025-10-17 22:47:50
10:37:33,6.41,0.0,27,17305,买盘,002490,2025-10-17 22:47:50
10:37:36,6.4,-0.01,1,640,卖盘,002490,2025-10-17 22:47:50
10:37:39,6.4,0.0,96,61465,卖盘,002490,2025-10-17 22:47:50
10:37:42,6.41,0.01,13,8333,买盘,002490,2025-10-17 22:47:50
10:37:48,6.41,0.0,24,15384,买盘,002490,2025-10-17 22:47:50
10:37:51,6.41,0.0,14,8974,买盘,002490,2025-10-17 22:47:50
10:37:54,6.41,0.0,50,32050,买盘,002490,2025-10-17 22:47:50
10:37:57,6.41,0.0,89,57049,买盘,002490,2025-10-17 22:47:50
10:38:00,6.4,-0.01,114,73070,卖盘,002490,2025-10-17 22:47:50
10:38:03,6.4,0.0,51,32640,卖盘,002490,2025-10-17 22:47:50
10:38:06,6.4,0.0,3,1920,卖盘,002490,2025-10-17 22:47:50
10:38:09,6.41,0.01,75,48067,买盘,002490,2025-10-17 22:47:50
10:38:12,6.4,-0.01,21,13451,卖盘,002490,2025-10-17 22:47:50
10:38:15,6.41,0.01,9,5769,买盘,002490,2025-10-17 22:47:50
10:38:18,6.4,-0.01,13,8320,卖盘,002490,2025-10-17 22:47:50
10:38:21,6.41,0.01,96,61516,买盘,002490,2025-10-17 22:47:50
10:38:24,6.41,0.0,43,27530,买盘,002490,2025-10-17 22:47:50
10:38:27,6.41,0.0,23,14743,买盘,002490,2025-10-17 22:47:50
10:38:30,6.41,0.0,18,11537,买盘,002490,2025-10-17 22:47:50
10:38:33,6.4,-0.01,10,6400,卖盘,002490,2025-10-17 22:47:50
10:38:36,6.41,0.01,2,1282,买盘,002490,2025-10-17 22:47:50
10:38:39,6.41,0.0,86,55056,买盘,002490,2025-10-17 22:47:50
10:38:42,6.41,0.0,20,12820,买盘,002490,2025-10-17 22:47:50
10:38:45,6.41,0.0,10,6410,买盘,002490,2025-10-17 22:47:50
10:38:48,6.41,0.0,17,10897,买盘,002490,2025-10-17 22:47:50
10:38:54,6.41,0.0,138,88458,买盘,002490,2025-10-17 22:47:50
10:38:57,6.41,0.0,10,6410,买盘,002490,2025-10-17 22:47:50
10:39:00,6.4,-0.01,56,35840,卖盘,002490,2025-10-17 22:47:50
10:39:03,6.41,0.01,259,165765,买盘,002490,2025-10-17 22:47:50
10:39:06,6.41,0.0,89,57022,买盘,002490,2025-10-17 22:47:50
10:39:09,6.41,0.0,2,1282,买盘,002490,2025-10-17 22:47:50
10:39:12,6.4,-0.01,81,51860,卖盘,002490,2025-10-17 22:47:50
10:39:15,6.4,0.0,1028,657920,卖盘,002490,2025-10-17 22:47:50
10:39:18,6.4,0.0,129,82560,卖盘,002490,2025-10-17 22:47:50
10:39:21,6.4,0.0,46,29440,买盘,002490,2025-10-17 22:47:50
10:39:24,6.4,0.0,32,20480,卖盘,002490,2025-10-17 22:47:50
10:39:27,6.4,0.0,70,44800,卖盘,002490,2025-10-17 22:47:50
10:39:42,6.4,0.0,41,26240,卖盘,002490,2025-10-17 22:47:50
10:39:45,6.41,0.01,81,51854,买盘,002490,2025-10-17 22:47:50
10:39:48,6.4,-0.01,32,20480,卖盘,002490,2025-10-17 22:47:50
10:39:51,6.4,0.0,103,65920,卖盘,002490,2025-10-17 22:47:50
10:39:57,6.4,0.0,2,1280,卖盘,002490,2025-10-17 22:47:50
10:40:00,6.4,0.0,18,11520,卖盘,002490,2025-10-17 22:47:50
10:40:03,6.4,0.0,27,17280,卖盘,002490,2025-10-17 22:47:50
10:40:06,6.4,0.0,5,3200,买盘,002490,2025-10-17 22:47:50
10:40:09,6.4,0.0,131,83840,买盘,002490,2025-10-17 22:47:50
10:40:15,6.4,0.0,44,28160,买盘,002490,2025-10-17 22:47:50
10:40:18,6.4,0.0,47,30048,买盘,002490,2025-10-17 22:47:50
10:40:21,6.4,0.0,77,49280,买盘,002490,2025-10-17 22:47:50
10:40:24,6.4,0.0,8,5115,买盘,002490,2025-10-17 22:47:50
10:40:27,6.4,0.0,3,1920,买盘,002490,2025-10-17 22:47:50
10:40:30,6.4,0.0,60,38400,买盘,002490,2025-10-17 22:47:50
10:40:33,6.4,0.0,5,3200,卖盘,002490,2025-10-17 22:47:50
10:40:36,6.4,0.0,17,10880,卖盘,002490,2025-10-17 22:47:50
10:40:42,6.4,0.0,13,8330,卖盘,002490,2025-10-17 22:47:50
10:40:45,6.4,0.0,124,79363,卖盘,002490,2025-10-17 22:47:50
10:40:48,6.4,0.0,11,7045,卖盘,002490,2025-10-17 22:47:50
10:40:51,6.4,0.0,6,3840,卖盘,002490,2025-10-17 22:47:50
10:40:54,6.4,0.0,19,12160,卖盘,002490,2025-10-17 22:47:50
10:40:57,6.41,0.01,205,131405,买盘,002490,2025-10-17 22:47:50
10:41:00,6.4,-0.01,7,4480,卖盘,002490,2025-10-17 22:47:50
10:41:03,6.41,0.01,20,12801,买盘,002490,2025-10-17 22:47:50
10:41:06,6.4,-0.01,5,3200,卖盘,002490,2025-10-17 22:47:50
10:41:09,6.4,0.0,1,640,卖盘,002490,2025-10-17 22:47:50
10:41:12,6.41,0.01,93,59613,买盘,002490,2025-10-17 22:47:50
10:41:15,6.41,0.0,15,9612,买盘,002490,2025-10-17 22:47:50
10:41:18,6.41,0.0,11,7048,买盘,002490,2025-10-17 22:47:50
10:41:21,6.4,-0.01,20,12800,卖盘,002490,2025-10-17 22:47:50
10:41:24,6.4,0.0,113,72320,卖盘,002490,2025-10-17 22:47:50
10:41:27,6.4,0.0,30,19200,卖盘,002490,2025-10-17 22:47:50
10:41:30,6.41,0.01,1,641,买盘,002490,2025-10-17 22:47:50
10:41:33,6.41,0.0,63,40381,买盘,002490,2025-10-17 22:47:50
10:41:36,6.4,-0.01,1,640,卖盘,002490,2025-10-17 22:47:50
10:41:45,6.4,0.0,20,12800,卖盘,002490,2025-10-17 22:47:50
10:41:48,6.4,0.0,39,24960,卖盘,002490,2025-10-17 22:47:50
10:41:51,6.4,0.0,21,13440,卖盘,002490,2025-10-17 22:47:50
10:41:57,6.41,0.01,33,21153,买盘,002490,2025-10-17 22:47:50
10:42:00,6.4,-0.01,6,3840,卖盘,002490,2025-10-17 22:47:50
10:42:03,6.4,0.0,1231,787740,卖盘,002490,2025-10-17 22:47:50
10:42:06,6.4,0.0,71,45440,卖盘,002490,2025-10-17 22:47:50
10:42:09,6.4,0.0,54,34560,买盘,002490,2025-10-17 22:47:50
10:42:12,6.4,0.0,44,28159,买盘,002490,2025-10-17 22:47:50
10:42:15,6.4,0.0,20,12800,买盘,002490,2025-10-17 22:47:50
10:42:18,6.4,0.0,50,32000,买盘,002490,2025-10-17 22:47:50
10:42:21,6.39,-0.01,150,95927,卖盘,002490,2025-10-17 22:47:50
10:42:24,6.4,0.01,46,29440,买盘,002490,2025-10-17 22:47:50
10:42:30,6.4,0.0,70,44800,买盘,002490,2025-10-17 22:47:50
10:42:36,6.4,0.0,29,18540,买盘,002490,2025-10-17 22:47:50
10:42:39,6.4,0.0,6,3840,买盘,002490,2025-10-17 22:47:50
10:42:51,6.4,0.0,88,56310,买盘,002490,2025-10-17 22:47:50
10:42:54,6.39,-0.01,11,7039,卖盘,002490,2025-10-17 22:47:50
10:43:00,6.39,0.0,39,24921,卖盘,002490,2025-10-17 22:47:50
10:43:03,6.39,0.0,18,11502,卖盘,002490,2025-10-17 22:47:50
10:43:06,6.39,0.0,20,12780,卖盘,002490,2025-10-17 22:47:50
10:43:09,6.4,0.01,37,23650,买盘,002490,2025-10-17 22:47:50
10:43:12,6.39,-0.01,24,15336,卖盘,002490,2025-10-17 22:47:50
10:43:15,6.39,0.0,15,9585,卖盘,002490,2025-10-17 22:47:50
10:43:21,6.39,0.0,47,30033,卖盘,002490,2025-10-17 22:47:50
10:43:27,6.39,0.0,4,2556,卖盘,002490,2025-10-17 22:47:50
10:43:30,6.39,0.0,15,9585,卖盘,002490,2025-10-17 22:47:50
10:43:33,6.39,0.0,5,3195,卖盘,002490,2025-10-17 22:47:50
10:43:36,6.39,0.0,63,40257,卖盘,002490,2025-10-17 22:47:50
10:43:39,6.39,0.0,102,65178,卖盘,002490,2025-10-17 22:47:50
10:43:42,6.39,0.0,70,44730,卖盘,002490,2025-10-17 22:47:50
10:43:45,6.39,0.0,47,30033,卖盘,002490,2025-10-17 22:47:50
10:43:48,6.39,0.0,76,48584,卖盘,002490,2025-10-17 22:47:50
10:43:51,6.39,0.0,8,5112,卖盘,002490,2025-10-17 22:47:50
10:43:54,6.4,0.01,1,640,买盘,002490,2025-10-17 22:47:50
10:43:57,6.39,-0.01,39,24921,卖盘,002490,2025-10-17 22:47:50
10:44:00,6.39,0.0,10,6390,卖盘,002490,2025-10-17 22:47:50
10:44:03,6.39,0.0,20,12780,卖盘,002490,2025-10-17 22:47:50
10:44:06,6.39,0.0,105,67095,卖盘,002490,2025-10-17 22:47:50
10:44:09,6.39,0.0,25,15975,卖盘,002490,2025-10-17 22:47:50
10:44:12,6.4,0.01,23,14700,买盘,002490,2025-10-17 22:47:50
10:44:15,6.4,0.0,97,62036,买盘,002490,2025-10-17 22:47:50
10:44:21,6.39,-0.01,36,23004,卖盘,002490,2025-10-17 22:47:50
10:44:24,6.39,0.0,56,35784,卖盘,002490,2025-10-17 22:47:50
10:44:30,6.38,-0.01,11,7024,卖盘,002490,2025-10-17 22:47:50
10:44:39,6.39,0.01,7,4473,买盘,002490,2025-10-17 22:47:50
10:44:42,6.39,0.0,22,14058,买盘,002490,2025-10-17 22:47:50
10:44:45,6.38,-0.01,96,61260,卖盘,002490,2025-10-17 22:47:50
10:44:48,6.39,0.01,47,30033,买盘,002490,2025-10-17 22:47:50
10:44:51,6.39,0.0,130,83070,卖盘,002490,2025-10-17 22:47:50
10:44:54,6.39,0.0,8,5112,卖盘,002490,2025-10-17 22:47:50
10:45:00,6.39,0.0,15,9585,卖盘,002490,2025-10-17 22:47:50
10:45:03,6.38,-0.01,74,47276,卖盘,002490,2025-10-17 22:47:50
10:45:06,6.38,0.0,11,7018,卖盘,002490,2025-10-17 22:47:50
10:45:09,6.38,0.0,97,61886,卖盘,002490,2025-10-17 22:47:50
10:45:12,6.38,0.0,21,13398,卖盘,002490,2025-10-17 22:47:50
10:45:15,6.38,0.0,91,58082,卖盘,002490,2025-10-17 22:47:50
10:45:18,6.38,0.0,24,15320,卖盘,002490,2025-10-17 22:47:50
10:45:21,6.39,0.01,33,21084,买盘,002490,2025-10-17 22:47:50
10:45:24,6.38,-0.01,24,15313,卖盘,002490,2025-10-17 22:47:50
10:45:27,6.38,0.0,15,9571,卖盘,002490,2025-10-17 22:47:50
10:45:30,6.38,0.0,889,567182,卖盘,002490,2025-10-17 22:47:50
10:45:33,6.38,0.0,17,10849,卖盘,002490,2025-10-17 22:47:50
10:45:39,6.38,0.0,6,3828,卖盘,002490,2025-10-17 22:47:50
10:45:45,6.38,0.0,821,523798,卖盘,002490,2025-10-17 22:47:50
10:45:48,6.38,0.0,10,6380,买盘,002490,2025-10-17 22:47:50
10:45:51,6.38,0.0,2,1276,买盘,002490,2025-10-17 22:47:50
10:45:54,6.38,0.0,335,213730,买盘,002490,2025-10-17 22:47:50
10:45:57,6.37,-0.01,1,637,卖盘,002490,2025-10-17 22:47:50
10:46:00,6.38,0.01,111,70736,买盘,002490,2025-10-17 22:47:50
10:46:03,6.37,-0.01,2,1274,卖盘,002490,2025-10-17 22:47:50
10:46:06,6.37,0.0,299,190463,卖盘,002490,2025-10-17 22:47:50
10:46:09,6.38,0.01,6,3828,买盘,002490,2025-10-17 22:47:50
10:46:12,6.38,0.0,3,1914,卖盘,002490,2025-10-17 22:47:50
10:46:15,6.38,0.0,186,118668,卖盘,002490,2025-10-17 22:47:50
10:46:18,6.38,0.0,51,32538,卖盘,002490,2025-10-17 22:47:50
10:46:24,6.38,0.0,51,32538,卖盘,002490,2025-10-17 22:47:50
10:46:27,6.38,0.0,139,88682,卖盘,002490,2025-10-17 22:47:50
10:46:30,6.39,0.01,18,11502,买盘,002490,2025-10-17 22:47:50
10:46:33,6.38,-0.01,3,1914,卖盘,002490,2025-10-17 22:47:50
10:46:36,6.39,0.01,206,131435,买盘,002490,2025-10-17 22:47:50
10:46:39,6.38,-0.01,3,1914,卖盘,002490,2025-10-17 22:47:50
10:46:45,6.38,0.0,1,638,卖盘,002490,2025-10-17 22:47:50
10:46:48,6.38,0.0,60,38280,卖盘,002490,2025-10-17 22:47:50
10:46:54,6.38,0.0,5,3190,卖盘,002490,2025-10-17 22:47:50
10:46:57,6.39,0.01,127,81153,买盘,002490,2025-10-17 22:47:50
10:47:00,6.39,0.0,20,12780,卖盘,002490,2025-10-17 22:47:50
10:47:06,6.4,0.01,42,26858,买盘,002490,2025-10-17 22:47:50
10:47:09,6.4,0.0,15,9600,买盘,002490,2025-10-17 22:47:50
10:47:12,6.39,-0.01,146,93424,卖盘,002490,2025-10-17 22:47:50
10:47:15,6.39,0.0,1,639,卖盘,002490,2025-10-17 22:47:50
10:47:18,6.39,0.0,2,1278,卖盘,002490,2025-10-17 22:47:50
10:47:21,6.39,0.0,7,4473,卖盘,002490,2025-10-17 22:47:50
10:47:24,6.39,0.0,3,1917,买盘,002490,2025-10-17 22:47:50
10:47:27,6.39,0.0,8,5112,卖盘,002490,2025-10-17 22:47:50
10:47:30,6.4,0.01,12,7680,买盘,002490,2025-10-17 22:47:50
10:47:36,6.4,0.0,19,12149,买盘,002490,2025-10-17 22:47:50
10:47:39,6.4,0.0,34,21752,买盘,002490,2025-10-17 22:47:50
10:47:42,6.4,0.0,15,9600,买盘,002490,2025-10-17 22:47:50
10:47:45,6.4,0.0,413,264313,买盘,002490,2025-10-17 22:47:50
10:47:48,6.4,0.0,31,19840,买盘,002490,2025-10-17 22:47:50
10:47:51,6.4,0.0,5,3200,买盘,002490,2025-10-17 22:47:50
10:47:54,6.4,0.0,482,308480,买盘,002490,2025-10-17 22:47:50
10:47:57,6.4,0.0,80,51200,卖盘,002490,2025-10-17 22:47:50
10:48:00,6.4,0.0,360,230508,卖盘,002490,2025-10-17 22:47:50
10:48:06,6.41,0.01,20,12820,买盘,002490,2025-10-17 22:47:50
10:48:09,6.4,-0.01,150,96143,卖盘,002490,2025-10-17 22:47:50
10:48:12,6.4,0.0,5,3200,卖盘,002490,2025-10-17 22:47:50
10:48:18,6.4,0.0,83,53120,卖盘,002490,2025-10-17 22:47:50
10:48:21,6.4,0.0,6,3840,卖盘,002490,2025-10-17 22:47:50
10:48:24,6.4,0.0,64,40960,卖盘,002490,2025-10-17 22:47:50
10:48:27,6.4,0.0,53,33970,卖盘,002490,2025-10-17 22:47:50
10:48:30,6.4,0.0,58,37128,卖盘,002490,2025-10-17 22:47:50
10:48:33,6.41,0.01,24,15363,买盘,002490,2025-10-17 22:47:50
10:48:36,6.41,0.0,113,72377,买盘,002490,2025-10-17 22:47:50
10:48:39,6.4,-0.01,3,1920,卖盘,002490,2025-10-17 22:47:50
10:48:42,6.4,0.0,48,30720,卖盘,002490,2025-10-17 22:47:50
10:48:45,6.41,0.01,108,69228,买盘,002490,2025-10-17 22:47:50
10:48:48,6.41,0.0,171,109611,买盘,002490,2025-10-17 22:47:50
10:48:54,6.41,0.0,25,16020,买盘,002490,2025-10-17 22:47:50
10:48:57,6.41,0.0,38,24350,买盘,002490,2025-10-17 22:47:50
10:49:00,6.41,0.0,35,22435,买盘,002490,2025-10-17 22:47:50
10:49:03,6.41,0.0,67,42947,买盘,002490,2025-10-17 22:47:50
10:49:06,6.41,0.0,5,3205,买盘,002490,2025-10-17 22:47:50
10:49:09,6.41,0.0,39,24999,买盘,002490,2025-10-17 22:47:50
10:49:12,6.4,-0.01,40,25600,卖盘,002490,2025-10-17 22:47:50
10:49:15,6.41,0.01,84,53844,买盘,002490,2025-10-17 22:47:50
10:49:18,6.41,0.0,46,29456,买盘,002490,2025-10-17 22:47:50
10:49:21,6.41,0.0,10,6410,买盘,002490,2025-10-17 22:47:50
10:49:27,6.41,0.0,65,41656,买盘,002490,2025-10-17 22:47:50
10:49:30,6.41,0.0,20,12820,买盘,002490,2025-10-17 22:47:50
10:49:33,6.4,-0.01,347,222090,卖盘,002490,2025-10-17 22:47:50
10:49:36,6.41,0.01,14,8974,买盘,002490,2025-10-17 22:47:50
10:49:42,6.41,0.0,6,3846,买盘,002490,2025-10-17 22:47:50
10:49:45,6.41,0.0,22,14082,买盘,002490,2025-10-17 22:47:50
10:49:48,6.4,-0.01,5,3200,卖盘,002490,2025-10-17 22:47:50
10:49:51,6.4,0.0,30,19200,卖盘,002490,2025-10-17 22:47:50
10:49:54,6.41,0.01,200,128200,买盘,002490,2025-10-17 22:47:50
10:49:57,6.41,0.0,148,94820,买盘,002490,2025-10-17 22:47:50
10:50:00,6.4,-0.01,22,14080,卖盘,002490,2025-10-17 22:47:50
10:50:03,6.41,0.01,1,641,买盘,002490,2025-10-17 22:47:50
10:50:06,6.41,0.0,90,57670,买盘,002490,2025-10-17 22:47:50
10:50:12,6.41,0.0,9,5769,买盘,002490,2025-10-17 22:47:50
10:50:15,6.41,0.0,112,71761,买盘,002490,2025-10-17 22:47:50
10:50:21,6.41,0.0,37,23717,买盘,002490,2025-10-17 22:47:50
10:50:24,6.41,0.0,11,7051,买盘,002490,2025-10-17 22:47:50
10:50:30,6.41,0.0,47,30127,买盘,002490,2025-10-17 22:47:50
10:50:33,6.4,-0.01,58,37120,卖盘,002490,2025-10-17 22:47:50
10:50:39,6.4,0.0,96,61440,卖盘,002490,2025-10-17 22:47:50
10:50:42,6.41,0.01,12,7691,买盘,002490,2025-10-17 22:47:50
10:50:48,6.41,0.0,13,8323,买盘,002490,2025-10-17 22:47:50
10:50:51,6.41,0.0,21,13456,买盘,002490,2025-10-17 22:47:50
10:50:54,6.41,0.0,1,641,买盘,002490,2025-10-17 22:47:50
10:50:57,6.4,-0.01,77,49300,卖盘,002490,2025-10-17 22:47:50
10:51:00,6.41,0.01,9,5765,买盘,002490,2025-10-17 22:47:50
10:51:03,6.4,-0.01,16,10241,卖盘,002490,2025-10-17 22:47:50
10:51:06,6.4,0.0,81,51896,卖盘,002490,2025-10-17 22:47:50
10:51:09,6.4,0.0,22,14098,卖盘,002490,2025-10-17 22:47:50
10:51:12,6.4,0.0,17,10880,卖盘,002490,2025-10-17 22:47:50
10:51:15,6.4,0.0,98,62785,卖盘,002490,2025-10-17 22:47:50
10:51:21,6.4,0.0,67,42880,卖盘,002490,2025-10-17 22:47:50
10:51:27,6.41,0.01,18,11522,买盘,002490,2025-10-17 22:47:50
10:51:36,6.4,-0.01,150,96000,卖盘,002490,2025-10-17 22:47:50
10:51:39,6.41,0.01,340,217878,买盘,002490,2025-10-17 22:47:50
10:51:42,6.4,-0.01,79,50560,卖盘,002490,2025-10-17 22:47:50
10:51:45,6.41,0.01,93,59521,买盘,002490,2025-10-17 22:47:50
10:51:48,6.41,0.0,54,34614,买盘,002490,2025-10-17 22:47:50
10:51:51,6.41,0.0,72,46145,买盘,002490,2025-10-17 22:47:50
10:51:54,6.41,0.0,30,19203,买盘,002490,2025-10-17 22:47:50
10:51:57,6.4,-0.01,135,86404,卖盘,002490,2025-10-17 22:47:50
10:52:00,6.41,0.01,16,10256,买盘,002490,2025-10-17 22:47:50
10:52:06,6.4,-0.01,5,3200,卖盘,002490,2025-10-17 22:47:50
10:52:12,6.4,0.0,42,26880,卖盘,002490,2025-10-17 22:47:50
10:52:15,6.4,0.0,19,12160,买盘,002490,2025-10-17 22:47:50
10:52:21,6.4,0.0,58,37120,买盘,002490,2025-10-17 22:47:50
10:52:27,6.4,0.0,1,640,买盘,002490,2025-10-17 22:47:50
10:52:30,6.4,0.0,78,49920,买盘,002490,2025-10-17 22:47:50
10:52:33,6.4,0.0,30,19200,买盘,002490,2025-10-17 22:47:50
10:52:36,6.4,0.0,30,19200,买盘,002490,2025-10-17 22:47:50
10:52:39,6.4,0.0,15,9600,买盘,002490,2025-10-17 22:47:50
10:52:42,6.4,0.0,243,155520,买盘,002490,2025-10-17 22:47:50
10:52:45,6.39,-0.01,1,639,卖盘,002490,2025-10-17 22:47:50
10:52:48,6.39,0.0,10,6390,卖盘,002490,2025-10-17 22:47:50
10:52:54,6.39,0.0,13,8307,卖盘,002490,2025-10-17 22:47:50
10:53:00,6.39,0.0,27,17253,卖盘,002490,2025-10-17 22:47:50
10:53:12,6.39,0.0,11,7031,卖盘,002490,2025-10-17 22:47:50
10:53:15,6.4,0.01,8,5115,买盘,002490,2025-10-17 22:47:50
10:53:21,6.39,-0.01,6,3834,卖盘,002490,2025-10-17 22:47:50
10:53:24,6.4,0.01,3,1920,买盘,002490,2025-10-17 22:47:50
10:53:27,6.4,0.0,13,8320,买盘,002490,2025-10-17 22:47:50
10:53:33,6.4,0.0,10,6400,买盘,002490,2025-10-17 22:47:50
10:53:36,6.4,0.0,7,4480,买盘,002490,2025-10-17 22:47:50
10:53:39,6.4,0.0,5,3200,买盘,002490,2025-10-17 22:47:50
10:53:42,6.4,0.0,20,12800,买盘,002490,2025-10-17 22:47:50
10:53:45,6.4,0.0,25,16000,买盘,002490,2025-10-17 22:47:50
10:53:48,6.39,-0.01,121,77387,卖盘,002490,2025-10-17 22:47:50
10:53:51,6.4,0.01,78,49920,买盘,002490,2025-10-17 22:47:50
10:53:54,6.39,-0.01,22,14058,卖盘,002490,2025-10-17 22:47:50
10:54:03,6.39,0.0,20,12780,卖盘,002490,2025-10-17 22:47:50
10:54:09,6.4,0.01,5,3200,买盘,002490,2025-10-17 22:47:50
10:54:18,6.39,-0.01,20,12780,卖盘,002490,2025-10-17 22:47:50
10:54:21,6.4,0.01,495,316617,买盘,002490,2025-10-17 22:47:50
10:54:24,6.4,0.0,10,6400,买盘,002490,2025-10-17 22:47:50
10:54:27,6.4,0.0,71,45440,买盘,002490,2025-10-17 22:47:50
10:54:30,6.39,-0.01,137,87613,卖盘,002490,2025-10-17 22:47:50
10:54:36,6.4,0.01,2,1280,买盘,002490,2025-10-17 22:47:50
10:54:39,6.4,0.0,10,6400,买盘,002490,2025-10-17 22:47:50
10:54:45,6.4,0.0,59,37760,买盘,002490,2025-10-17 22:47:50
10:54:48,6.4,0.0,2,1280,买盘,002490,2025-10-17 22:47:50
10:54:51,6.4,0.0,8,5113,买盘,002490,2025-10-17 22:47:50
10:54:54,6.4,0.0,2,1280,买盘,002490,2025-10-17 22:47:50
10:55:06,6.4,0.0,609,389755,买盘,002490,2025-10-17 22:47:50
10:55:09,6.4,0.0,16,10240,买盘,002490,2025-10-17 22:47:50
10:55:12,6.4,0.0,175,111980,买盘,002490,2025-10-17 22:47:50
10:55:15,6.4,0.0,24,15337,买盘,002490,2025-10-17 22:47:50
10:55:18,6.4,0.0,50,32000,卖盘,002490,2025-10-17 22:47:50
10:55:21,6.4,0.0,20,12800,卖盘,002490,2025-10-17 22:47:50
10:55:24,6.4,0.0,2,1280,卖盘,002490,2025-10-17 22:47:50
10:55:27,6.41,0.01,32,20512,买盘,002490,2025-10-17 22:47:50
10:55:30,6.42,0.01,3469,2224365,买盘,002490,2025-10-17 22:47:50
10:55:33,6.42,0.0,75,48150,买盘,002490,2025-10-17 22:47:50
10:55:36,6.42,0.0,61,39162,买盘,002490,2025-10-17 22:47:50
10:55:39,6.42,0.0,39,25038,买盘,002490,2025-10-17 22:47:50
10:55:42,6.42,0.0,138,88596,买盘,002490,2025-10-17 22:47:50
10:55:45,6.42,0.0,158,101436,买盘,002490,2025-10-17 22:47:50
10:55:48,6.43,0.01,409,262707,买盘,002490,2025-10-17 22:47:50
10:55:51,6.42,-0.01,4,2568,卖盘,002490,2025-10-17 22:47:50
10:55:54,6.43,0.01,48,30861,买盘,002490,2025-10-17 22:47:50
10:55:57,6.43,0.0,5,3215,买盘,002490,2025-10-17 22:47:50
10:56:00,6.43,0.0,259,166537,买盘,002490,2025-10-17 22:47:50
10:56:03,6.43,0.0,293,188399,买盘,002490,2025-10-17 22:47:50
10:56:06,6.43,0.0,84,54012,买盘,002490,2025-10-17 22:47:50
10:56:09,6.43,0.0,34,21862,买盘,002490,2025-10-17 22:47:50
10:56:12,6.42,-0.01,70,45005,卖盘,002490,2025-10-17 22:47:50
10:56:15,6.43,0.01,83,53298,买盘,002490,2025-10-17 22:47:50
10:56:18,6.43,0.0,10,6430,买盘,002490,2025-10-17 22:47:50
10:56:21,6.43,0.0,88,56583,买盘,002490,2025-10-17 22:47:50
10:56:24,6.42,-0.01,74,47558,卖盘,002490,2025-10-17 22:47:50
10:56:27,6.43,0.01,337,216691,买盘,002490,2025-10-17 22:47:50
10:56:30,6.43,0.0,10,6430,卖盘,002490,2025-10-17 22:47:50
10:56:33,6.44,0.01,102,65667,买盘,002490,2025-10-17 22:47:50
10:56:36,6.43,-0.01,71,45663,卖盘,002490,2025-10-17 22:47:50
10:56:39,6.44,0.01,3,1930,买盘,002490,2025-10-17 22:47:50
10:56:45,6.43,-0.01,5,3217,卖盘,002490,2025-10-17 22:47:50
10:56:48,6.44,0.01,1495,963236,买盘,002490,2025-10-17 22:47:50
10:56:51,6.44,0.0,55,35434,卖盘,002490,2025-10-17 22:47:50
10:56:54,6.44,0.0,42,27048,卖盘,002490,2025-10-17 22:47:50
10:56:57,6.44,0.0,176,113408,卖盘,002490,2025-10-17 22:47:50
10:57:00,6.45,0.01,64,41280,买盘,002490,2025-10-17 22:47:50
10:57:03,6.45,0.0,329,212205,买盘,002490,2025-10-17 22:47:50
10:57:06,6.45,0.0,635,409434,买盘,002490,2025-10-17 22:47:50
10:57:09,6.45,0.0,11,7095,买盘,002490,2025-10-17 22:47:50
10:57:12,6.44,-0.01,71,45735,卖盘,002490,2025-10-17 22:47:50
10:57:15,6.44,0.0,31,19964,卖盘,002490,2025-10-17 22:47:50
10:57:18,6.45,0.01,41,26445,买盘,002490,2025-10-17 22:47:50
10:57:21,6.44,-0.01,45,28982,卖盘,002490,2025-10-17 22:47:50
10:57:24,6.44,0.0,55,35470,卖盘,002490,2025-10-17 22:47:50
10:57:27,6.45,0.01,35,22559,买盘,002490,2025-10-17 22:47:50
10:57:30,6.44,-0.01,153,98623,卖盘,002490,2025-10-17 22:47:50
10:57:33,6.44,0.0,58,37379,卖盘,002490,2025-10-17 22:47:50
10:57:36,6.44,0.0,359,231209,卖盘,002490,2025-10-17 22:47:50
10:57:39,6.44,0.0,12,7728,买盘,002490,2025-10-17 22:47:50
10:57:42,6.44,0.0,10,6440,买盘,002490,2025-10-17 22:47:50
10:57:45,6.44,0.0,48,30912,买盘,002490,2025-10-17 22:47:50
10:57:48,6.44,0.0,7,4508,买盘,002490,2025-10-17 22:47:50
10:57:51,6.44,0.0,71,45724,买盘,002490,2025-10-17 22:47:50
10:57:54,6.44,0.0,10,6440,买盘,002490,2025-10-17 22:47:50
10:57:57,6.44,0.0,345,222180,买盘,002490,2025-10-17 22:47:50
10:58:00,6.44,0.0,51,32839,买盘,002490,2025-10-17 22:47:50
10:58:03,6.44,0.0,141,90754,买盘,002490,2025-10-17 22:47:50
10:58:06,6.44,0.0,28,18032,买盘,002490,2025-10-17 22:47:50
10:58:09,6.44,0.0,1,644,买盘,002490,2025-10-17 22:47:50
10:58:12,6.44,0.0,2,1288,买盘,002490,2025-10-17 22:47:50
10:58:15,6.44,0.0,100,64400,买盘,002490,2025-10-17 22:47:50
10:58:18,6.44,0.0,35,22540,买盘,002490,2025-10-17 22:47:50
10:58:21,6.44,0.0,323,208012,买盘,002490,2025-10-17 22:47:50
10:58:27,6.44,0.0,1,644,买盘,002490,2025-10-17 22:47:50
10:58:30,6.43,-0.01,11,7083,卖盘,002490,2025-10-17 22:47:50
10:58:33,6.44,0.01,32,20586,买盘,002490,2025-10-17 22:47:50
10:58:36,6.43,-0.01,27,17361,卖盘,002490,2025-10-17 22:47:50
10:58:39,6.44,0.01,38,24444,买盘,002490,2025-10-17 22:47:50
10:58:42,6.43,-0.01,1,643,卖盘,002490,2025-10-17 22:47:50
10:58:45,6.43,0.0,17,10931,卖盘,002490,2025-10-17 22:47:50
10:58:51,6.43,0.0,58,37294,卖盘,002490,2025-10-17 22:47:50
10:58:54,6.43,0.0,85,54655,卖盘,002490,2025-10-17 22:47:50
10:58:57,6.43,0.0,52,33436,卖盘,002490,2025-10-17 22:47:50
10:59:06,6.43,0.0,6,3858,买盘,002490,2025-10-17 22:47:50
10:59:09,6.42,-0.01,10,6420,卖盘,002490,2025-10-17 22:47:50
10:59:12,6.42,0.0,14,8992,卖盘,002490,2025-10-17 22:47:50
10:59:18,6.43,0.01,4,2572,买盘,002490,2025-10-17 22:47:50
10:59:21,6.42,-0.01,34,21828,卖盘,002490,2025-10-17 22:47:50
10:59:24,6.42,0.0,5,3210,卖盘,002490,2025-10-17 22:47:50
10:59:27,6.43,0.01,5,3215,买盘,002490,2025-10-17 22:47:50
10:59:36,6.42,-0.01,62,39839,卖盘,002490,2025-10-17 22:47:50
10:59:42,6.43,0.01,2,1286,买盘,002490,2025-10-17 22:47:50
10:59:45,6.42,-0.01,56,36002,卖盘,002490,2025-10-17 22:47:50
10:59:51,6.42,0.0,10,6420,卖盘,002490,2025-10-17 22:47:50
10:59:54,6.42,0.0,23,14786,卖盘,002490,2025-10-17 22:47:50
10:59:57,6.42,0.0,70,44940,卖盘,002490,2025-10-17 22:47:50
11:00:00,6.42,0.0,10,6420,卖盘,002490,2025-10-17 22:47:50
11:00:03,6.42,0.0,5,3210,卖盘,002490,2025-10-17 22:47:50
11:00:06,6.42,0.0,24,15408,卖盘,002490,2025-10-17 22:47:50
11:00:09,6.42,0.0,135,86670,卖盘,002490,2025-10-17 22:47:50
11:00:12,6.42,0.0,13,8346,买盘,002490,2025-10-17 22:47:50
11:00:18,6.41,-0.01,17,10911,卖盘,002490,2025-10-17 22:47:50
11:00:21,6.41,0.0,50,32050,卖盘,002490,2025-10-17 22:47:50
11:00:27,6.42,0.01,1,642,买盘,002490,2025-10-17 22:47:50
11:00:36,6.42,0.0,1,642,买盘,002490,2025-10-17 22:47:50
11:00:39,6.42,0.0,92,59064,买盘,002490,2025-10-17 22:47:50
11:00:42,6.42,0.0,81,52001,买盘,002490,2025-10-17 22:47:50
11:00:45,6.42,0.0,3,1926,卖盘,002490,2025-10-17 22:47:50
11:00:48,6.42,0.0,12,7704,卖盘,002490,2025-10-17 22:47:50
11:00:51,6.42,0.0,17,10914,卖盘,002490,2025-10-17 22:47:50
11:00:54,6.42,0.0,4,2568,卖盘,002490,2025-10-17 22:47:50
11:01:00,6.42,0.0,55,35310,卖盘,002490,2025-10-17 22:47:50
11:01:03,6.42,0.0,5,3210,卖盘,002490,2025-10-17 22:47:50
11:01:06,6.42,0.0,77,49434,卖盘,002490,2025-10-17 22:47:50
11:01:09,6.43,0.01,3,1929,买盘,002490,2025-10-17 22:47:50
11:01:12,6.43,0.0,1,643,买盘,002490,2025-10-17 22:47:50
11:01:15,6.43,0.0,20,12860,买盘,002490,2025-10-17 22:47:50
11:01:18,6.42,-0.01,88,56508,卖盘,002490,2025-10-17 22:47:50
11:01:24,6.42,0.0,15,9630,卖盘,002490,2025-10-17 22:47:50
11:01:27,6.43,0.01,21,13502,买盘,002490,2025-10-17 22:47:50
11:01:30,6.42,-0.01,5,3210,卖盘,002490,2025-10-17 22:47:50
11:01:33,6.43,0.01,826,531115,买盘,002490,2025-10-17 22:47:50
11:01:36,6.43,0.0,6,3858,卖盘,002490,2025-10-17 22:47:50
11:01:45,6.43,0.0,14,9002,卖盘,002490,2025-10-17 22:47:50
11:01:51,6.43,0.0,23,14802,卖盘,002490,2025-10-17 22:47:50
11:01:54,6.44,0.01,121,77811,买盘,002490,2025-10-17 22:47:50
11:01:57,6.43,-0.01,34,21862,卖盘,002490,2025-10-17 22:47:50
11:02:00,6.44,0.01,60,38588,买盘,002490,2025-10-17 22:47:50
11:02:03,6.43,-0.01,244,157058,卖盘,002490,2025-10-17 22:47:50
11:02:06,6.44,0.01,15,9660,买盘,002490,2025-10-17 22:47:50
11:02:09,6.44,0.0,33,21252,买盘,002490,2025-10-17 22:47:50
11:02:12,6.45,0.01,4825,3110613,买盘,002490,2025-10-17 22:47:50
11:02:15,6.46,0.01,64,41308,买盘,002490,2025-10-17 22:47:50
11:02:18,6.46,0.0,174,112404,买盘,002490,2025-10-17 22:47:50
11:02:21,6.46,0.0,339,218919,买盘,002490,2025-10-17 22:47:50
11:02:24,6.46,0.0,175,113045,买盘,002490,2025-10-17 22:47:50
11:02:27,6.45,-0.01,408,263563,卖盘,002490,2025-10-17 22:47:50
