时间,成交价,价格变动,成交量,成交额,买卖盘性质,股票代码,采集时间
09:25:00,33.35,-0.02,3864,12885173,卖盘,002415,2025-10-17 22:22:33
09:30:00,33.22,-0.13,857,2854070,卖盘,002415,2025-10-17 22:22:33
09:30:03,33.24,0.02,1336,4436844,买盘,002415,2025-10-17 22:22:33
09:30:06,33.22,-0.02,283,940381,中性盘,002415,2025-10-17 22:22:33
09:30:09,33.18,-0.04,290,963358,卖盘,002415,2025-10-17 22:22:33
09:30:12,33.17,-0.01,192,636789,卖盘,002415,2025-10-17 22:22:33
09:30:15,33.18,0.01,588,1950408,买盘,002415,2025-10-17 22:22:33
09:30:18,33.19,0.01,483,1603420,中性盘,002415,2025-10-17 22:22:33
09:30:21,33.22,0.03,650,2158360,买盘,002415,2025-10-17 22:22:33
09:30:24,33.23,0.01,570,1894928,买盘,002415,2025-10-17 22:22:33
09:30:27,33.31,0.08,719,2393563,买盘,002415,2025-10-17 22:22:33
09:30:30,33.31,0.0,654,2179037,卖盘,002415,2025-10-17 22:22:33
09:30:33,33.28,-0.03,474,1578379,卖盘,002415,2025-10-17 22:22:33
09:30:36,33.2,-0.08,1515,5034639,卖盘,002415,2025-10-17 22:22:33
09:30:39,33.18,-0.02,339,1125444,卖盘,002415,2025-10-17 22:22:33
09:30:42,33.2,0.02,120,398280,买盘,002415,2025-10-17 22:22:33
09:30:45,33.2,0.0,250,829500,买盘,002415,2025-10-17 22:22:33
09:30:48,33.18,-0.02,175,580765,卖盘,002415,2025-10-17 22:22:33
09:30:51,33.18,0.0,88,291999,买盘,002415,2025-10-17 22:22:33
09:30:54,33.2,0.02,63,209064,买盘,002415,2025-10-17 22:22:33
09:30:57,33.2,0.0,160,531083,买盘,002415,2025-10-17 22:22:33
09:31:00,33.18,-0.02,271,899509,卖盘,002415,2025-10-17 22:22:33
09:31:03,33.18,0.0,231,766570,卖盘,002415,2025-10-17 22:22:33
09:31:06,33.17,-0.01,143,474453,卖盘,002415,2025-10-17 22:22:33
09:31:09,33.16,-0.01,263,872313,卖盘,002415,2025-10-17 22:22:33
09:31:12,33.15,-0.01,110,364734,卖盘,002415,2025-10-17 22:22:33
09:31:15,33.17,0.02,920,3051156,买盘,002415,2025-10-17 22:22:33
09:31:18,33.17,0.0,161,534061,卖盘,002415,2025-10-17 22:22:33
09:31:21,33.19,0.02,298,989236,买盘,002415,2025-10-17 22:22:33
09:31:24,33.22,0.03,167,554508,中性盘,002415,2025-10-17 22:22:33
09:31:27,33.24,0.02,203,674189,买盘,002415,2025-10-17 22:22:33
09:31:30,33.25,0.01,101,335788,买盘,002415,2025-10-17 22:22:33
09:31:33,33.31,0.06,390,1297959,买盘,002415,2025-10-17 22:22:33
09:31:36,33.26,-0.05,108,359184,卖盘,002415,2025-10-17 22:22:33
09:31:39,33.27,0.01,46,153020,买盘,002415,2025-10-17 22:22:33
09:31:42,33.26,-0.01,105,349508,卖盘,002415,2025-10-17 22:22:33
09:31:45,33.27,0.01,444,1478010,中性盘,002415,2025-10-17 22:22:33
09:31:48,33.28,0.01,106,352562,中性盘,002415,2025-10-17 22:22:33
09:31:51,33.3,0.02,524,1744501,买盘,002415,2025-10-17 22:22:33
09:31:54,33.25,-0.05,113,375873,卖盘,002415,2025-10-17 22:22:33
09:31:57,33.25,0.0,79,262594,中性盘,002415,2025-10-17 22:22:33
09:32:00,33.25,0.0,187,621661,买盘,002415,2025-10-17 22:22:33
09:32:03,33.25,0.0,229,761162,买盘,002415,2025-10-17 22:22:33
09:32:06,33.25,0.0,146,485191,买盘,002415,2025-10-17 22:22:33
09:32:09,33.24,-0.01,326,1083069,买盘,002415,2025-10-17 22:22:33
09:32:12,33.24,0.0,190,631304,买盘,002415,2025-10-17 22:22:33
09:32:15,33.22,-0.02,579,1923919,卖盘,002415,2025-10-17 22:22:33
09:32:18,33.22,0.0,118,392019,卖盘,002415,2025-10-17 22:22:33
09:32:21,33.2,-0.02,439,1458081,卖盘,002415,2025-10-17 22:22:33
09:32:24,33.2,0.0,144,478143,卖盘,002415,2025-10-17 22:22:33
09:32:27,33.2,0.0,259,859905,卖盘,002415,2025-10-17 22:22:33
09:32:30,33.19,-0.01,260,862875,卖盘,002415,2025-10-17 22:22:33
09:32:33,33.18,-0.01,250,829519,卖盘,002415,2025-10-17 22:22:33
09:32:36,33.18,0.0,395,1310236,卖盘,002415,2025-10-17 22:22:33
09:32:39,33.19,0.01,867,2877432,买盘,002415,2025-10-17 22:22:33
09:32:42,33.19,0.0,146,484621,卖盘,002415,2025-10-17 22:22:33
09:32:45,33.19,0.0,518,1719501,卖盘,002415,2025-10-17 22:22:33
09:32:48,33.19,0.0,119,394913,卖盘,002415,2025-10-17 22:22:33
09:32:51,33.18,-0.01,117,388275,卖盘,002415,2025-10-17 22:22:33
09:32:54,33.17,-0.01,171,567255,卖盘,002415,2025-10-17 22:22:33
09:32:57,33.17,0.0,335,1111416,卖盘,002415,2025-10-17 22:22:33
09:33:00,33.18,0.01,684,2269610,买盘,002415,2025-10-17 22:22:33
09:33:03,33.17,-0.01,232,769683,卖盘,002415,2025-10-17 22:22:33
09:33:06,33.18,0.01,654,2169828,买盘,002415,2025-10-17 22:22:33
09:33:09,33.19,0.01,177,587420,买盘,002415,2025-10-17 22:22:33
09:33:12,33.2,0.01,183,607439,买盘,002415,2025-10-17 22:22:33
09:33:15,33.23,0.03,251,833603,买盘,002415,2025-10-17 22:22:33
09:33:18,33.23,0.0,196,651315,买盘,002415,2025-10-17 22:22:33
09:33:21,33.25,0.02,87,289171,买盘,002415,2025-10-17 22:22:33
09:33:24,33.25,0.0,90,299259,卖盘,002415,2025-10-17 22:22:33
09:33:27,33.25,0.0,92,305919,卖盘,002415,2025-10-17 22:22:33
09:33:30,33.24,-0.01,115,382427,卖盘,002415,2025-10-17 22:22:33
09:33:33,33.24,0.0,245,814295,卖盘,002415,2025-10-17 22:22:33
09:33:36,33.23,-0.01,319,1060110,卖盘,002415,2025-10-17 22:22:33
09:33:39,33.22,-0.01,172,571574,卖盘,002415,2025-10-17 22:22:33
09:33:42,33.21,-0.01,579,1922485,卖盘,002415,2025-10-17 22:22:33
09:33:45,33.21,0.0,87,288903,买盘,002415,2025-10-17 22:22:33
09:33:48,33.2,-0.01,138,458155,卖盘,002415,2025-10-17 22:22:33
09:33:51,33.21,0.01,154,511309,买盘,002415,2025-10-17 22:22:33
09:33:54,33.19,-0.02,122,405039,卖盘,002415,2025-10-17 22:22:33
09:33:57,33.19,0.0,217,720546,卖盘,002415,2025-10-17 22:22:33
09:34:00,33.19,0.0,278,922683,买盘,002415,2025-10-17 22:22:33
09:34:03,33.19,0.0,307,1018738,买盘,002415,2025-10-17 22:22:33
09:34:06,33.19,0.0,389,1291049,买盘,002415,2025-10-17 22:22:33
09:34:09,33.19,0.0,322,1068773,卖盘,002415,2025-10-17 22:22:33
09:34:12,33.19,0.0,143,474722,卖盘,002415,2025-10-17 22:22:33
09:34:15,33.19,0.0,180,597524,卖盘,002415,2025-10-17 22:22:33
09:34:18,33.19,0.0,193,640603,卖盘,002415,2025-10-17 22:22:33
09:34:21,33.19,0.0,147,487882,卖盘,002415,2025-10-17 22:22:33
09:34:24,33.2,0.01,42,139451,卖盘,002415,2025-10-17 22:22:33
09:34:27,33.21,0.01,214,710710,买盘,002415,2025-10-17 22:22:33
09:34:30,33.21,0.0,231,767250,卖盘,002415,2025-10-17 22:22:33
09:34:33,33.22,0.01,271,900254,中性盘,002415,2025-10-17 22:22:33
09:34:36,33.23,0.01,343,1139645,买盘,002415,2025-10-17 22:22:33
09:34:39,33.24,0.01,185,614738,买盘,002415,2025-10-17 22:22:33
09:34:42,33.24,0.0,45,149576,买盘,002415,2025-10-17 22:22:33
09:34:45,33.24,0.0,66,219360,卖盘,002415,2025-10-17 22:22:33
09:34:48,33.23,-0.01,250,831008,卖盘,002415,2025-10-17 22:22:33
09:34:51,33.24,0.01,115,382208,买盘,002415,2025-10-17 22:22:33
09:34:54,33.23,-0.01,125,415415,卖盘,002415,2025-10-17 22:22:33
09:34:57,33.19,-0.04,551,1829439,卖盘,002415,2025-10-17 22:22:33
09:35:00,33.19,0.0,51,169286,买盘,002415,2025-10-17 22:22:33
09:35:03,33.19,0.0,162,537621,买盘,002415,2025-10-17 22:22:33
09:35:06,33.19,0.0,386,1281433,买盘,002415,2025-10-17 22:22:33
09:35:09,33.2,0.01,56,185880,中性盘,002415,2025-10-17 22:22:33
09:35:12,33.19,-0.01,154,511341,卖盘,002415,2025-10-17 22:22:33
09:35:15,33.19,0.0,198,657220,卖盘,002415,2025-10-17 22:22:33
09:35:18,33.19,0.0,329,1092003,卖盘,002415,2025-10-17 22:22:33
09:35:21,33.19,0.0,178,590749,卖盘,002415,2025-10-17 22:22:33
09:35:24,33.19,0.0,180,597402,买盘,002415,2025-10-17 22:22:33
09:35:27,33.19,0.0,37,122814,卖盘,002415,2025-10-17 22:22:33
09:35:30,33.19,0.0,145,481266,卖盘,002415,2025-10-17 22:22:33
09:35:33,33.2,0.01,435,1444103,买盘,002415,2025-10-17 22:22:33
09:35:36,33.2,0.0,108,358560,中性盘,002415,2025-10-17 22:22:33
09:35:39,33.19,-0.01,174,577580,卖盘,002415,2025-10-17 22:22:33
09:35:42,33.2,0.01,173,574312,买盘,002415,2025-10-17 22:22:33
09:35:45,33.19,-0.01,116,385057,卖盘,002415,2025-10-17 22:22:33
09:35:48,33.19,0.0,71,235715,卖盘,002415,2025-10-17 22:22:33
09:35:51,33.23,0.04,124,411900,买盘,002415,2025-10-17 22:22:33
09:35:54,33.22,-0.01,121,402112,卖盘,002415,2025-10-17 22:22:33
09:35:57,33.24,0.02,144,478401,买盘,002415,2025-10-17 22:22:33
09:36:00,33.22,-0.02,158,524959,卖盘,002415,2025-10-17 22:22:33
09:36:03,33.25,0.03,83,275978,买盘,002415,2025-10-17 22:22:33
09:36:06,33.26,0.01,61,202835,买盘,002415,2025-10-17 22:22:33
09:36:09,33.26,0.0,43,143015,买盘,002415,2025-10-17 22:22:33
09:36:12,33.26,0.0,62,206243,买盘,002415,2025-10-17 22:22:33
09:36:15,33.26,0.0,93,309333,卖盘,002415,2025-10-17 22:22:33
09:36:18,33.26,0.0,339,1127513,卖盘,002415,2025-10-17 22:22:33
09:36:21,33.27,0.01,64,212883,买盘,002415,2025-10-17 22:22:33
09:36:24,33.26,-0.01,16,53214,买盘,002415,2025-10-17 22:22:33
09:36:27,33.26,0.0,57,189559,买盘,002415,2025-10-17 22:22:33
09:36:30,33.26,0.0,148,492338,买盘,002415,2025-10-17 22:22:33
09:36:33,33.28,0.02,136,452371,买盘,002415,2025-10-17 22:22:33
09:36:36,33.28,0.0,163,542271,买盘,002415,2025-10-17 22:22:33
09:36:39,33.28,0.0,61,203006,买盘,002415,2025-10-17 22:22:33
09:36:42,33.28,0.0,210,699113,卖盘,002415,2025-10-17 22:22:33
09:36:45,33.3,0.02,62,206460,买盘,002415,2025-10-17 22:22:33
09:36:48,33.29,-0.01,775,2579611,卖盘,002415,2025-10-17 22:22:33
09:36:51,33.26,-0.03,43,143035,卖盘,002415,2025-10-17 22:22:33
09:36:54,33.28,0.02,227,755528,买盘,002415,2025-10-17 22:22:33
09:36:57,33.28,0.0,334,1112202,卖盘,002415,2025-10-17 22:22:33
09:37:00,33.3,0.02,39,129870,中性盘,002415,2025-10-17 22:22:33
09:37:03,33.3,0.0,57,189821,卖盘,002415,2025-10-17 22:22:33
09:37:06,33.3,0.0,550,1832261,卖盘,002415,2025-10-17 22:22:33
09:37:09,33.29,-0.01,323,1075297,卖盘,002415,2025-10-17 22:22:33
09:37:12,33.29,0.0,92,306236,卖盘,002415,2025-10-17 22:22:33
09:37:15,33.3,0.01,534,1777641,买盘,002415,2025-10-17 22:22:33
09:37:18,33.27,-0.03,46,153121,卖盘,002415,2025-10-17 22:22:33
09:37:21,33.26,-0.01,151,502356,卖盘,002415,2025-10-17 22:22:33
09:37:24,33.26,0.0,147,488753,卖盘,002415,2025-10-17 22:22:33
09:37:27,33.26,0.0,106,352460,买盘,002415,2025-10-17 22:22:33
09:37:30,33.24,-0.02,106,352473,卖盘,002415,2025-10-17 22:22:33
09:37:33,33.27,0.03,137,455483,买盘,002415,2025-10-17 22:22:33
09:37:36,33.28,0.01,56,186313,买盘,002415,2025-10-17 22:22:33
09:37:39,33.26,-0.02,41,136422,卖盘,002415,2025-10-17 22:22:33
09:37:42,33.27,0.01,23,76513,中性盘,002415,2025-10-17 22:22:33
09:37:45,33.26,-0.01,146,485845,卖盘,002415,2025-10-17 22:22:33
09:37:48,33.29,0.03,68,226309,买盘,002415,2025-10-17 22:22:33
09:37:51,33.3,0.01,286,952302,买盘,002415,2025-10-17 22:22:33
09:37:54,33.3,0.0,318,1059066,买盘,002415,2025-10-17 22:22:33
09:37:57,33.31,0.01,29,96574,买盘,002415,2025-10-17 22:22:33
09:38:00,33.31,0.0,185,616079,买盘,002415,2025-10-17 22:22:33
09:38:03,33.28,-0.03,91,302916,卖盘,002415,2025-10-17 22:22:33
09:38:06,33.25,-0.03,235,781635,卖盘,002415,2025-10-17 22:22:33
09:38:09,33.23,-0.02,313,1040266,卖盘,002415,2025-10-17 22:22:33
09:38:12,33.21,-0.02,330,1096250,卖盘,002415,2025-10-17 22:22:33
09:38:15,33.2,-0.01,795,2639975,卖盘,002415,2025-10-17 22:22:33
09:38:18,33.19,-0.01,101,335219,卖盘,002415,2025-10-17 22:22:33
09:38:21,33.18,-0.01,90,298698,卖盘,002415,2025-10-17 22:22:33
09:38:24,33.19,0.01,39,129440,中性盘,002415,2025-10-17 22:22:33
09:38:27,33.19,0.0,300,995727,卖盘,002415,2025-10-17 22:22:33
09:38:30,33.21,0.02,98,325306,买盘,002415,2025-10-17 22:22:33
09:38:33,33.2,-0.01,22,73057,中性盘,002415,2025-10-17 22:22:33
09:38:36,33.2,0.0,162,538071,卖盘,002415,2025-10-17 22:22:33
09:38:39,33.21,0.01,118,391791,买盘,002415,2025-10-17 22:22:33
09:38:42,33.21,0.0,247,820267,买盘,002415,2025-10-17 22:22:33
09:38:45,33.2,-0.01,120,398400,卖盘,002415,2025-10-17 22:22:33
09:38:48,33.19,-0.01,155,514604,卖盘,002415,2025-10-17 22:22:33
09:38:51,33.19,0.0,676,2243691,卖盘,002415,2025-10-17 22:22:33
09:38:54,33.18,-0.01,230,763145,卖盘,002415,2025-10-17 22:22:33
09:38:57,33.18,0.0,211,700228,卖盘,002415,2025-10-17 22:22:33
09:39:00,33.16,-0.02,1184,3927115,卖盘,002415,2025-10-17 22:22:33
09:39:03,33.13,-0.03,1401,4643876,卖盘,002415,2025-10-17 22:22:33
09:39:06,33.11,-0.02,290,960338,卖盘,002415,2025-10-17 22:22:33
09:39:09,33.11,0.0,172,569512,卖盘,002415,2025-10-17 22:22:33
09:39:12,33.1,-0.01,386,1278292,卖盘,002415,2025-10-17 22:22:33
09:39:15,33.1,0.0,82,271459,卖盘,002415,2025-10-17 22:22:33
09:39:18,33.1,0.0,249,824261,卖盘,002415,2025-10-17 22:22:33
09:39:21,33.12,0.02,394,1304168,买盘,002415,2025-10-17 22:22:33
09:39:24,33.11,-0.01,382,1264401,中性盘,002415,2025-10-17 22:22:33
09:39:27,33.11,0.0,119,393989,买盘,002415,2025-10-17 22:22:33
09:39:30,33.12,0.01,232,768099,买盘,002415,2025-10-17 22:22:33
09:39:33,33.13,0.01,744,2464087,买盘,002415,2025-10-17 22:22:33
09:39:36,33.13,0.0,109,361208,卖盘,002415,2025-10-17 22:22:33
09:39:39,33.2,0.07,215,713330,买盘,002415,2025-10-17 22:22:33
09:39:42,33.18,-0.02,184,610794,中性盘,002415,2025-10-17 22:22:33
09:39:45,33.21,0.03,84,278748,买盘,002415,2025-10-17 22:22:33
09:39:48,33.21,0.0,118,391845,买盘,002415,2025-10-17 22:22:33
09:39:51,33.18,-0.03,232,769924,卖盘,002415,2025-10-17 22:22:33
09:39:54,33.18,0.0,59,195869,卖盘,002415,2025-10-17 22:22:33
09:39:57,33.19,0.01,802,2662294,买盘,002415,2025-10-17 22:22:33
09:40:00,33.22,0.03,546,1813301,买盘,002415,2025-10-17 22:22:33
09:40:03,33.19,-0.03,187,620792,卖盘,002415,2025-10-17 22:22:33
09:40:06,33.23,0.04,200,664405,买盘,002415,2025-10-17 22:22:33
09:40:09,33.23,0.0,183,608134,卖盘,002415,2025-10-17 22:22:33
09:40:12,33.23,0.0,187,621355,卖盘,002415,2025-10-17 22:22:33
09:40:15,33.2,-0.03,66,219130,卖盘,002415,2025-10-17 22:22:33
09:40:18,33.2,0.0,127,421581,买盘,002415,2025-10-17 22:22:33
09:40:21,33.2,0.0,191,634090,买盘,002415,2025-10-17 22:22:33
09:40:24,33.2,0.0,130,431592,买盘,002415,2025-10-17 22:22:33
09:40:27,33.2,0.0,96,318671,买盘,002415,2025-10-17 22:22:33
09:40:30,33.19,-0.01,1254,4162054,卖盘,002415,2025-10-17 22:22:33
09:40:33,33.19,0.0,284,942739,卖盘,002415,2025-10-17 22:22:33
09:40:36,33.18,-0.01,460,1526569,卖盘,002415,2025-10-17 22:22:33
09:40:39,33.17,-0.01,64,212335,卖盘,002415,2025-10-17 22:22:33
09:40:42,33.17,0.0,125,414707,卖盘,002415,2025-10-17 22:22:33
09:40:45,33.16,-0.01,159,527246,卖盘,002415,2025-10-17 22:22:33
09:40:48,33.15,-0.01,126,417676,卖盘,002415,2025-10-17 22:22:33
09:40:51,33.13,-0.02,20,66290,卖盘,002415,2025-10-17 22:22:33
09:40:54,33.15,0.02,149,493876,买盘,002415,2025-10-17 22:22:33
09:40:57,33.13,-0.02,86,285052,卖盘,002415,2025-10-17 22:22:33
09:41:00,33.15,0.02,374,1239581,买盘,002415,2025-10-17 22:22:33
09:41:03,33.13,-0.02,297,984059,中性盘,002415,2025-10-17 22:22:33
09:41:06,33.13,0.0,89,294800,买盘,002415,2025-10-17 22:22:33
09:41:09,33.12,-0.01,293,970501,卖盘,002415,2025-10-17 22:22:33
09:41:12,33.13,0.01,275,910874,买盘,002415,2025-10-17 22:22:33
09:41:15,33.12,-0.01,83,274897,卖盘,002415,2025-10-17 22:22:33
09:41:18,33.11,-0.01,271,897328,卖盘,002415,2025-10-17 22:22:33
09:41:21,33.09,-0.02,426,1410256,卖盘,002415,2025-10-17 22:22:33
09:41:24,33.1,0.01,204,675154,买盘,002415,2025-10-17 22:22:33
09:41:27,33.1,0.0,119,393794,买盘,002415,2025-10-17 22:22:33
09:41:30,33.09,-0.01,190,628825,卖盘,002415,2025-10-17 22:22:33
09:41:33,33.09,0.0,310,1025713,卖盘,002415,2025-10-17 22:22:33
09:41:36,33.08,-0.01,888,2936215,卖盘,002415,2025-10-17 22:22:33
09:41:39,33.08,0.0,176,582080,买盘,002415,2025-10-17 22:22:33
09:41:42,33.05,-0.03,534,1764931,卖盘,002415,2025-10-17 22:22:33
09:41:45,33.06,0.01,134,442956,中性盘,002415,2025-10-17 22:22:33
09:41:48,33.09,0.03,468,1548405,买盘,002415,2025-10-17 22:22:33
09:41:51,33.09,0.0,96,317685,卖盘,002415,2025-10-17 22:22:33
09:41:54,33.09,0.0,103,340823,卖盘,002415,2025-10-17 22:22:33
09:41:57,33.11,0.02,608,2012157,买盘,002415,2025-10-17 22:22:33
09:42:00,33.09,-0.02,761,2520538,卖盘,002415,2025-10-17 22:22:33
09:42:03,33.09,0.0,146,483171,卖盘,002415,2025-10-17 22:22:33
09:42:06,33.09,0.0,72,238231,买盘,002415,2025-10-17 22:22:33
09:42:09,33.08,-0.01,468,1548155,卖盘,002415,2025-10-17 22:22:33
09:42:12,33.09,0.01,517,1711451,买盘,002415,2025-10-17 22:22:33
09:42:15,33.08,-0.01,147,486203,买盘,002415,2025-10-17 22:22:33
09:42:18,33.07,-0.01,694,2295680,卖盘,002415,2025-10-17 22:22:33
09:42:21,33.07,0.0,437,1445343,卖盘,002415,2025-10-17 22:22:33
09:42:24,33.07,0.0,83,274466,买盘,002415,2025-10-17 22:22:33
09:42:27,33.06,-0.01,112,370292,卖盘,002415,2025-10-17 22:22:33
09:42:30,33.06,0.0,292,965410,卖盘,002415,2025-10-17 22:22:33
09:42:33,33.05,-0.01,667,2204858,卖盘,002415,2025-10-17 22:22:33
09:42:36,33.04,-0.01,253,835814,卖盘,002415,2025-10-17 22:22:33
09:42:39,33.04,0.0,50,165180,买盘,002415,2025-10-17 22:22:33
09:42:42,32.96,-0.08,11472,37822604,卖盘,002415,2025-10-17 22:22:33
09:42:45,32.94,-0.02,365,1202558,卖盘,002415,2025-10-17 22:22:33
09:42:48,32.93,-0.01,998,3287056,卖盘,002415,2025-10-17 22:22:33
09:42:51,32.92,-0.01,305,1004312,卖盘,002415,2025-10-17 22:22:33
09:42:54,32.92,0.0,315,1037095,卖盘,002415,2025-10-17 22:22:33
09:42:57,32.92,0.0,368,1211252,买盘,002415,2025-10-17 22:22:33
09:43:00,32.91,-0.01,422,1389194,卖盘,002415,2025-10-17 22:22:33
09:43:03,32.95,0.04,2705,8908873,买盘,002415,2025-10-17 22:22:33
09:43:06,32.98,0.03,872,2872524,买盘,002415,2025-10-17 22:22:33
09:43:09,32.94,-0.04,1012,3337283,卖盘,002415,2025-10-17 22:22:33
09:43:12,32.98,0.04,1309,4317832,中性盘,002415,2025-10-17 22:22:33
09:43:15,33.02,0.04,484,1597933,买盘,002415,2025-10-17 22:22:33
09:43:18,33.02,0.0,176,581143,卖盘,002415,2025-10-17 22:22:33
09:43:21,33.01,-0.01,250,825012,中性盘,002415,2025-10-17 22:22:33
09:43:24,33.0,-0.01,758,2502279,卖盘,002415,2025-10-17 22:22:33
09:43:27,33.0,0.0,213,702813,买盘,002415,2025-10-17 22:22:33
09:43:30,33.0,0.0,542,1788579,买盘,002415,2025-10-17 22:22:33
09:43:33,33.0,0.0,525,1732493,买盘,002415,2025-10-17 22:22:33
09:43:36,33.01,0.01,1540,5082295,买盘,002415,2025-10-17 22:22:33
09:43:39,32.97,-0.04,135,445475,卖盘,002415,2025-10-17 22:22:33
09:43:42,33.01,0.04,475,1568247,买盘,002415,2025-10-17 22:22:33
09:43:45,33.01,0.0,159,524875,卖盘,002415,2025-10-17 22:22:33
09:43:48,33.01,0.0,153,505035,卖盘,002415,2025-10-17 22:22:33
09:43:51,32.98,-0.03,1333,4395132,卖盘,002415,2025-10-17 22:22:33
09:43:54,32.98,0.0,548,1806227,买盘,002415,2025-10-17 22:22:33
09:43:57,32.98,0.0,261,860519,买盘,002415,2025-10-17 22:22:33
09:44:00,32.95,-0.03,147,484692,卖盘,002415,2025-10-17 22:22:33
09:44:03,32.96,0.01,147,484439,中性盘,002415,2025-10-17 22:22:33
09:44:06,32.95,-0.01,111,365778,卖盘,002415,2025-10-17 22:22:33
09:44:09,32.96,0.01,261,860103,卖盘,002415,2025-10-17 22:22:33
09:44:12,32.96,0.0,115,378988,买盘,002415,2025-10-17 22:22:33
09:44:15,32.96,0.0,186,612963,卖盘,002415,2025-10-17 22:22:33
09:44:18,32.95,-0.01,355,1169877,卖盘,002415,2025-10-17 22:22:33
09:44:21,32.95,0.0,430,1416949,卖盘,002415,2025-10-17 22:22:33
09:44:24,32.94,-0.01,330,1087318,卖盘,002415,2025-10-17 22:22:33
09:44:27,32.95,0.01,109,359113,买盘,002415,2025-10-17 22:22:33
09:44:30,32.92,-0.03,1117,3678501,卖盘,002415,2025-10-17 22:22:33
09:44:33,32.92,0.0,583,1919777,卖盘,002415,2025-10-17 22:22:33
09:44:36,32.92,0.0,90,296307,卖盘,002415,2025-10-17 22:22:33
09:44:39,32.92,0.0,412,1356361,卖盘,002415,2025-10-17 22:22:33
09:44:42,32.93,0.01,873,2874786,买盘,002415,2025-10-17 22:22:33
09:44:45,32.92,-0.01,216,711112,卖盘,002415,2025-10-17 22:22:33
09:44:48,32.91,-0.01,223,734090,卖盘,002415,2025-10-17 22:22:33
09:44:51,32.92,0.01,544,1790515,买盘,002415,2025-10-17 22:22:33
09:44:54,32.92,0.0,1096,3608058,买盘,002415,2025-10-17 22:22:33
09:44:57,32.92,0.0,238,783479,卖盘,002415,2025-10-17 22:22:33
09:45:00,32.92,0.0,159,523421,卖盘,002415,2025-10-17 22:22:33
09:45:03,32.91,-0.01,1312,4317822,卖盘,002415,2025-10-17 22:22:33
09:45:06,32.92,0.01,443,1458246,买盘,002415,2025-10-17 22:22:33
09:45:09,32.91,-0.01,239,786587,卖盘,002415,2025-10-17 22:22:33
09:45:12,32.91,0.0,105,345575,卖盘,002415,2025-10-17 22:22:33
09:45:15,32.89,-0.02,2275,7485062,卖盘,002415,2025-10-17 22:22:33
09:45:18,32.88,-0.01,2009,6607040,卖盘,002415,2025-10-17 22:22:33
09:45:21,32.88,0.0,498,1637364,卖盘,002415,2025-10-17 22:22:33
09:45:24,32.87,-0.01,1239,4071687,卖盘,002415,2025-10-17 22:22:33
09:45:27,32.86,-0.01,466,1531440,卖盘,002415,2025-10-17 22:22:33
09:45:30,32.87,0.01,693,2277533,买盘,002415,2025-10-17 22:22:33
09:45:33,32.88,0.01,508,1669593,买盘,002415,2025-10-17 22:22:33
09:45:36,32.89,0.01,179,588285,买盘,002415,2025-10-17 22:22:33
09:45:39,32.92,0.03,501,1648528,买盘,002415,2025-10-17 22:22:33
09:45:42,32.94,0.02,552,1818372,买盘,002415,2025-10-17 22:22:33
09:45:45,32.94,0.0,111,365648,卖盘,002415,2025-10-17 22:22:33
09:45:48,32.94,0.0,86,283289,卖盘,002415,2025-10-17 22:22:33
09:45:51,32.94,0.0,208,685301,卖盘,002415,2025-10-17 22:22:33
09:45:54,32.94,0.0,201,662136,卖盘,002415,2025-10-17 22:22:33
09:45:57,32.95,0.01,110,362461,中性盘,002415,2025-10-17 22:22:33
09:46:00,32.94,-0.01,169,556675,卖盘,002415,2025-10-17 22:22:33
09:46:03,32.94,0.0,335,1103052,买盘,002415,2025-10-17 22:22:33
09:46:06,32.95,0.01,184,606085,买盘,002415,2025-10-17 22:22:33
09:46:09,32.93,-0.02,173,569655,卖盘,002415,2025-10-17 22:22:33
09:46:12,32.92,-0.01,672,2213317,卖盘,002415,2025-10-17 22:22:33
09:46:15,32.9,-0.02,214,704160,卖盘,002415,2025-10-17 22:22:33
09:46:18,32.9,0.0,118,388216,卖盘,002415,2025-10-17 22:22:33
09:46:21,32.89,-0.01,230,756679,卖盘,002415,2025-10-17 22:22:33
09:46:24,32.88,-0.01,144,473585,卖盘,002415,2025-10-17 22:22:33
09:46:27,32.85,-0.03,1128,3707193,卖盘,002415,2025-10-17 22:22:33
09:46:30,32.86,0.01,537,1764221,买盘,002415,2025-10-17 22:22:33
09:46:33,32.85,-0.01,220,722797,卖盘,002415,2025-10-17 22:22:33
09:46:36,32.86,0.01,3600,11829973,买盘,002415,2025-10-17 22:22:33
09:46:39,32.86,0.0,428,1406133,卖盘,002415,2025-10-17 22:22:33
09:46:42,32.87,0.01,77,253079,买盘,002415,2025-10-17 22:22:33
09:46:45,32.9,0.03,175,575624,买盘,002415,2025-10-17 22:22:33
09:46:48,32.91,0.01,168,552741,买盘,002415,2025-10-17 22:22:33
09:46:51,32.91,0.0,119,391546,买盘,002415,2025-10-17 22:22:33
09:46:54,32.91,0.0,528,1737535,买盘,002415,2025-10-17 22:22:33
09:46:57,32.91,0.0,113,371897,卖盘,002415,2025-10-17 22:22:33
09:47:00,32.92,0.01,641,2109591,买盘,002415,2025-10-17 22:22:33
09:47:03,32.93,0.01,147,483974,买盘,002415,2025-10-17 22:22:33
09:47:06,32.92,-0.01,69,227182,卖盘,002415,2025-10-17 22:22:33
09:47:09,32.93,0.01,114,375379,买盘,002415,2025-10-17 22:22:33
09:47:12,32.93,0.0,89,293093,卖盘,002415,2025-10-17 22:22:33
09:47:15,32.95,0.02,97,319495,买盘,002415,2025-10-17 22:22:33
09:47:18,32.97,0.02,104,342602,买盘,002415,2025-10-17 22:22:33
09:47:21,32.95,-0.02,235,774030,中性盘,002415,2025-10-17 22:22:33
09:47:24,32.94,-0.01,31,102114,卖盘,002415,2025-10-17 22:22:33
09:47:27,32.94,0.0,67,220687,买盘,002415,2025-10-17 22:22:33
09:47:30,32.94,0.0,153,504169,买盘,002415,2025-10-17 22:22:33
09:47:33,32.94,0.0,73,240495,卖盘,002415,2025-10-17 22:22:33
09:47:36,32.95,0.01,122,401932,买盘,002415,2025-10-17 22:22:33
09:47:39,32.95,0.0,170,560232,卖盘,002415,2025-10-17 22:22:33
09:47:42,32.98,0.03,123,405397,买盘,002415,2025-10-17 22:22:33
09:47:45,32.98,0.0,125,412048,买盘,002415,2025-10-17 22:22:33
09:47:48,32.96,-0.02,48,158234,买盘,002415,2025-10-17 22:22:33
09:47:51,32.96,0.0,133,438448,买盘,002415,2025-10-17 22:22:33
09:47:54,32.97,0.01,56,184599,中性盘,002415,2025-10-17 22:22:33
09:47:57,32.97,0.0,60,197870,卖盘,002415,2025-10-17 22:22:33
09:48:00,32.98,0.01,34,112119,买盘,002415,2025-10-17 22:22:33
09:48:03,32.94,-0.04,2092,6893254,卖盘,002415,2025-10-17 22:22:33
09:48:06,32.93,-0.01,724,2383917,卖盘,002415,2025-10-17 22:22:33
09:48:09,32.93,0.0,184,605875,买盘,002415,2025-10-17 22:22:33
09:48:12,32.92,-0.01,106,348925,买盘,002415,2025-10-17 22:22:33
09:48:15,32.91,-0.01,193,635180,卖盘,002415,2025-10-17 22:22:33
09:48:18,32.9,-0.01,103,338954,卖盘,002415,2025-10-17 22:22:33
09:48:21,32.91,0.01,456,1500290,买盘,002415,2025-10-17 22:22:33
09:48:24,32.92,0.01,122,401502,买盘,002415,2025-10-17 22:22:33
09:48:27,32.91,-0.01,84,276437,中性盘,002415,2025-10-17 22:22:33
09:48:30,32.91,0.0,124,408035,卖盘,002415,2025-10-17 22:22:33
09:48:33,32.91,0.0,221,727042,买盘,002415,2025-10-17 22:22:33
09:48:36,32.91,0.0,332,1092533,买盘,002415,2025-10-17 22:22:33
09:48:39,32.9,-0.01,196,644883,卖盘,002415,2025-10-17 22:22:33
09:48:42,32.91,0.01,118,388207,买盘,002415,2025-10-17 22:22:33
09:48:45,32.89,-0.02,189,621902,卖盘,002415,2025-10-17 22:22:33
09:48:48,32.9,0.01,185,608610,买盘,002415,2025-10-17 22:22:33
09:48:51,32.9,0.0,173,569174,卖盘,002415,2025-10-17 22:22:33
09:48:54,32.9,0.0,810,2666559,卖盘,002415,2025-10-17 22:22:33
09:48:57,32.95,0.05,414,1363765,买盘,002415,2025-10-17 22:22:33
09:49:00,32.93,-0.02,129,425030,卖盘,002415,2025-10-17 22:22:33
09:49:03,32.93,0.0,23,75755,卖盘,002415,2025-10-17 22:22:33
09:49:06,32.96,0.03,72,237220,买盘,002415,2025-10-17 22:22:33
09:49:09,32.96,0.0,254,836997,买盘,002415,2025-10-17 22:22:33
09:49:12,32.94,-0.02,141,464658,卖盘,002415,2025-10-17 22:22:33
09:49:15,32.93,-0.01,674,2219275,卖盘,002415,2025-10-17 22:22:33
09:49:18,32.94,0.01,127,418506,中性盘,002415,2025-10-17 22:22:33
09:49:21,32.95,0.01,67,220809,卖盘,002415,2025-10-17 22:22:33
09:49:24,32.95,0.0,707,2330557,卖盘,002415,2025-10-17 22:22:33
09:49:27,32.95,0.0,90,296520,买盘,002415,2025-10-17 22:22:33
09:49:30,32.96,0.01,647,2133230,买盘,002415,2025-10-17 22:22:33
09:49:33,32.95,-0.01,161,530521,卖盘,002415,2025-10-17 22:22:33
09:49:36,32.95,0.0,95,313005,买盘,002415,2025-10-17 22:22:33
09:49:39,32.93,-0.02,1155,3804128,卖盘,002415,2025-10-17 22:22:33
09:49:42,32.95,0.02,631,2079102,买盘,002415,2025-10-17 22:22:33
09:49:45,32.95,0.0,118,388813,卖盘,002415,2025-10-17 22:22:33
09:49:48,32.94,-0.01,668,2200957,卖盘,002415,2025-10-17 22:22:33
09:49:51,32.94,0.0,72,237163,买盘,002415,2025-10-17 22:22:33
09:49:54,32.94,0.0,74,243729,买盘,002415,2025-10-17 22:22:33
09:49:57,32.93,-0.01,84,276670,卖盘,002415,2025-10-17 22:22:33
09:50:00,32.94,0.01,169,556587,买盘,002415,2025-10-17 22:22:33
09:50:03,32.92,-0.02,166,546469,卖盘,002415,2025-10-17 22:22:33
09:50:06,32.92,0.0,160,526586,买盘,002415,2025-10-17 22:22:33
09:50:09,32.91,-0.01,268,882017,卖盘,002415,2025-10-17 22:22:33
09:50:12,32.9,-0.01,68,223757,卖盘,002415,2025-10-17 22:22:33
09:50:15,32.91,0.01,63,207305,买盘,002415,2025-10-17 22:22:33
09:50:18,32.91,0.0,69,227021,买盘,002415,2025-10-17 22:22:33
09:50:21,32.91,0.0,121,398157,买盘,002415,2025-10-17 22:22:33
09:50:24,32.9,-0.01,161,529715,卖盘,002415,2025-10-17 22:22:33
09:50:27,32.9,0.0,455,1496973,卖盘,002415,2025-10-17 22:22:33
09:50:30,32.91,0.01,494,1625355,买盘,002415,2025-10-17 22:22:33
09:50:33,32.9,-0.01,177,582365,卖盘,002415,2025-10-17 22:22:33
09:50:36,32.89,-0.01,156,513276,卖盘,002415,2025-10-17 22:22:33
09:50:39,32.89,0.0,1198,3940076,卖盘,002415,2025-10-17 22:22:33
09:50:42,32.89,0.0,35,115124,中性盘,002415,2025-10-17 22:22:33
09:50:45,32.88,-0.01,356,1170535,卖盘,002415,2025-10-17 22:22:33
09:50:48,32.87,-0.01,269,884266,卖盘,002415,2025-10-17 22:22:33
09:50:51,32.85,-0.02,1079,3545624,卖盘,002415,2025-10-17 22:22:33
09:50:54,32.85,0.0,116,381083,卖盘,002415,2025-10-17 22:22:33
09:50:57,32.85,0.0,223,732565,卖盘,002415,2025-10-17 22:22:33
09:51:00,32.86,0.01,252,827867,买盘,002415,2025-10-17 22:22:33
09:51:03,32.83,-0.03,1201,3944812,卖盘,002415,2025-10-17 22:22:33
09:51:06,32.82,-0.01,257,843831,卖盘,002415,2025-10-17 22:22:33
09:51:09,32.81,-0.01,742,2435241,卖盘,002415,2025-10-17 22:22:33
09:51:12,32.82,0.01,174,570983,中性盘,002415,2025-10-17 22:22:33
09:51:15,32.82,0.0,1916,6289111,买盘,002415,2025-10-17 22:22:33
09:51:18,32.82,0.0,750,2462421,卖盘,002415,2025-10-17 22:22:33
09:51:21,32.84,0.02,302,991535,卖盘,002415,2025-10-17 22:22:33
09:51:24,32.86,0.02,1348,4429497,买盘,002415,2025-10-17 22:22:33
09:51:27,32.86,0.0,77,253016,卖盘,002415,2025-10-17 22:22:33
09:51:30,32.86,0.0,308,1012255,卖盘,002415,2025-10-17 22:22:33
09:51:33,32.89,0.03,438,1439169,买盘,002415,2025-10-17 22:22:33
09:51:36,32.87,-0.02,278,913768,卖盘,002415,2025-10-17 22:22:33
09:51:39,32.89,0.02,227,746458,买盘,002415,2025-10-17 22:22:33
09:51:42,32.89,0.0,119,391393,卖盘,002415,2025-10-17 22:22:33
09:51:45,32.9,0.01,365,1200524,买盘,002415,2025-10-17 22:22:33
09:51:48,32.89,-0.01,157,516415,卖盘,002415,2025-10-17 22:22:33
09:51:51,32.89,0.0,58,190733,买盘,002415,2025-10-17 22:22:33
09:51:54,32.88,-0.01,538,1768642,卖盘,002415,2025-10-17 22:22:33
09:51:57,32.89,0.01,91,299259,买盘,002415,2025-10-17 22:22:33
09:52:00,32.89,0.0,180,592020,卖盘,002415,2025-10-17 22:22:33
09:52:03,32.89,0.0,105,345346,卖盘,002415,2025-10-17 22:22:33
09:52:06,32.89,0.0,342,1125057,卖盘,002415,2025-10-17 22:22:33
09:52:09,32.89,0.0,141,463822,卖盘,002415,2025-10-17 22:22:33
09:52:12,32.89,0.0,44,144714,买盘,002415,2025-10-17 22:22:33
09:52:15,32.9,0.01,94,309168,买盘,002415,2025-10-17 22:22:33
09:52:18,32.9,0.0,56,184213,买盘,002415,2025-10-17 22:22:33
09:52:21,32.89,-0.01,284,934224,卖盘,002415,2025-10-17 22:22:33
09:52:24,32.91,0.02,288,947749,买盘,002415,2025-10-17 22:22:33
09:52:27,32.91,0.0,333,1095898,买盘,002415,2025-10-17 22:22:33
09:52:30,32.93,0.02,357,1174944,买盘,002415,2025-10-17 22:22:33
09:52:33,32.93,0.0,743,2448041,卖盘,002415,2025-10-17 22:22:33
09:52:36,32.93,0.0,38,125167,卖盘,002415,2025-10-17 22:22:33
09:52:39,32.93,0.0,624,2056927,卖盘,002415,2025-10-17 22:22:33
09:52:42,32.94,0.01,773,2546234,买盘,002415,2025-10-17 22:22:33
09:52:45,32.95,0.01,2650,8722413,买盘,002415,2025-10-17 22:22:33
09:52:48,32.95,0.0,173,569950,买盘,002415,2025-10-17 22:22:33
09:52:51,32.94,-0.01,135,444672,卖盘,002415,2025-10-17 22:22:33
09:52:54,32.93,-0.01,129,424750,中性盘,002415,2025-10-17 22:22:33
09:52:57,32.92,-0.01,96,315966,中性盘,002415,2025-10-17 22:22:33
09:53:00,32.92,0.0,170,559589,买盘,002415,2025-10-17 22:22:33
09:53:03,32.91,-0.01,31,102028,中性盘,002415,2025-10-17 22:22:33
09:53:06,32.93,0.02,119,391790,买盘,002415,2025-10-17 22:22:33
09:53:09,32.92,-0.01,68,223849,中性盘,002415,2025-10-17 22:22:33
09:53:12,32.91,-0.01,18,59246,卖盘,002415,2025-10-17 22:22:33
09:53:15,32.92,0.01,156,513403,卖盘,002415,2025-10-17 22:22:33
09:53:18,32.93,0.01,243,800069,买盘,002415,2025-10-17 22:22:33
09:53:21,32.93,0.0,241,793627,卖盘,002415,2025-10-17 22:22:33
09:53:24,32.92,-0.01,127,418210,卖盘,002415,2025-10-17 22:22:33
09:53:27,32.91,-0.01,143,470763,卖盘,002415,2025-10-17 22:22:33
09:53:30,32.88,-0.03,896,2947799,卖盘,002415,2025-10-17 22:22:33
09:53:33,32.89,0.01,523,1719941,买盘,002415,2025-10-17 22:22:33
09:53:36,32.89,0.0,173,569042,卖盘,002415,2025-10-17 22:22:33
09:53:39,32.88,-0.01,139,457162,卖盘,002415,2025-10-17 22:22:33
09:53:42,32.89,0.01,149,490043,买盘,002415,2025-10-17 22:22:33
09:53:45,32.88,-0.01,178,585318,卖盘,002415,2025-10-17 22:22:33
09:53:48,32.88,0.0,124,407814,卖盘,002415,2025-10-17 22:22:33
09:53:51,32.89,0.01,262,861483,买盘,002415,2025-10-17 22:22:33
09:53:54,32.88,-0.01,81,266324,中性盘,002415,2025-10-17 22:22:33
09:53:57,32.9,0.02,660,2171174,买盘,002415,2025-10-17 22:22:33
09:54:00,32.88,-0.02,312,1026321,卖盘,002415,2025-10-17 22:22:33
09:54:03,32.87,-0.01,695,2284507,卖盘,002415,2025-10-17 22:22:33
09:54:06,32.85,-0.02,392,1287992,卖盘,002415,2025-10-17 22:22:33
09:54:09,32.85,0.0,828,2719948,卖盘,002415,2025-10-17 22:22:33
09:54:12,32.84,-0.01,2822,9262832,中性盘,002415,2025-10-17 22:22:33
09:54:15,32.84,0.0,134,439856,买盘,002415,2025-10-17 22:22:33
09:54:18,32.83,-0.01,456,1496655,买盘,002415,2025-10-17 22:22:33
09:54:21,32.83,0.0,502,1647678,买盘,002415,2025-10-17 22:22:33
09:54:24,32.83,0.0,610,2002434,买盘,002415,2025-10-17 22:22:33
09:54:27,32.83,0.0,198,650021,买盘,002415,2025-10-17 22:22:33
09:54:30,32.83,0.0,127,416944,卖盘,002415,2025-10-17 22:22:33
09:54:33,32.83,0.0,280,919259,卖盘,002415,2025-10-17 22:22:33
09:54:36,32.83,0.0,397,1303358,卖盘,002415,2025-10-17 22:22:33
09:54:39,32.83,0.0,185,607306,买盘,002415,2025-10-17 22:22:33
09:54:42,32.83,0.0,191,627019,买盘,002415,2025-10-17 22:22:33
09:54:45,32.82,-0.01,2442,8014749,卖盘,002415,2025-10-17 22:22:33
09:54:48,32.82,0.0,746,2448573,卖盘,002415,2025-10-17 22:22:33
09:54:51,32.82,0.0,523,1716540,卖盘,002415,2025-10-17 22:22:33
09:54:54,32.83,0.01,1115,3659588,买盘,002415,2025-10-17 22:22:33
09:54:57,32.82,-0.01,568,1864232,卖盘,002415,2025-10-17 22:22:33
09:55:00,32.83,0.01,369,1211219,买盘,002415,2025-10-17 22:22:33
09:55:03,32.82,-0.01,151,495603,卖盘,002415,2025-10-17 22:22:33
09:55:06,32.82,0.0,732,2402491,卖盘,002415,2025-10-17 22:22:33
09:55:09,32.82,0.0,459,1506537,卖盘,002415,2025-10-17 22:22:33
09:55:12,32.82,0.0,331,1086300,卖盘,002415,2025-10-17 22:22:33
09:55:15,32.81,-0.01,2096,6876628,卖盘,002415,2025-10-17 22:22:33
09:55:18,32.77,-0.04,6810,22333041,卖盘,002415,2025-10-17 22:22:33
09:55:21,32.76,-0.01,908,2973415,中性盘,002415,2025-10-17 22:22:33
09:55:24,32.74,-0.02,472,1545768,中性盘,002415,2025-10-17 22:22:33
09:55:27,32.76,0.02,572,1874394,卖盘,002415,2025-10-17 22:22:33
09:55:30,32.76,0.0,1004,3288623,卖盘,002415,2025-10-17 22:22:33
09:55:33,32.77,0.01,307,1005722,买盘,002415,2025-10-17 22:22:33
09:55:36,32.77,0.0,84,275315,卖盘,002415,2025-10-17 22:22:33
09:55:39,32.81,0.04,1092,3583025,买盘,002415,2025-10-17 22:22:33
09:55:42,32.81,0.0,323,1059971,卖盘,002415,2025-10-17 22:22:33
09:55:45,32.83,0.02,286,938619,买盘,002415,2025-10-17 22:22:33
09:55:48,32.81,-0.02,693,2273853,卖盘,002415,2025-10-17 22:22:33
09:55:51,32.82,0.01,136,446279,中性盘,002415,2025-10-17 22:22:33
09:55:54,32.8,-0.02,475,1558415,卖盘,002415,2025-10-17 22:22:33
09:55:57,32.8,0.0,29,95145,卖盘,002415,2025-10-17 22:22:33
09:56:00,32.8,0.0,85,278840,卖盘,002415,2025-10-17 22:22:33
09:56:03,32.8,0.0,155,508424,卖盘,002415,2025-10-17 22:22:33
09:56:06,32.79,-0.01,338,1108394,卖盘,002415,2025-10-17 22:22:33
09:56:09,32.79,0.0,212,695103,买盘,002415,2025-10-17 22:22:33
09:56:12,32.8,0.01,82,268874,买盘,002415,2025-10-17 22:22:33
09:56:15,32.78,-0.02,288,944100,卖盘,002415,2025-10-17 22:22:33
09:56:18,32.78,0.0,174,570370,买盘,002415,2025-10-17 22:22:33
09:56:21,32.78,0.0,404,1324046,买盘,002415,2025-10-17 22:22:33
09:56:24,32.78,0.0,387,1268760,买盘,002415,2025-10-17 22:22:33
09:56:27,32.78,0.0,609,1996797,卖盘,002415,2025-10-17 22:22:33
09:56:30,32.78,0.0,101,331119,卖盘,002415,2025-10-17 22:22:33
09:56:33,32.8,0.02,80,262439,卖盘,002415,2025-10-17 22:22:33
09:56:36,32.79,-0.01,240,787161,卖盘,002415,2025-10-17 22:22:33
09:56:39,32.8,0.01,207,678930,买盘,002415,2025-10-17 22:22:33
09:56:42,32.8,0.0,2124,6963299,买盘,002415,2025-10-17 22:22:33
09:56:45,32.8,0.0,482,1581046,买盘,002415,2025-10-17 22:22:33
09:56:48,32.81,0.01,192,629888,买盘,002415,2025-10-17 22:22:33
09:56:51,32.81,0.0,112,367432,买盘,002415,2025-10-17 22:22:33
09:56:54,32.81,0.0,338,1108972,买盘,002415,2025-10-17 22:22:33
09:56:57,32.8,-0.01,186,610218,卖盘,002415,2025-10-17 22:22:33
09:57:00,32.81,0.01,45,147648,买盘,002415,2025-10-17 22:22:33
09:57:03,32.81,0.0,61,200145,卖盘,002415,2025-10-17 22:22:33
09:57:06,32.81,0.0,111,364240,卖盘,002415,2025-10-17 22:22:33
09:57:09,32.82,0.01,188,616914,买盘,002415,2025-10-17 22:22:33
09:57:12,32.81,-0.01,55,180468,卖盘,002415,2025-10-17 22:22:33
09:57:15,32.82,0.01,299,981407,买盘,002415,2025-10-17 22:22:33
09:57:18,32.83,0.01,96,315116,买盘,002415,2025-10-17 22:22:33
09:57:21,32.82,-0.01,74,242881,卖盘,002415,2025-10-17 22:22:33
09:57:24,32.83,0.01,262,860165,买盘,002415,2025-10-17 22:22:33
09:57:27,32.83,0.0,145,476035,卖盘,002415,2025-10-17 22:22:33
09:57:30,32.84,0.01,231,758518,中性盘,002415,2025-10-17 22:22:33
09:57:33,32.85,0.01,17,55847,买盘,002415,2025-10-17 22:22:33
09:57:36,32.86,0.01,96,315379,买盘,002415,2025-10-17 22:22:33
09:57:39,32.86,0.0,230,755705,卖盘,002415,2025-10-17 22:22:33
09:57:42,32.85,-0.01,784,2575393,卖盘,002415,2025-10-17 22:22:33
09:57:45,32.85,0.0,864,2838784,买盘,002415,2025-10-17 22:22:33
09:57:48,32.86,0.01,101,331810,中性盘,002415,2025-10-17 22:22:33
09:57:51,32.85,-0.01,93,305599,卖盘,002415,2025-10-17 22:22:33
09:57:54,32.86,0.01,50,164291,中性盘,002415,2025-10-17 22:22:33
09:57:57,32.87,0.01,220,722912,买盘,002415,2025-10-17 22:22:33
09:58:00,32.84,-0.03,1744,5728049,卖盘,002415,2025-10-17 22:22:33
09:58:03,32.83,-0.01,468,1536592,卖盘,002415,2025-10-17 22:22:33
09:58:06,32.84,0.01,202,663323,买盘,002415,2025-10-17 22:22:33
09:58:09,32.83,-0.01,161,528607,卖盘,002415,2025-10-17 22:22:33
09:58:12,32.83,0.0,225,738855,卖盘,002415,2025-10-17 22:22:33
09:58:15,32.85,0.02,48,157604,买盘,002415,2025-10-17 22:22:33
09:58:18,32.83,-0.02,279,916067,卖盘,002415,2025-10-17 22:22:33
09:58:21,32.84,0.01,162,531951,买盘,002415,2025-10-17 22:22:33
09:58:24,32.83,-0.01,80,262711,卖盘,002415,2025-10-17 22:22:33
09:58:27,32.84,0.01,111,364447,中性盘,002415,2025-10-17 22:22:33
09:58:30,32.83,-0.01,563,1848558,卖盘,002415,2025-10-17 22:22:33
09:58:33,32.82,-0.01,112,367640,卖盘,002415,2025-10-17 22:22:33
09:58:36,32.82,0.0,88,288814,卖盘,002415,2025-10-17 22:22:33
09:58:39,32.83,0.01,79,259299,买盘,002415,2025-10-17 22:22:33
09:58:42,32.83,0.0,132,433271,买盘,002415,2025-10-17 22:22:33
09:58:45,32.83,0.0,118,387359,卖盘,002415,2025-10-17 22:22:33
09:58:48,32.83,0.0,43,141162,买盘,002415,2025-10-17 22:22:33
09:58:51,32.83,0.0,303,994515,买盘,002415,2025-10-17 22:22:33
09:58:54,32.82,-0.01,158,518597,卖盘,002415,2025-10-17 22:22:33
09:58:57,32.82,0.0,73,239598,卖盘,002415,2025-10-17 22:22:33
09:59:00,32.82,0.0,54,177202,买盘,002415,2025-10-17 22:22:33
09:59:03,32.81,-0.01,40,131249,卖盘,002415,2025-10-17 22:22:33
09:59:06,32.82,0.01,272,892554,买盘,002415,2025-10-17 22:22:33
09:59:09,32.82,0.0,174,570999,卖盘,002415,2025-10-17 22:22:33
09:59:12,32.83,0.01,237,777843,买盘,002415,2025-10-17 22:22:33
09:59:15,32.82,-0.01,34,111584,卖盘,002415,2025-10-17 22:22:33
09:59:18,32.82,0.0,54,177224,买盘,002415,2025-10-17 22:22:33
09:59:21,32.82,0.0,156,511988,买盘,002415,2025-10-17 22:22:33
09:59:24,32.82,0.0,393,1289889,买盘,002415,2025-10-17 22:22:33
09:59:27,32.82,0.0,228,748325,卖盘,002415,2025-10-17 22:22:33
09:59:30,32.81,-0.01,1049,3442906,卖盘,002415,2025-10-17 22:22:33
09:59:33,32.8,-0.01,134,439578,卖盘,002415,2025-10-17 22:22:33
09:59:36,32.8,0.0,1638,5373277,卖盘,002415,2025-10-17 22:22:33
09:59:39,32.78,-0.02,106,347512,卖盘,002415,2025-10-17 22:22:33
09:59:42,32.76,-0.02,1363,4466705,卖盘,002415,2025-10-17 22:22:33
09:59:45,32.75,-0.01,89,291508,卖盘,002415,2025-10-17 22:22:33
09:59:48,32.76,0.01,95,311156,买盘,002415,2025-10-17 22:22:33
09:59:51,32.76,0.0,407,1333309,买盘,002415,2025-10-17 22:22:33
09:59:54,32.75,-0.01,315,1031806,卖盘,002415,2025-10-17 22:22:33
09:59:57,32.75,0.0,392,1283890,卖盘,002415,2025-10-17 22:22:33
10:00:00,32.76,0.01,827,2709200,买盘,002415,2025-10-17 22:22:33
10:00:03,32.76,0.0,377,1234723,买盘,002415,2025-10-17 22:22:33
10:00:06,32.75,-0.01,287,939906,卖盘,002415,2025-10-17 22:22:33
10:00:09,32.76,0.01,650,2128966,买盘,002415,2025-10-17 22:22:33
10:00:12,32.75,-0.01,365,1195145,卖盘,002415,2025-10-17 22:22:33
10:00:15,32.73,-0.02,403,1319169,卖盘,002415,2025-10-17 22:22:33
10:00:18,32.74,0.01,206,674314,买盘,002415,2025-10-17 22:22:33
10:00:21,32.72,-0.02,377,1233815,卖盘,002415,2025-10-17 22:22:33
10:00:24,32.73,0.01,325,1063506,买盘,002415,2025-10-17 22:22:33
10:00:27,32.73,0.0,297,971903,买盘,002415,2025-10-17 22:22:33
10:00:30,32.72,-0.01,731,2391942,卖盘,002415,2025-10-17 22:22:33
10:00:33,32.72,0.0,221,722992,买盘,002415,2025-10-17 22:22:33
10:00:36,32.72,0.0,143,467846,买盘,002415,2025-10-17 22:22:33
10:00:39,32.71,-0.01,1068,3493970,卖盘,002415,2025-10-17 22:22:33
10:00:42,32.71,0.0,521,1704337,卖盘,002415,2025-10-17 22:22:33
10:00:45,32.71,0.0,921,3012651,卖盘,002415,2025-10-17 22:22:33
10:00:48,32.7,-0.01,491,1605630,卖盘,002415,2025-10-17 22:22:33
10:00:51,32.7,0.0,2613,8545480,卖盘,002415,2025-10-17 22:22:33
10:00:54,32.7,0.0,237,774170,卖盘,002415,2025-10-17 22:22:33
10:00:57,32.7,0.0,392,1281708,买盘,002415,2025-10-17 22:22:33
10:01:00,32.7,0.0,237,774966,买盘,002415,2025-10-17 22:22:33
10:01:03,32.69,-0.01,296,967628,卖盘,002415,2025-10-17 22:22:33
10:01:06,32.7,0.01,335,1095156,买盘,002415,2025-10-17 22:22:33
10:01:09,32.69,-0.01,350,1144171,卖盘,002415,2025-10-17 22:22:33
10:01:12,32.68,-0.01,137,447859,卖盘,002415,2025-10-17 22:22:33
10:01:15,32.69,0.01,608,1988722,买盘,002415,2025-10-17 22:22:33
10:01:18,32.69,0.0,579,1892303,卖盘,002415,2025-10-17 22:22:33
10:01:21,32.69,0.0,187,611207,买盘,002415,2025-10-17 22:22:33
10:01:24,32.69,0.0,241,787825,买盘,002415,2025-10-17 22:22:33
10:01:27,32.69,0.0,506,1654146,卖盘,002415,2025-10-17 22:22:33
10:01:30,32.69,0.0,2066,6752002,卖盘,002415,2025-10-17 22:22:33
10:01:33,32.67,-0.02,553,1806647,卖盘,002415,2025-10-17 22:22:33
10:01:36,32.66,-0.01,68,222115,卖盘,002415,2025-10-17 22:22:33
10:01:39,32.66,0.0,832,2717647,卖盘,002415,2025-10-17 22:22:33
10:01:42,32.68,0.02,551,1799633,买盘,002415,2025-10-17 22:22:33
10:01:45,32.66,-0.02,227,741390,卖盘,002415,2025-10-17 22:22:33
10:01:48,32.65,-0.01,438,1430245,卖盘,002415,2025-10-17 22:22:33
10:01:51,32.65,0.0,460,1502219,卖盘,002415,2025-10-17 22:22:33
10:01:54,32.66,0.01,496,1619605,买盘,002415,2025-10-17 22:22:33
10:01:57,32.65,-0.01,1400,4571185,卖盘,002415,2025-10-17 22:22:33
10:02:00,32.64,-0.01,825,2693167,卖盘,002415,2025-10-17 22:22:33
10:02:03,32.63,-0.01,1350,4407648,卖盘,002415,2025-10-17 22:22:33
10:02:06,32.64,0.01,286,933354,中性盘,002415,2025-10-17 22:22:33
10:02:09,32.64,0.0,428,1397068,买盘,002415,2025-10-17 22:22:33
10:02:12,32.64,0.0,208,678849,卖盘,002415,2025-10-17 22:22:33
10:02:15,32.64,0.0,676,2207314,卖盘,002415,2025-10-17 22:22:33
10:02:18,32.65,0.01,609,1988307,卖盘,002415,2025-10-17 22:22:33
10:02:21,32.69,0.04,1405,4588493,买盘,002415,2025-10-17 22:22:33
10:02:24,32.68,-0.01,165,539123,卖盘,002415,2025-10-17 22:22:33
10:02:27,32.7,0.02,93,303951,买盘,002415,2025-10-17 22:22:33
10:02:30,32.69,-0.01,171,559116,卖盘,002415,2025-10-17 22:22:33
10:02:33,32.7,0.01,332,1085531,买盘,002415,2025-10-17 22:22:33
10:02:36,32.7,0.0,489,1598663,卖盘,002415,2025-10-17 22:22:33
10:02:39,32.7,0.0,1232,4028166,卖盘,002415,2025-10-17 22:22:33
10:02:42,32.69,-0.01,696,2276503,中性盘,002415,2025-10-17 22:22:33
10:02:45,32.7,0.01,166,542741,买盘,002415,2025-10-17 22:22:33
10:02:48,32.69,-0.01,173,566558,卖盘,002415,2025-10-17 22:22:33
10:02:51,32.7,0.01,390,1274314,卖盘,002415,2025-10-17 22:22:33
10:02:54,32.7,0.0,127,415256,买盘,002415,2025-10-17 22:22:33
10:02:57,32.7,0.0,94,307491,卖盘,002415,2025-10-17 22:22:33
10:03:00,32.71,0.01,247,807836,中性盘,002415,2025-10-17 22:22:33
10:03:03,32.72,0.01,286,935821,买盘,002415,2025-10-17 22:22:33
10:03:06,32.71,-0.01,515,1684662,卖盘,002415,2025-10-17 22:22:33
10:03:09,32.71,0.0,1034,3382322,卖盘,002415,2025-10-17 22:22:33
10:03:12,32.72,0.01,903,2953606,买盘,002415,2025-10-17 22:22:33
10:03:15,32.71,-0.01,481,1573072,卖盘,002415,2025-10-17 22:22:33
10:03:18,32.71,0.0,383,1252556,买盘,002415,2025-10-17 22:22:33
10:03:21,32.68,-0.03,499,1631516,卖盘,002415,2025-10-17 22:22:33
10:03:24,32.69,0.01,180,588539,中性盘,002415,2025-10-17 22:22:33
10:03:27,32.7,0.01,150,490346,买盘,002415,2025-10-17 22:22:33
10:03:30,32.69,-0.01,264,863284,卖盘,002415,2025-10-17 22:22:33
10:03:33,32.69,0.0,73,238623,买盘,002415,2025-10-17 22:22:33
10:03:36,32.68,-0.01,352,1150405,卖盘,002415,2025-10-17 22:22:33
10:03:39,32.68,0.0,237,774485,买盘,002415,2025-10-17 22:22:33
10:03:42,32.68,0.0,206,673188,买盘,002415,2025-10-17 22:22:33
10:03:45,32.69,0.01,265,866092,买盘,002415,2025-10-17 22:22:33
10:03:48,32.69,0.0,168,549061,买盘,002415,2025-10-17 22:22:33
10:03:51,32.68,-0.01,631,2062094,卖盘,002415,2025-10-17 22:22:33
10:03:54,32.68,0.0,185,604563,买盘,002415,2025-10-17 22:22:33
10:03:57,32.68,0.0,145,473779,买盘,002415,2025-10-17 22:22:33
10:04:00,32.67,-0.01,395,1290820,卖盘,002415,2025-10-17 22:22:33
10:04:03,32.66,-0.01,386,1260963,卖盘,002415,2025-10-17 22:22:33
10:04:06,32.66,0.0,641,2093555,卖盘,002415,2025-10-17 22:22:33
10:04:09,32.67,0.01,351,1146434,买盘,002415,2025-10-17 22:22:33
10:04:12,32.68,0.01,88,287511,买盘,002415,2025-10-17 22:22:33
10:04:15,32.68,0.0,182,594613,买盘,002415,2025-10-17 22:22:33
10:04:18,32.68,0.0,152,496660,买盘,002415,2025-10-17 22:22:33
10:04:21,32.68,0.0,380,1241807,买盘,002415,2025-10-17 22:22:33
10:04:24,32.68,0.0,248,810603,卖盘,002415,2025-10-17 22:22:33
10:04:27,32.7,0.02,10,32694,买盘,002415,2025-10-17 22:22:33
10:04:30,32.7,0.0,231,755340,买盘,002415,2025-10-17 22:22:33
10:04:33,32.7,0.0,913,2984825,买盘,002415,2025-10-17 22:22:33
10:04:36,32.71,0.01,215,703074,买盘,002415,2025-10-17 22:22:33
10:04:39,32.71,0.0,185,605080,买盘,002415,2025-10-17 22:22:33
10:04:42,32.71,0.0,60,196254,买盘,002415,2025-10-17 22:22:33
10:04:45,32.72,0.01,89,291132,买盘,002415,2025-10-17 22:22:33
10:04:48,32.71,-0.01,621,2031292,卖盘,002415,2025-10-17 22:22:33
10:04:51,32.72,0.01,305,997766,买盘,002415,2025-10-17 22:22:33
10:04:54,32.73,0.01,115,376252,买盘,002415,2025-10-17 22:22:33
10:04:57,32.73,0.0,75,245474,买盘,002415,2025-10-17 22:22:33
10:05:00,32.72,-0.01,160,523636,卖盘,002415,2025-10-17 22:22:33
10:05:03,32.73,0.01,256,838205,卖盘,002415,2025-10-17 22:22:33
10:05:06,32.75,0.02,32,104776,买盘,002415,2025-10-17 22:22:33
10:05:09,32.74,-0.01,133,435459,卖盘,002415,2025-10-17 22:22:33
10:05:12,32.75,0.01,49,160475,买盘,002415,2025-10-17 22:22:33
10:05:15,32.75,0.0,168,550293,卖盘,002415,2025-10-17 22:22:33
10:05:18,32.76,0.01,120,393113,买盘,002415,2025-10-17 22:22:33
10:05:21,32.76,0.0,106,347287,卖盘,002415,2025-10-17 22:22:33
10:05:24,32.78,0.02,217,710908,买盘,002415,2025-10-17 22:22:33
10:05:27,32.78,0.0,1741,5703870,买盘,002415,2025-10-17 22:22:33
10:05:30,32.78,0.0,311,1019083,买盘,002415,2025-10-17 22:22:33
10:05:33,32.78,0.0,291,953639,买盘,002415,2025-10-17 22:22:33
10:05:36,32.75,-0.03,272,891317,卖盘,002415,2025-10-17 22:22:33
10:05:39,32.77,0.02,225,737319,中性盘,002415,2025-10-17 22:22:33
10:05:42,32.77,0.0,385,1261255,买盘,002415,2025-10-17 22:22:33
10:05:45,32.78,0.01,186,609577,买盘,002415,2025-10-17 22:22:33
10:05:48,32.77,-0.01,408,1336850,卖盘,002415,2025-10-17 22:22:33
10:05:51,32.76,-0.01,144,471720,卖盘,002415,2025-10-17 22:22:33
10:05:54,32.77,0.01,260,851583,买盘,002415,2025-10-17 22:22:33
10:05:57,32.77,0.0,134,439001,买盘,002415,2025-10-17 22:22:33
10:06:00,32.77,0.0,83,271993,买盘,002415,2025-10-17 22:22:33
10:06:03,32.76,-0.01,744,2437620,卖盘,002415,2025-10-17 22:22:33
10:06:06,32.75,-0.01,339,1110491,卖盘,002415,2025-10-17 22:22:33
10:06:09,32.77,0.02,456,1494101,买盘,002415,2025-10-17 22:22:33
10:06:12,32.77,0.0,149,488324,买盘,002415,2025-10-17 22:22:33
10:06:15,32.77,0.0,39,127824,卖盘,002415,2025-10-17 22:22:33
10:06:18,32.76,-0.01,210,688129,卖盘,002415,2025-10-17 22:22:33
10:06:21,32.77,0.01,134,439077,买盘,002415,2025-10-17 22:22:33
10:06:24,32.76,-0.01,23,75345,中性盘,002415,2025-10-17 22:22:33
10:06:27,32.77,0.01,50,163840,买盘,002415,2025-10-17 22:22:33
10:06:30,32.76,-0.01,240,786341,卖盘,002415,2025-10-17 22:22:33
10:06:33,32.76,0.0,102,334092,买盘,002415,2025-10-17 22:22:33
10:06:36,32.77,0.01,350,1146754,买盘,002415,2025-10-17 22:22:33
10:06:39,32.76,-0.01,295,966322,卖盘,002415,2025-10-17 22:22:33
10:06:42,32.76,0.0,68,222788,卖盘,002415,2025-10-17 22:22:33
10:06:45,32.76,0.0,230,753319,卖盘,002415,2025-10-17 22:22:33
10:06:48,32.76,0.0,83,271901,买盘,002415,2025-10-17 22:22:33
10:06:51,32.73,-0.03,422,1382109,卖盘,002415,2025-10-17 22:22:33
10:06:54,32.72,-0.01,199,651289,卖盘,002415,2025-10-17 22:22:33
10:06:57,32.74,0.02,294,962685,买盘,002415,2025-10-17 22:22:33
10:07:00,32.74,0.0,123,402778,买盘,002415,2025-10-17 22:22:33
10:07:03,32.74,0.0,87,284736,卖盘,002415,2025-10-17 22:22:33
10:07:06,32.74,0.0,28,91666,买盘,002415,2025-10-17 22:22:33
10:07:09,32.74,0.0,201,658029,买盘,002415,2025-10-17 22:22:33
10:07:12,32.74,0.0,115,376580,卖盘,002415,2025-10-17 22:22:33
10:07:15,32.75,0.01,110,360200,买盘,002415,2025-10-17 22:22:33
10:07:18,32.75,0.0,587,1922741,买盘,002415,2025-10-17 22:22:33
10:07:21,32.76,0.01,68,222711,买盘,002415,2025-10-17 22:22:33
10:07:24,32.75,-0.01,118,386520,卖盘,002415,2025-10-17 22:22:33
10:07:27,32.75,0.0,176,576414,卖盘,002415,2025-10-17 22:22:33
10:07:30,32.75,0.0,113,370055,买盘,002415,2025-10-17 22:22:33
10:07:33,32.75,0.0,208,681079,买盘,002415,2025-10-17 22:22:33
10:07:36,32.76,0.01,68,222754,买盘,002415,2025-10-17 22:22:33
10:07:39,32.76,0.0,296,969650,买盘,002415,2025-10-17 22:22:33
10:07:42,32.76,0.0,142,465258,卖盘,002415,2025-10-17 22:22:33
10:07:45,32.76,0.0,109,357107,卖盘,002415,2025-10-17 22:22:33
10:07:48,32.77,0.01,281,920875,买盘,002415,2025-10-17 22:22:33
10:07:51,32.77,0.0,53,173693,卖盘,002415,2025-10-17 22:22:33
10:07:54,32.78,0.01,345,1130586,买盘,002415,2025-10-17 22:22:33
10:07:57,32.78,0.0,365,1196463,买盘,002415,2025-10-17 22:22:33
10:08:00,32.78,0.0,57,186882,卖盘,002415,2025-10-17 22:22:33
10:08:03,32.79,0.01,214,701574,买盘,002415,2025-10-17 22:22:33
10:08:06,32.79,0.0,103,337718,买盘,002415,2025-10-17 22:22:33
10:08:09,32.79,0.0,76,249208,卖盘,002415,2025-10-17 22:22:33
10:08:12,32.8,0.01,499,1636502,买盘,002415,2025-10-17 22:22:33
10:08:15,32.8,0.0,371,1216792,买盘,002415,2025-10-17 22:22:33
10:08:18,32.8,0.0,1023,3355461,卖盘,002415,2025-10-17 22:22:33
10:08:21,32.81,0.01,759,2489934,买盘,002415,2025-10-17 22:22:33
10:08:24,32.81,0.0,121,397006,卖盘,002415,2025-10-17 22:22:33
10:08:27,32.81,0.0,89,292039,卖盘,002415,2025-10-17 22:22:33
10:08:30,32.81,0.0,753,2470584,卖盘,002415,2025-10-17 22:22:33
10:08:33,32.79,-0.02,288,944713,卖盘,002415,2025-10-17 22:22:33
10:08:36,32.82,0.03,177,580649,买盘,002415,2025-10-17 22:22:33
10:08:39,32.8,-0.02,306,1003428,卖盘,002415,2025-10-17 22:22:33
10:08:42,32.8,0.0,96,314920,卖盘,002415,2025-10-17 22:22:33
10:08:45,32.79,-0.01,504,1653057,卖盘,002415,2025-10-17 22:22:33
10:08:48,32.81,0.02,144,472300,买盘,002415,2025-10-17 22:22:33
10:08:51,32.8,-0.01,86,282059,卖盘,002415,2025-10-17 22:22:33
10:08:54,32.79,-0.01,84,275498,中性盘,002415,2025-10-17 22:22:33
10:08:57,32.79,0.0,149,488628,卖盘,002415,2025-10-17 22:22:33
10:09:00,32.77,-0.02,770,2524850,卖盘,002415,2025-10-17 22:22:33
10:09:03,32.78,0.01,338,1107754,买盘,002415,2025-10-17 22:22:33
10:09:06,32.76,-0.02,67,219540,卖盘,002415,2025-10-17 22:22:33
10:09:09,32.77,0.01,54,176949,买盘,002415,2025-10-17 22:22:33
10:09:12,32.78,0.01,52,170425,买盘,002415,2025-10-17 22:22:33
10:09:15,32.77,-0.01,105,344085,卖盘,002415,2025-10-17 22:22:33
10:09:18,32.78,0.01,10,32782,卖盘,002415,2025-10-17 22:22:33
10:09:21,32.79,0.01,72,236017,买盘,002415,2025-10-17 22:22:33
10:09:24,32.78,-0.01,82,268866,卖盘,002415,2025-10-17 22:22:33
10:09:27,32.79,0.01,90,295021,中性盘,002415,2025-10-17 22:22:33
10:09:30,32.8,0.01,63,206574,买盘,002415,2025-10-17 22:22:33
10:09:33,32.79,-0.01,38,124608,卖盘,002415,2025-10-17 22:22:33
10:09:36,32.79,0.0,136,445907,卖盘,002415,2025-10-17 22:22:33
10:09:39,32.78,-0.01,227,744065,卖盘,002415,2025-10-17 22:22:33
10:09:42,32.78,0.0,205,671668,买盘,002415,2025-10-17 22:22:33
10:09:45,32.77,-0.01,114,373532,买盘,002415,2025-10-17 22:22:33
10:09:48,32.77,0.0,114,373559,卖盘,002415,2025-10-17 22:22:33
10:09:51,32.76,-0.01,27,88456,中性盘,002415,2025-10-17 22:22:33
10:09:54,32.77,0.01,20,66901,买盘,002415,2025-10-17 22:22:33
10:09:57,32.76,-0.01,286,936768,卖盘,002415,2025-10-17 22:22:33
10:10:00,32.75,-0.01,103,337385,卖盘,002415,2025-10-17 22:22:33
10:10:03,32.74,-0.01,201,656824,卖盘,002415,2025-10-17 22:22:33
10:10:06,32.74,0.0,75,245511,买盘,002415,2025-10-17 22:22:33
10:10:09,32.73,-0.01,58,189842,卖盘,002415,2025-10-17 22:22:33
10:10:12,32.72,-0.01,21,68730,卖盘,002415,2025-10-17 22:22:33
10:10:15,32.73,0.01,18,58910,买盘,002415,2025-10-17 22:22:33
10:10:18,32.73,0.0,47,153819,买盘,002415,2025-10-17 22:22:33
10:10:21,32.72,-0.01,109,356682,卖盘,002415,2025-10-17 22:22:33
10:10:24,32.73,0.01,124,405734,买盘,002415,2025-10-17 22:22:33
10:10:27,32.72,-0.01,71,232313,卖盘,002415,2025-10-17 22:22:33
10:10:30,32.72,0.0,117,382753,卖盘,002415,2025-10-17 22:22:33
10:10:33,32.71,-0.01,107,350036,卖盘,002415,2025-10-17 22:22:33
10:10:36,32.72,0.01,33,107966,买盘,002415,2025-10-17 22:22:33
10:10:39,32.72,0.0,33,107954,买盘,002415,2025-10-17 22:22:33
10:10:42,32.72,0.0,146,477690,买盘,002415,2025-10-17 22:22:33
10:10:45,32.72,0.0,608,1989376,卖盘,002415,2025-10-17 22:22:33
10:10:48,32.72,0.0,214,700212,卖盘,002415,2025-10-17 22:22:33
10:10:51,32.72,0.0,314,1027059,卖盘,002415,2025-10-17 22:22:33
10:10:54,32.72,0.0,129,421996,买盘,002415,2025-10-17 22:22:33
10:10:57,32.72,0.0,134,438492,买盘,002415,2025-10-17 22:22:33
10:11:00,32.72,0.0,160,523528,卖盘,002415,2025-10-17 22:22:33
10:11:03,32.72,0.0,178,582309,卖盘,002415,2025-10-17 22:22:33
10:11:06,32.72,0.0,232,759104,买盘,002415,2025-10-17 22:22:33
10:11:09,32.71,-0.01,244,798318,卖盘,002415,2025-10-17 22:22:33
10:11:12,32.75,0.04,1207,3948261,买盘,002415,2025-10-17 22:22:33
10:11:15,32.71,-0.04,134,438454,卖盘,002415,2025-10-17 22:22:33
10:11:18,32.72,0.01,502,1642544,卖盘,002415,2025-10-17 22:22:33
10:11:21,32.72,0.0,139,454889,卖盘,002415,2025-10-17 22:22:33
10:11:24,32.74,0.02,25,81841,中性盘,002415,2025-10-17 22:22:33
10:11:27,32.73,-0.01,339,1109615,卖盘,002415,2025-10-17 22:22:33
10:11:30,32.75,0.02,131,429012,买盘,002415,2025-10-17 22:22:33
10:11:33,32.76,0.01,38,124466,买盘,002415,2025-10-17 22:22:33
10:11:36,32.76,0.0,21,68792,买盘,002415,2025-10-17 22:22:33
10:11:39,32.75,-0.01,23,75338,卖盘,002415,2025-10-17 22:22:33
10:11:42,32.76,0.01,106,347247,卖盘,002415,2025-10-17 22:22:33
10:11:45,32.75,-0.01,137,448735,卖盘,002415,2025-10-17 22:22:33
10:11:48,32.76,0.01,103,337448,买盘,002415,2025-10-17 22:22:33
10:11:51,32.76,0.0,4,13104,卖盘,002415,2025-10-17 22:22:33
10:11:54,32.76,0.0,87,285029,卖盘,002415,2025-10-17 22:22:33
10:11:57,32.77,0.01,129,422624,买盘,002415,2025-10-17 22:22:33
10:12:00,32.77,0.0,206,674866,买盘,002415,2025-10-17 22:22:33
10:12:03,32.73,-0.04,442,1447580,卖盘,002415,2025-10-17 22:22:33
10:12:06,32.74,0.01,203,664602,中性盘,002415,2025-10-17 22:22:33
10:12:09,32.73,-0.01,745,2438402,卖盘,002415,2025-10-17 22:22:33
10:12:12,32.72,-0.01,241,788597,卖盘,002415,2025-10-17 22:22:33
10:12:15,32.72,0.0,252,824624,卖盘,002415,2025-10-17 22:22:33
10:12:18,32.72,0.0,200,654404,买盘,002415,2025-10-17 22:22:33
10:12:21,32.72,0.0,106,346832,卖盘,002415,2025-10-17 22:22:33
10:12:24,32.72,0.0,228,745857,卖盘,002415,2025-10-17 22:22:33
10:12:27,32.72,0.0,60,196324,卖盘,002415,2025-10-17 22:22:33
10:12:30,32.73,0.01,176,575983,买盘,002415,2025-10-17 22:22:33
10:12:33,32.72,-0.01,133,435175,卖盘,002415,2025-10-17 22:22:33
10:12:36,32.72,0.0,27,88344,买盘,002415,2025-10-17 22:22:33
10:12:39,32.71,-0.01,90,294412,卖盘,002415,2025-10-17 22:22:33
10:12:42,32.71,0.0,159,520194,卖盘,002415,2025-10-17 22:22:33
10:12:45,32.72,0.01,190,621627,买盘,002415,2025-10-17 22:22:33
10:12:48,32.73,0.01,110,360101,买盘,002415,2025-10-17 22:22:33
10:12:51,32.75,0.02,107,350367,买盘,002415,2025-10-17 22:22:33
10:12:54,32.74,-0.01,36,117868,卖盘,002415,2025-10-17 22:22:33
10:12:57,32.74,0.0,14,45836,卖盘,002415,2025-10-17 22:22:33
10:13:00,32.74,0.0,209,684481,卖盘,002415,2025-10-17 22:22:33
10:13:03,32.75,0.01,135,441931,买盘,002415,2025-10-17 22:22:33
10:13:06,32.75,0.0,368,1204393,买盘,002415,2025-10-17 22:22:33
10:13:09,32.75,0.0,47,153959,买盘,002415,2025-10-17 22:22:33
10:13:12,32.74,-0.01,58,189961,卖盘,002415,2025-10-17 22:22:33
10:13:15,32.76,0.02,99,324333,买盘,002415,2025-10-17 22:22:33
10:13:18,32.79,0.03,465,1524049,买盘,002415,2025-10-17 22:22:33
10:13:21,32.8,0.01,105,344274,买盘,002415,2025-10-17 22:22:33
10:13:24,32.8,0.0,48,157406,买盘,002415,2025-10-17 22:22:33
10:13:27,32.78,-0.02,140,459058,卖盘,002415,2025-10-17 22:22:33
10:13:30,32.83,0.05,77,252710,买盘,002415,2025-10-17 22:22:33
10:13:33,32.8,-0.03,236,774497,卖盘,002415,2025-10-17 22:22:33
10:13:36,32.82,0.02,52,170656,买盘,002415,2025-10-17 22:22:33
10:13:39,32.82,0.0,63,206742,买盘,002415,2025-10-17 22:22:33
10:13:42,32.85,0.03,54,177329,买盘,002415,2025-10-17 22:22:33
10:13:45,32.84,-0.01,14,45988,卖盘,002415,2025-10-17 22:22:33
10:13:48,32.86,0.02,127,417232,买盘,002415,2025-10-17 22:22:33
10:13:51,32.86,0.0,138,453392,卖盘,002415,2025-10-17 22:22:33
10:13:54,32.85,-0.01,137,450125,卖盘,002415,2025-10-17 22:22:33
10:13:57,32.86,0.01,115,377904,中性盘,002415,2025-10-17 22:22:33
10:14:00,32.86,0.0,65,213621,卖盘,002415,2025-10-17 22:22:33
10:14:03,32.87,0.01,224,736155,买盘,002415,2025-10-17 22:22:33
10:14:06,32.86,-0.01,86,282581,卖盘,002415,2025-10-17 22:22:33
10:14:09,32.85,-0.01,150,492884,卖盘,002415,2025-10-17 22:22:33
10:14:12,32.86,0.01,210,690171,买盘,002415,2025-10-17 22:22:33
10:14:15,32.85,-0.01,149,489533,中性盘,002415,2025-10-17 22:22:33
10:14:18,32.86,0.01,141,463480,中性盘,002415,2025-10-17 22:22:33
10:14:21,32.85,-0.01,29,95273,卖盘,002415,2025-10-17 22:22:33
10:14:24,32.86,0.01,224,735941,买盘,002415,2025-10-17 22:22:33
10:14:27,32.85,-0.01,59,193867,卖盘,002415,2025-10-17 22:22:33
10:14:30,32.85,0.0,178,584676,卖盘,002415,2025-10-17 22:22:33
10:14:33,32.83,-0.02,182,597746,卖盘,002415,2025-10-17 22:22:33
10:14:36,32.83,0.0,62,203543,卖盘,002415,2025-10-17 22:22:33
10:14:39,32.82,-0.01,133,436555,卖盘,002415,2025-10-17 22:22:33
10:14:42,32.83,0.01,119,390612,买盘,002415,2025-10-17 22:22:33
10:14:45,32.82,-0.01,125,410213,卖盘,002415,2025-10-17 22:22:33
10:14:48,32.83,0.01,106,347967,买盘,002415,2025-10-17 22:22:33
10:14:51,32.82,-0.01,83,272386,卖盘,002415,2025-10-17 22:22:33
10:14:54,32.83,0.01,125,410183,中性盘,002415,2025-10-17 22:22:33
10:14:57,32.84,0.01,94,308544,买盘,002415,2025-10-17 22:22:33
10:15:00,32.8,-0.04,523,1716611,卖盘,002415,2025-10-17 22:22:33
10:15:03,32.81,0.01,413,1355168,买盘,002415,2025-10-17 22:22:33
10:15:06,32.8,-0.01,249,816795,卖盘,002415,2025-10-17 22:22:33
10:15:09,32.79,-0.01,42,137701,中性盘,002415,2025-10-17 22:22:33
10:15:12,32.78,-0.01,91,298283,卖盘,002415,2025-10-17 22:22:33
10:15:15,32.76,-0.02,84,275325,卖盘,002415,2025-10-17 22:22:33
10:15:18,32.79,0.03,104,340948,买盘,002415,2025-10-17 22:22:33
10:15:21,32.78,-0.01,117,383650,卖盘,002415,2025-10-17 22:22:33
10:15:24,32.79,0.01,50,163916,买盘,002415,2025-10-17 22:22:33
10:15:27,32.78,-0.01,126,413124,买盘,002415,2025-10-17 22:22:33
10:15:30,32.79,0.01,34,111469,买盘,002415,2025-10-17 22:22:33
10:15:33,32.78,-0.01,82,268922,卖盘,002415,2025-10-17 22:22:33
10:15:36,32.79,0.01,4,13118,卖盘,002415,2025-10-17 22:22:33
10:15:39,32.79,0.0,23,75428,卖盘,002415,2025-10-17 22:22:33
10:15:42,32.79,0.0,15,49195,卖盘,002415,2025-10-17 22:22:33
10:15:45,32.79,0.0,77,252487,卖盘,002415,2025-10-17 22:22:33
10:15:48,32.8,0.01,275,901897,买盘,002415,2025-10-17 22:22:33
10:15:51,32.81,0.01,282,924967,买盘,002415,2025-10-17 22:22:33
10:15:54,32.81,0.0,118,387106,买盘,002415,2025-10-17 22:22:33
10:15:57,32.81,0.0,82,269082,卖盘,002415,2025-10-17 22:22:33
10:16:00,32.81,0.0,147,482310,卖盘,002415,2025-10-17 22:22:33
10:16:03,32.85,0.04,83,272463,买盘,002415,2025-10-17 22:22:33
10:16:06,32.83,-0.02,109,357862,卖盘,002415,2025-10-17 22:22:33
10:16:09,32.84,0.01,59,193693,中性盘,002415,2025-10-17 22:22:33
10:16:12,32.83,-0.01,44,144413,中性盘,002415,2025-10-17 22:22:33
10:16:15,32.84,0.01,36,118200,买盘,002415,2025-10-17 22:22:33
10:16:18,32.84,0.0,100,328407,买盘,002415,2025-10-17 22:22:33
10:16:21,32.85,0.01,29,95240,买盘,002415,2025-10-17 22:22:33
10:16:24,32.85,0.0,48,157664,买盘,002415,2025-10-17 22:22:33
10:16:27,32.85,0.0,76,249658,买盘,002415,2025-10-17 22:22:33
10:16:30,32.84,-0.01,318,1044462,卖盘,002415,2025-10-17 22:22:33
10:16:33,32.85,0.01,171,561914,卖盘,002415,2025-10-17 22:22:33
10:16:36,32.85,0.0,151,496197,卖盘,002415,2025-10-17 22:22:33
10:16:39,32.85,0.0,63,207001,卖盘,002415,2025-10-17 22:22:33
10:16:42,32.86,0.01,68,223413,卖盘,002415,2025-10-17 22:22:33
10:16:45,32.86,0.0,33,108418,买盘,002415,2025-10-17 22:22:33
10:16:48,32.87,0.01,91,299103,买盘,002415,2025-10-17 22:22:33
10:16:51,32.85,-0.02,254,834567,卖盘,002415,2025-10-17 22:22:33
10:16:54,32.85,0.0,174,571630,卖盘,002415,2025-10-17 22:22:33
10:16:57,32.85,0.0,404,1327240,卖盘,002415,2025-10-17 22:22:33
10:17:00,32.85,0.0,137,450091,卖盘,002415,2025-10-17 22:22:33
10:17:03,32.84,-0.01,428,1406127,卖盘,002415,2025-10-17 22:22:33
10:17:06,32.85,0.01,117,384259,买盘,002415,2025-10-17 22:22:33
10:17:09,32.84,-0.01,366,1201991,卖盘,002415,2025-10-17 22:22:33
10:17:12,32.84,0.0,134,440080,卖盘,002415,2025-10-17 22:22:33
10:17:15,32.83,-0.01,282,925957,卖盘,002415,2025-10-17 22:22:33
10:17:18,32.83,0.0,307,1008115,卖盘,002415,2025-10-17 22:22:33
10:17:21,32.82,-0.01,175,574468,卖盘,002415,2025-10-17 22:22:33
10:17:24,32.83,0.01,13,42676,买盘,002415,2025-10-17 22:22:33
10:17:27,32.82,-0.01,58,190302,卖盘,002415,2025-10-17 22:22:33
10:17:30,32.82,0.0,43,141079,买盘,002415,2025-10-17 22:22:33
10:17:33,32.8,-0.02,212,695756,卖盘,002415,2025-10-17 22:22:33
10:17:36,32.82,0.02,10,32820,中性盘,002415,2025-10-17 22:22:33
10:17:39,32.8,-0.02,102,334582,卖盘,002415,2025-10-17 22:22:33
10:17:42,32.8,0.0,124,406721,卖盘,002415,2025-10-17 22:22:33
10:17:45,32.8,0.0,38,124612,买盘,002415,2025-10-17 22:22:33
10:17:48,32.79,-0.01,151,495272,卖盘,002415,2025-10-17 22:22:33
10:17:51,32.8,0.01,50,163991,卖盘,002415,2025-10-17 22:22:33
10:17:54,32.8,0.0,34,111527,卖盘,002415,2025-10-17 22:22:33
10:17:57,32.79,-0.01,141,462470,卖盘,002415,2025-10-17 22:22:33
10:18:00,32.81,0.02,257,843149,买盘,002415,2025-10-17 22:22:33
10:18:03,32.84,0.03,200,656443,买盘,002415,2025-10-17 22:22:33
10:18:06,32.84,0.0,114,374176,买盘,002415,2025-10-17 22:22:33
10:18:09,32.83,-0.01,307,1007338,卖盘,002415,2025-10-17 22:22:33
10:18:12,32.81,-0.02,145,475759,卖盘,002415,2025-10-17 22:22:33
10:18:15,32.78,-0.03,1757,5764257,卖盘,002415,2025-10-17 22:22:33
10:18:18,32.8,0.02,213,698544,买盘,002415,2025-10-17 22:22:33
10:18:21,32.8,0.0,305,1000411,卖盘,002415,2025-10-17 22:22:33
10:18:24,32.8,0.0,518,1699049,卖盘,002415,2025-10-17 22:22:33
10:18:27,32.8,0.0,132,432946,卖盘,002415,2025-10-17 22:22:33
10:18:30,32.79,-0.01,156,511583,卖盘,002415,2025-10-17 22:22:33
10:18:33,32.77,-0.02,443,1452599,卖盘,002415,2025-10-17 22:22:33
10:18:36,32.78,0.01,16,52453,中性盘,002415,2025-10-17 22:22:33
10:18:39,32.78,0.0,69,226132,卖盘,002415,2025-10-17 22:22:33
10:18:42,32.79,0.01,104,340891,买盘,002415,2025-10-17 22:22:33
10:18:45,32.78,-0.01,30,98335,买盘,002415,2025-10-17 22:22:33
10:18:48,32.78,0.0,138,452357,卖盘,002415,2025-10-17 22:22:33
10:18:51,32.79,0.01,61,199964,买盘,002415,2025-10-17 22:22:33
10:18:54,32.79,0.0,182,596853,买盘,002415,2025-10-17 22:22:33
10:18:57,32.78,-0.01,35,114765,卖盘,002415,2025-10-17 22:22:33
10:19:00,32.79,0.01,10,32790,卖盘,002415,2025-10-17 22:22:33
10:19:03,32.81,0.02,69,226328,买盘,002415,2025-10-17 22:22:33
10:19:06,32.81,0.0,236,774249,买盘,002415,2025-10-17 22:22:33
10:19:09,32.8,-0.01,10,32801,卖盘,002415,2025-10-17 22:22:33
10:19:12,32.8,0.0,13,42646,卖盘,002415,2025-10-17 22:22:33
10:19:15,32.81,0.01,9,29525,买盘,002415,2025-10-17 22:22:33
10:19:18,32.82,0.01,52,170663,买盘,002415,2025-10-17 22:22:33
10:19:21,32.82,0.0,230,754643,中性盘,002415,2025-10-17 22:22:33
10:19:24,32.82,0.0,70,229740,买盘,002415,2025-10-17 22:22:33
10:19:27,32.83,0.01,58,190414,买盘,002415,2025-10-17 22:22:33
10:19:30,32.83,0.0,15,49245,卖盘,002415,2025-10-17 22:22:33
10:19:33,32.85,0.02,74,243082,买盘,002415,2025-10-17 22:22:33
10:19:36,32.85,0.0,22,72270,卖盘,002415,2025-10-17 22:22:33
10:19:39,32.85,0.0,58,190517,卖盘,002415,2025-10-17 22:22:33
10:19:42,32.85,0.0,21,68975,买盘,002415,2025-10-17 22:22:33
10:19:45,32.83,-0.02,648,2127428,卖盘,002415,2025-10-17 22:22:33
10:19:48,32.83,0.0,151,495733,买盘,002415,2025-10-17 22:22:33
10:19:51,32.83,0.0,140,459570,买盘,002415,2025-10-17 22:22:33
10:19:54,32.83,0.0,89,292184,买盘,002415,2025-10-17 22:22:33
10:19:57,32.83,0.0,240,788204,买盘,002415,2025-10-17 22:22:33
10:20:00,32.83,0.0,11,36119,卖盘,002415,2025-10-17 22:22:33
10:20:03,32.83,0.0,107,351409,卖盘,002415,2025-10-17 22:22:33
10:20:06,32.84,0.01,32,105080,买盘,002415,2025-10-17 22:22:33
10:20:09,32.84,0.0,124,407128,买盘,002415,2025-10-17 22:22:33
10:20:12,32.84,0.0,76,249571,卖盘,002415,2025-10-17 22:22:33
10:20:15,32.84,0.0,186,610697,买盘,002415,2025-10-17 22:22:33
10:20:18,32.84,0.0,421,1382371,买盘,002415,2025-10-17 22:22:33
10:20:21,32.85,0.01,79,259397,买盘,002415,2025-10-17 22:22:33
10:20:24,32.84,-0.01,263,863842,卖盘,002415,2025-10-17 22:22:33
10:20:27,32.85,0.01,174,571354,买盘,002415,2025-10-17 22:22:33
10:20:30,32.85,0.0,70,229948,买盘,002415,2025-10-17 22:22:33
10:20:33,32.85,0.0,298,979074,卖盘,002415,2025-10-17 22:22:33
10:20:36,32.84,-0.01,227,745540,卖盘,002415,2025-10-17 22:22:33
10:20:39,32.85,0.01,60,197069,买盘,002415,2025-10-17 22:22:33
10:20:42,32.84,-0.01,22,72258,中性盘,002415,2025-10-17 22:22:33
10:20:45,32.85,0.01,32,105107,买盘,002415,2025-10-17 22:22:33
10:20:48,32.84,-0.01,198,650421,卖盘,002415,2025-10-17 22:22:33
10:20:51,32.85,0.01,41,134648,买盘,002415,2025-10-17 22:22:33
10:20:54,32.84,-0.01,59,193787,卖盘,002415,2025-10-17 22:22:33
10:20:57,32.83,-0.01,46,151042,卖盘,002415,2025-10-17 22:22:33
10:21:00,32.84,0.01,36,118212,买盘,002415,2025-10-17 22:22:33
10:21:03,32.84,0.0,137,449885,买盘,002415,2025-10-17 22:22:33
10:21:06,32.83,-0.01,46,151025,卖盘,002415,2025-10-17 22:22:33
10:21:09,32.84,0.01,123,403829,买盘,002415,2025-10-17 22:22:33
10:21:12,32.84,0.0,79,259403,买盘,002415,2025-10-17 22:22:33
10:21:15,32.83,-0.01,78,256102,中性盘,002415,2025-10-17 22:22:33
10:21:18,32.83,0.0,137,449793,卖盘,002415,2025-10-17 22:22:33
10:21:21,32.83,0.0,10,32827,买盘,002415,2025-10-17 22:22:33
10:21:24,32.83,0.0,46,150997,买盘,002415,2025-10-17 22:22:33
10:21:27,32.83,0.0,61,200263,买盘,002415,2025-10-17 22:22:33
10:21:30,32.84,0.01,179,587572,买盘,002415,2025-10-17 22:22:33
10:21:33,32.83,-0.01,178,584563,中性盘,002415,2025-10-17 22:22:33
10:21:36,32.83,0.0,465,1527280,卖盘,002415,2025-10-17 22:22:33
10:21:39,32.87,0.04,230,755694,买盘,002415,2025-10-17 22:22:33
10:21:42,32.88,0.01,56,184112,买盘,002415,2025-10-17 22:22:33
10:21:45,32.87,-0.01,301,989704,卖盘,002415,2025-10-17 22:22:33
10:21:48,32.88,0.01,62,203900,买盘,002415,2025-10-17 22:22:33
10:21:51,32.9,0.02,242,796046,买盘,002415,2025-10-17 22:22:33
10:21:54,32.92,0.02,115,378366,买盘,002415,2025-10-17 22:22:33
10:21:57,32.91,-0.01,19,62504,中性盘,002415,2025-10-17 22:22:33
10:22:00,32.89,-0.02,124,407945,卖盘,002415,2025-10-17 22:22:33
10:22:03,32.88,-0.01,64,210456,卖盘,002415,2025-10-17 22:22:33
10:22:06,32.89,0.01,123,404495,买盘,002415,2025-10-17 22:22:33
10:22:09,32.88,-0.01,86,282792,卖盘,002415,2025-10-17 22:22:33
10:22:12,32.89,0.01,124,407729,买盘,002415,2025-10-17 22:22:33
10:22:15,32.88,-0.01,130,427486,卖盘,002415,2025-10-17 22:22:33
10:22:18,32.89,0.01,85,279509,买盘,002415,2025-10-17 22:22:33
10:22:21,32.89,0.0,6,19730,买盘,002415,2025-10-17 22:22:33
10:22:24,32.87,-0.02,290,953468,卖盘,002415,2025-10-17 22:22:33
10:22:27,32.88,0.01,158,519510,买盘,002415,2025-10-17 22:22:33
10:22:30,32.88,0.0,32,105196,买盘,002415,2025-10-17 22:22:33
10:22:33,32.88,0.0,7,23016,买盘,002415,2025-10-17 22:22:33
10:22:36,32.88,0.0,42,138093,买盘,002415,2025-10-17 22:22:33
10:22:39,32.87,-0.01,93,305739,卖盘,002415,2025-10-17 22:22:33
10:22:42,32.87,0.0,42,138063,买盘,002415,2025-10-17 22:22:33
10:22:45,32.87,0.0,23,75601,买盘,002415,2025-10-17 22:22:33
10:22:48,32.87,0.0,100,328708,卖盘,002415,2025-10-17 22:22:33
10:22:51,32.88,0.01,60,197261,买盘,002415,2025-10-17 22:22:33
10:22:54,32.87,-0.01,201,660829,卖盘,002415,2025-10-17 22:22:33
10:22:57,32.87,0.0,331,1087997,卖盘,002415,2025-10-17 22:22:33
10:23:00,32.87,0.0,315,1035430,卖盘,002415,2025-10-17 22:22:33
10:23:03,32.87,0.0,125,410737,买盘,002415,2025-10-17 22:22:33
10:23:06,32.86,-0.01,122,400845,中性盘,002415,2025-10-17 22:22:33
10:23:09,32.86,0.0,51,167576,买盘,002415,2025-10-17 22:22:33
10:23:12,32.84,-0.02,281,923404,卖盘,002415,2025-10-17 22:22:33
10:23:15,32.85,0.01,10,32849,买盘,002415,2025-10-17 22:22:33
10:23:18,32.84,-0.01,49,160935,卖盘,002415,2025-10-17 22:22:33
10:23:21,32.85,0.01,47,154375,买盘,002415,2025-10-17 22:22:33
10:23:24,32.85,0.0,38,124819,买盘,002415,2025-10-17 22:22:33
10:23:27,32.87,0.02,10,32869,买盘,002415,2025-10-17 22:22:33
10:23:30,32.86,-0.01,15,49293,卖盘,002415,2025-10-17 22:22:33
10:23:33,32.87,0.01,33,108461,买盘,002415,2025-10-17 22:22:33
10:23:36,32.86,-0.01,17,55862,卖盘,002415,2025-10-17 22:22:33
10:23:39,32.86,0.0,42,137999,买盘,002415,2025-10-17 22:22:33
10:23:42,32.87,0.01,14,46006,买盘,002415,2025-10-17 22:22:33
10:23:45,32.88,0.01,254,834889,买盘,002415,2025-10-17 22:22:33
10:23:48,32.88,0.0,51,167596,买盘,002415,2025-10-17 22:22:33
10:23:51,32.86,-0.02,1,3286,卖盘,002415,2025-10-17 22:22:33
10:23:54,32.88,0.02,225,739781,买盘,002415,2025-10-17 22:22:33
10:23:57,32.89,0.01,12,39462,买盘,002415,2025-10-17 22:22:33
10:24:00,32.88,-0.01,459,1509223,卖盘,002415,2025-10-17 22:22:33
10:24:03,32.86,-0.02,219,719648,卖盘,002415,2025-10-17 22:22:33
10:24:06,32.85,-0.01,107,351548,卖盘,002415,2025-10-17 22:22:33
10:24:09,32.85,0.0,187,614489,卖盘,002415,2025-10-17 22:22:33
10:24:12,32.85,0.0,27,88709,卖盘,002415,2025-10-17 22:22:33
10:24:15,32.86,0.01,465,1527729,买盘,002415,2025-10-17 22:22:33
10:24:18,32.85,-0.01,106,348358,卖盘,002415,2025-10-17 22:22:33
10:24:21,32.86,0.01,17,55855,中性盘,002415,2025-10-17 22:22:33
10:24:24,32.85,-0.01,43,141269,卖盘,002415,2025-10-17 22:22:33
10:24:27,32.85,0.0,30,98558,卖盘,002415,2025-10-17 22:22:33
10:24:30,32.85,0.0,58,190560,卖盘,002415,2025-10-17 22:22:33
10:24:33,32.88,0.03,175,575216,买盘,002415,2025-10-17 22:22:33
10:24:36,32.88,0.0,55,180787,买盘,002415,2025-10-17 22:22:33
10:24:39,32.87,-0.01,35,115044,中性盘,002415,2025-10-17 22:22:33
10:24:42,32.87,0.0,81,266176,买盘,002415,2025-10-17 22:22:33
10:24:45,32.87,0.0,7,23007,买盘,002415,2025-10-17 22:22:33
10:24:48,32.86,-0.01,23,75578,卖盘,002415,2025-10-17 22:22:33
10:24:51,32.85,-0.01,139,456845,卖盘,002415,2025-10-17 22:22:33
10:24:54,32.86,0.01,41,134727,中性盘,002415,2025-10-17 22:22:33
10:24:57,32.85,-0.01,26,85435,卖盘,002415,2025-10-17 22:22:33
10:25:00,32.86,0.01,16,52576,买盘,002415,2025-10-17 22:22:33
10:25:03,32.85,-0.01,231,759346,卖盘,002415,2025-10-17 22:22:33
10:25:06,32.89,0.04,189,621346,买盘,002415,2025-10-17 22:22:33
10:25:09,32.88,-0.01,66,216921,中性盘,002415,2025-10-17 22:22:33
10:25:12,32.85,-0.03,171,562319,卖盘,002415,2025-10-17 22:22:33
10:25:18,32.86,0.01,79,259748,卖盘,002415,2025-10-17 22:22:33
10:25:21,32.89,0.03,177,582224,买盘,002415,2025-10-17 22:22:33
10:25:24,32.89,0.0,76,249916,买盘,002415,2025-10-17 22:22:33
10:25:30,32.9,0.01,298,980154,买盘,002415,2025-10-17 22:22:33
10:25:33,32.89,-0.01,85,279612,卖盘,002415,2025-10-17 22:22:33
10:25:36,32.89,0.0,4,13156,卖盘,002415,2025-10-17 22:22:33
10:25:39,32.89,0.0,92,302665,买盘,002415,2025-10-17 22:22:33
10:25:42,32.89,0.0,7,23022,买盘,002415,2025-10-17 22:22:33
10:25:45,32.9,0.01,179,588855,买盘,002415,2025-10-17 22:22:33
10:25:48,32.89,-0.01,8,26312,卖盘,002415,2025-10-17 22:22:33
10:25:51,32.89,0.0,211,694029,卖盘,002415,2025-10-17 22:22:33
10:25:54,32.89,0.0,135,444217,买盘,002415,2025-10-17 22:22:33
10:25:57,32.92,0.03,157,516721,买盘,002415,2025-10-17 22:22:33
10:26:00,32.89,-0.03,117,384760,卖盘,002415,2025-10-17 22:22:33
10:26:03,32.88,-0.01,132,434084,卖盘,002415,2025-10-17 22:22:33
10:26:06,32.89,0.01,207,680768,买盘,002415,2025-10-17 22:22:33
10:26:09,32.89,0.0,157,516479,买盘,002415,2025-10-17 22:22:33
10:26:12,32.89,0.0,21,69077,卖盘,002415,2025-10-17 22:22:33
10:26:15,32.9,0.01,45,148078,买盘,002415,2025-10-17 22:22:33
10:26:18,32.9,0.0,36,118431,卖盘,002415,2025-10-17 22:22:33
10:26:21,32.91,0.01,94,309276,中性盘,002415,2025-10-17 22:22:33
10:26:24,32.9,-0.01,28,92121,卖盘,002415,2025-10-17 22:22:33
10:26:27,32.9,0.0,94,309316,卖盘,002415,2025-10-17 22:22:33
10:26:30,32.89,-0.01,29,95398,卖盘,002415,2025-10-17 22:22:33
10:26:33,32.91,0.02,105,345416,买盘,002415,2025-10-17 22:22:33
10:26:36,32.89,-0.02,96,315846,卖盘,002415,2025-10-17 22:22:33
10:26:39,32.89,0.0,85,279523,买盘,002415,2025-10-17 22:22:33
10:26:42,32.89,0.0,52,171025,卖盘,002415,2025-10-17 22:22:33
10:26:45,32.9,0.01,18,59220,买盘,002415,2025-10-17 22:22:33
10:26:48,32.89,-0.01,84,276315,卖盘,002415,2025-10-17 22:22:33
10:26:51,32.89,0.0,95,312521,卖盘,002415,2025-10-17 22:22:33
10:26:54,32.89,0.0,113,371694,卖盘,002415,2025-10-17 22:22:33
10:26:57,32.89,0.0,50,164450,卖盘,002415,2025-10-17 22:22:33
10:27:00,32.89,0.0,69,226975,买盘,002415,2025-10-17 22:22:33
10:27:03,32.89,0.0,22,72347,买盘,002415,2025-10-17 22:22:33
10:27:06,32.89,0.0,223,733535,买盘,002415,2025-10-17 22:22:33
10:27:09,32.9,0.01,17,55925,买盘,002415,2025-10-17 22:22:33
10:27:12,32.89,-0.01,22,72378,卖盘,002415,2025-10-17 22:22:33
10:27:15,32.9,0.01,159,523131,买盘,002415,2025-10-17 22:22:33
10:27:18,32.89,-0.01,137,450584,卖盘,002415,2025-10-17 22:22:33
10:27:21,32.9,0.01,505,1661036,买盘,002415,2025-10-17 22:22:33
10:27:24,32.9,0.0,768,2526949,买盘,002415,2025-10-17 22:22:33
10:27:27,32.93,0.03,424,1394899,买盘,002415,2025-10-17 22:22:33
10:27:30,32.91,-0.02,349,1149048,中性盘,002415,2025-10-17 22:22:33
10:27:33,32.91,0.0,62,204052,卖盘,002415,2025-10-17 22:22:33
10:27:36,32.92,0.01,109,358831,买盘,002415,2025-10-17 22:22:33
10:27:39,32.91,-0.01,327,1076666,卖盘,002415,2025-10-17 22:22:33
10:27:42,32.91,0.0,169,556429,卖盘,002415,2025-10-17 22:22:33
10:27:45,32.92,0.01,24,79798,买盘,002415,2025-10-17 22:22:33
10:27:48,32.92,0.0,23,75716,买盘,002415,2025-10-17 22:22:33
10:27:51,32.94,0.02,109,358936,买盘,002415,2025-10-17 22:22:33
10:27:54,32.94,0.0,69,227268,买盘,002415,2025-10-17 22:22:33
10:27:57,32.94,0.0,64,210838,买盘,002415,2025-10-17 22:22:33
10:28:00,32.93,-0.01,241,793852,卖盘,002415,2025-10-17 22:22:33
10:28:03,32.93,0.0,197,648693,买盘,002415,2025-10-17 22:22:33
10:28:06,32.93,0.0,61,200878,买盘,002415,2025-10-17 22:22:33
10:28:09,32.93,0.0,319,1050675,卖盘,002415,2025-10-17 22:22:33
10:28:12,32.94,0.01,124,408448,买盘,002415,2025-10-17 22:22:33
10:28:15,32.95,0.01,236,777400,买盘,002415,2025-10-17 22:22:33
10:28:18,32.94,-0.01,46,151550,卖盘,002415,2025-10-17 22:22:33
10:28:21,32.94,0.0,292,961907,卖盘,002415,2025-10-17 22:22:33
10:28:24,32.95,0.01,96,316338,买盘,002415,2025-10-17 22:22:33
10:28:27,32.96,0.01,139,458171,买盘,002415,2025-10-17 22:22:33
10:28:30,32.94,-0.02,188,619522,卖盘,002415,2025-10-17 22:22:33
10:28:33,32.95,0.01,104,342655,买盘,002415,2025-10-17 22:22:33
10:28:36,32.94,-0.01,205,675347,卖盘,002415,2025-10-17 22:22:33
10:28:39,32.94,0.0,313,1031123,卖盘,002415,2025-10-17 22:22:33
10:28:42,32.94,0.0,163,537039,卖盘,002415,2025-10-17 22:22:33
10:28:45,32.95,0.01,147,484417,买盘,002415,2025-10-17 22:22:33
10:28:48,32.95,0.0,46,151607,卖盘,002415,2025-10-17 22:22:33
10:28:51,32.96,0.01,28,92284,买盘,002415,2025-10-17 22:22:33
10:28:54,32.96,0.0,6,19771,买盘,002415,2025-10-17 22:22:33
10:28:57,32.94,-0.02,434,1430024,卖盘,002415,2025-10-17 22:22:33
10:29:00,32.92,-0.02,294,968128,卖盘,002415,2025-10-17 22:22:33
10:29:03,32.91,-0.01,270,888953,卖盘,002415,2025-10-17 22:22:33
10:29:06,32.92,0.01,97,319345,中性盘,002415,2025-10-17 22:22:33
10:29:09,32.92,0.0,88,289727,买盘,002415,2025-10-17 22:22:33
10:29:12,32.92,0.0,33,108651,卖盘,002415,2025-10-17 22:22:33
10:29:15,32.92,0.0,92,302889,卖盘,002415,2025-10-17 22:22:33
10:29:18,32.92,0.0,212,697989,卖盘,002415,2025-10-17 22:22:33
10:29:21,32.92,0.0,38,125096,买盘,002415,2025-10-17 22:22:33
10:29:24,32.91,-0.01,99,325903,卖盘,002415,2025-10-17 22:22:33
10:29:27,32.92,0.01,90,296220,买盘,002415,2025-10-17 22:22:33
10:29:30,32.92,0.0,157,516836,买盘,002415,2025-10-17 22:22:33
10:29:33,32.92,0.0,46,151403,买盘,002415,2025-10-17 22:22:33
10:29:36,32.9,-0.02,713,2345829,卖盘,002415,2025-10-17 22:22:33
10:29:39,32.89,-0.01,134,440822,卖盘,002415,2025-10-17 22:22:33
10:29:42,32.88,-0.01,16,52617,卖盘,002415,2025-10-17 22:22:33
10:29:45,32.88,0.0,92,302558,卖盘,002415,2025-10-17 22:22:33
10:29:48,32.89,0.01,84,276235,买盘,002415,2025-10-17 22:22:33
10:29:51,32.89,0.0,134,440815,买盘,002415,2025-10-17 22:22:33
10:29:54,32.9,0.01,72,236867,买盘,002415,2025-10-17 22:22:33
10:29:57,32.9,0.0,105,345472,买盘,002415,2025-10-17 22:22:33
10:30:00,32.9,0.0,107,352141,卖盘,002415,2025-10-17 22:22:33
10:30:03,32.9,0.0,156,513206,卖盘,002415,2025-10-17 22:22:33
10:30:06,32.88,-0.02,54,177599,卖盘,002415,2025-10-17 22:22:33
10:30:09,32.9,0.02,172,565797,买盘,002415,2025-10-17 22:22:33
10:30:12,32.89,-0.01,84,276157,中性盘,002415,2025-10-17 22:22:33
10:30:15,32.9,0.01,44,144745,买盘,002415,2025-10-17 22:22:33
10:30:18,32.9,0.0,11,36190,买盘,002415,2025-10-17 22:22:33
10:30:21,32.89,-0.01,7,23024,卖盘,002415,2025-10-17 22:22:33
10:30:24,32.89,0.0,9,29600,买盘,002415,2025-10-17 22:22:33
10:30:27,32.88,-0.01,33,108514,卖盘,002415,2025-10-17 22:22:33
10:30:30,32.88,0.0,44,144685,卖盘,002415,2025-10-17 22:22:33
10:30:33,32.89,0.01,90,295934,买盘,002415,2025-10-17 22:22:33
10:30:36,32.89,0.0,40,131560,买盘,002415,2025-10-17 22:22:33
10:30:39,32.88,-0.01,50,164406,卖盘,002415,2025-10-17 22:22:33
10:30:42,32.86,-0.02,164,539048,卖盘,002415,2025-10-17 22:22:33
10:30:45,32.86,0.0,47,154453,卖盘,002415,2025-10-17 22:22:33
10:30:48,32.88,0.02,219,719942,买盘,002415,2025-10-17 22:22:33
10:30:51,32.88,0.0,138,453676,买盘,002415,2025-10-17 22:22:33
10:30:54,32.86,-0.02,125,410853,卖盘,002415,2025-10-17 22:22:33
10:30:57,32.87,0.01,138,453520,买盘,002415,2025-10-17 22:22:33
10:31:00,32.86,-0.01,23,75595,卖盘,002415,2025-10-17 22:22:33
10:31:03,32.86,0.0,39,128173,卖盘,002415,2025-10-17 22:22:33
10:31:06,32.85,-0.01,78,256330,卖盘,002415,2025-10-17 22:22:33
10:31:09,32.86,0.01,256,841009,买盘,002415,2025-10-17 22:22:33
10:31:12,32.85,-0.01,107,351460,卖盘,002415,2025-10-17 22:22:33
10:31:15,32.85,0.0,21,68985,买盘,002415,2025-10-17 22:22:33
10:31:18,32.84,-0.01,63,206920,卖盘,002415,2025-10-17 22:22:33
10:31:21,32.84,0.0,11,36125,卖盘,002415,2025-10-17 22:22:33
10:31:24,32.85,0.01,36,118250,买盘,002415,2025-10-17 22:22:33
10:31:27,32.85,0.0,104,341628,买盘,002415,2025-10-17 22:22:33
10:31:30,32.86,0.01,69,226702,买盘,002415,2025-10-17 22:22:33
10:31:33,32.86,0.0,178,584848,买盘,002415,2025-10-17 22:22:33
10:31:36,32.86,0.0,20,65718,买盘,002415,2025-10-17 22:22:33
10:31:39,32.85,-0.01,53,174127,卖盘,002415,2025-10-17 22:22:33
10:31:42,32.85,0.0,75,246423,卖盘,002415,2025-10-17 22:22:33
10:31:45,32.86,0.01,128,420600,买盘,002415,2025-10-17 22:22:33
10:31:48,32.86,0.0,99,325273,买盘,002415,2025-10-17 22:22:33
10:31:51,32.86,0.0,42,137994,买盘,002415,2025-10-17 22:22:33
10:31:54,32.85,-0.01,92,302261,卖盘,002415,2025-10-17 22:22:33
10:31:57,32.86,0.01,40,131417,买盘,002415,2025-10-17 22:22:33
10:32:00,32.86,0.0,192,630900,买盘,002415,2025-10-17 22:22:33
10:32:03,32.87,0.01,40,131461,买盘,002415,2025-10-17 22:22:33
10:32:06,32.86,-0.01,38,124925,卖盘,002415,2025-10-17 22:22:33
10:32:09,32.87,0.01,68,223487,卖盘,002415,2025-10-17 22:22:33
10:32:12,32.86,-0.01,122,400916,卖盘,002415,2025-10-17 22:22:33
10:32:15,32.87,0.01,259,851036,买盘,002415,2025-10-17 22:22:33
10:32:18,32.86,-0.01,321,1055060,卖盘,002415,2025-10-17 22:22:33
10:32:21,32.87,0.01,86,282678,买盘,002415,2025-10-17 22:22:33
10:32:24,32.87,0.0,34,111758,买盘,002415,2025-10-17 22:22:33
10:32:27,32.87,0.0,102,335358,卖盘,002415,2025-10-17 22:22:33
10:32:30,32.88,0.01,44,144672,买盘,002415,2025-10-17 22:22:33
10:32:33,32.87,-0.01,33,108492,卖盘,002415,2025-10-17 22:22:33
10:32:36,32.88,0.01,20,65755,中性盘,002415,2025-10-17 22:22:33
10:32:39,32.89,0.01,88,289361,买盘,002415,2025-10-17 22:22:33
10:32:42,32.89,0.0,12,39460,买盘,002415,2025-10-17 22:22:33
10:32:45,32.9,0.01,30,98666,买盘,002415,2025-10-17 22:22:33
10:32:51,32.9,0.0,31,101990,买盘,002415,2025-10-17 22:22:33
10:32:54,32.91,0.01,84,276362,买盘,002415,2025-10-17 22:22:33
10:32:57,32.91,0.0,35,115180,买盘,002415,2025-10-17 22:22:33
10:33:00,32.89,-0.02,252,829036,卖盘,002415,2025-10-17 22:22:33
10:33:03,32.88,-0.01,125,411183,卖盘,002415,2025-10-17 22:22:33
10:33:06,32.91,0.03,112,368410,买盘,002415,2025-10-17 22:22:33
10:33:09,32.9,-0.01,141,463872,卖盘,002415,2025-10-17 22:22:33
10:33:12,32.9,0.0,164,539462,买盘,002415,2025-10-17 22:22:33
10:33:15,32.89,-0.01,55,180894,卖盘,002415,2025-10-17 22:22:33
10:33:18,32.89,0.0,59,194098,卖盘,002415,2025-10-17 22:22:33
10:33:21,32.89,0.0,59,194039,卖盘,002415,2025-10-17 22:22:33
10:33:24,32.89,0.0,66,217072,买盘,002415,2025-10-17 22:22:33
10:33:27,32.88,-0.01,362,1190449,卖盘,002415,2025-10-17 22:22:33
10:33:30,32.88,0.0,42,138064,买盘,002415,2025-10-17 22:22:33
10:33:33,32.88,0.0,122,401134,买盘,002415,2025-10-17 22:22:33
10:33:36,32.86,-0.02,525,1726028,卖盘,002415,2025-10-17 22:22:33
10:33:39,32.87,0.01,67,220208,买盘,002415,2025-10-17 22:22:33
10:33:42,32.86,-0.01,74,243219,卖盘,002415,2025-10-17 22:22:33
10:33:45,32.87,0.01,119,391144,买盘,002415,2025-10-17 22:22:33
10:33:48,32.87,0.0,20,65743,卖盘,002415,2025-10-17 22:22:33
10:33:51,32.88,0.01,35,115075,买盘,002415,2025-10-17 22:22:33
10:33:54,32.88,0.0,18,59173,买盘,002415,2025-10-17 22:22:33
10:33:57,32.88,0.0,29,95347,买盘,002415,2025-10-17 22:22:33
10:34:00,32.88,0.0,258,848294,买盘,002415,2025-10-17 22:22:33
10:34:03,32.89,0.01,35,115087,买盘,002415,2025-10-17 22:22:33
10:34:06,32.88,-0.01,74,243385,卖盘,002415,2025-10-17 22:22:33
10:34:09,32.89,0.01,39,128268,买盘,002415,2025-10-17 22:22:33
10:34:12,32.89,0.0,73,240092,买盘,002415,2025-10-17 22:22:33
10:34:15,32.89,0.0,23,75645,买盘,002415,2025-10-17 22:22:33
10:34:18,32.89,0.0,58,190764,买盘,002415,2025-10-17 22:22:33
10:34:21,32.89,0.0,21,69069,卖盘,002415,2025-10-17 22:22:33
10:34:24,32.89,0.0,229,753187,卖盘,002415,2025-10-17 22:22:33
10:34:27,32.88,-0.01,34,111821,卖盘,002415,2025-10-17 22:22:33
10:34:30,32.89,0.01,48,157872,买盘,002415,2025-10-17 22:22:33
10:34:33,32.89,0.0,106,348558,买盘,002415,2025-10-17 22:22:33
10:34:36,32.89,0.0,34,111826,买盘,002415,2025-10-17 22:22:33
10:34:39,32.88,-0.01,29,95372,卖盘,002415,2025-10-17 22:22:33
10:34:42,32.89,0.01,33,108537,买盘,002415,2025-10-17 22:22:33
10:34:45,32.88,-0.01,538,1768858,卖盘,002415,2025-10-17 22:22:33
10:34:48,32.87,-0.01,161,529334,卖盘,002415,2025-10-17 22:22:33
10:34:51,32.88,0.01,101,331975,买盘,002415,2025-10-17 22:22:33
10:34:54,32.87,-0.01,64,210377,卖盘,002415,2025-10-17 22:22:33
10:34:57,32.87,0.0,28,92023,卖盘,002415,2025-10-17 22:22:33
10:35:00,32.87,0.0,61,200555,卖盘,002415,2025-10-17 22:22:33
10:35:03,32.88,0.01,67,220262,买盘,002415,2025-10-17 22:22:33
10:35:06,32.88,0.0,230,756274,买盘,002415,2025-10-17 22:22:33
10:35:09,32.87,-0.01,183,601547,卖盘,002415,2025-10-17 22:22:33
10:35:12,32.87,0.0,109,358315,买盘,002415,2025-10-17 22:22:33
10:35:15,32.87,0.0,51,167642,卖盘,002415,2025-10-17 22:22:33
10:35:18,32.87,0.0,106,348442,卖盘,002415,2025-10-17 22:22:33
10:35:21,32.87,0.0,9,29588,卖盘,002415,2025-10-17 22:22:33
10:35:24,32.87,0.0,49,161065,卖盘,002415,2025-10-17 22:22:33
10:35:27,32.88,0.01,42,138086,买盘,002415,2025-10-17 22:22:33
10:35:30,32.88,0.0,198,650991,买盘,002415,2025-10-17 22:22:33
10:35:33,32.88,0.0,117,384645,买盘,002415,2025-10-17 22:22:33
10:35:36,32.88,0.0,184,604933,买盘,002415,2025-10-17 22:22:33
10:35:39,32.88,0.0,25,82181,买盘,002415,2025-10-17 22:22:33
10:35:42,32.87,-0.01,72,236770,卖盘,002415,2025-10-17 22:22:33
10:35:45,32.89,0.02,48,157866,买盘,002415,2025-10-17 22:22:33
10:35:48,32.88,-0.01,46,151240,卖盘,002415,2025-10-17 22:22:33
10:35:51,32.88,0.0,74,243295,卖盘,002415,2025-10-17 22:22:33
10:35:54,32.88,0.0,36,118365,买盘,002415,2025-10-17 22:22:33
10:35:57,32.88,0.0,26,85488,买盘,002415,2025-10-17 22:22:33
10:36:00,32.87,-0.01,41,134779,卖盘,002415,2025-10-17 22:22:33
10:36:03,32.86,-0.01,243,798730,卖盘,002415,2025-10-17 22:22:33
10:36:06,32.86,0.0,115,377979,卖盘,002415,2025-10-17 22:22:33
10:36:09,32.87,0.01,77,253052,买盘,002415,2025-10-17 22:22:33
10:36:12,32.86,-0.01,381,1251971,卖盘,002415,2025-10-17 22:22:33
10:36:15,32.87,0.01,394,1294939,买盘,002415,2025-10-17 22:22:33
10:36:18,32.87,0.0,171,562138,卖盘,002415,2025-10-17 22:22:33
10:36:21,32.88,0.01,163,535720,买盘,002415,2025-10-17 22:22:33
10:36:24,32.85,-0.03,36,118263,卖盘,002415,2025-10-17 22:22:33
10:36:27,32.85,0.0,85,279245,卖盘,002415,2025-10-17 22:22:33
10:36:30,32.86,0.01,76,249793,买盘,002415,2025-10-17 22:22:33
10:36:33,32.85,-0.01,56,183986,卖盘,002415,2025-10-17 22:22:33
10:36:36,32.85,0.0,15,49285,卖盘,002415,2025-10-17 22:22:33
10:36:39,32.85,0.0,16,52560,卖盘,002415,2025-10-17 22:22:33
10:36:42,32.85,0.0,297,975657,卖盘,002415,2025-10-17 22:22:33
10:36:45,32.85,0.0,40,131399,买盘,002415,2025-10-17 22:22:33
10:36:48,32.85,0.0,148,486201,买盘,002415,2025-10-17 22:22:33
10:36:51,32.84,-0.01,45,147821,卖盘,002415,2025-10-17 22:22:33
10:36:54,32.85,0.01,71,233167,买盘,002415,2025-10-17 22:22:33
10:36:57,32.85,0.0,42,137965,买盘,002415,2025-10-17 22:22:33
10:37:00,32.84,-0.01,17,55830,卖盘,002415,2025-10-17 22:22:33
10:37:03,32.84,0.0,138,453221,卖盘,002415,2025-10-17 22:22:33
10:37:06,32.84,0.0,32,105088,卖盘,002415,2025-10-17 22:22:33
10:37:09,32.84,0.0,73,239763,卖盘,002415,2025-10-17 22:22:33
10:37:12,32.85,0.01,17,55842,买盘,002415,2025-10-17 22:22:33
10:37:15,32.85,0.0,38,124829,买盘,002415,2025-10-17 22:22:33
10:37:18,32.85,0.0,16,52554,买盘,002415,2025-10-17 22:22:33
10:37:21,32.84,-0.01,43,141232,卖盘,002415,2025-10-17 22:22:33
10:37:24,32.84,0.0,72,236499,卖盘,002415,2025-10-17 22:22:33
10:37:27,32.84,0.0,56,183918,卖盘,002415,2025-10-17 22:22:33
10:37:30,32.84,0.0,69,226626,卖盘,002415,2025-10-17 22:22:33
10:37:33,32.84,0.0,232,761932,卖盘,002415,2025-10-17 22:22:33
10:37:36,32.84,0.0,569,1868490,卖盘,002415,2025-10-17 22:22:33
10:37:39,32.84,0.0,88,288988,买盘,002415,2025-10-17 22:22:33
10:37:42,32.83,-0.01,195,640853,卖盘,002415,2025-10-17 22:22:33
10:37:45,32.84,0.01,188,616612,买盘,002415,2025-10-17 22:22:33
10:37:48,32.83,-0.01,36,118188,卖盘,002415,2025-10-17 22:22:33
10:37:51,32.83,0.0,38,124748,买盘,002415,2025-10-17 22:22:33
10:37:54,32.84,0.01,33,108345,买盘,002415,2025-10-17 22:22:33
10:37:57,32.84,0.0,111,364472,买盘,002415,2025-10-17 22:22:33
10:38:00,32.83,-0.01,9,29547,卖盘,002415,2025-10-17 22:22:33
10:38:03,32.83,0.0,116,380896,卖盘,002415,2025-10-17 22:22:33
10:38:06,32.83,0.0,62,203561,买盘,002415,2025-10-17 22:22:33
10:38:09,32.83,0.0,69,226518,卖盘,002415,2025-10-17 22:22:33
10:38:12,32.83,0.0,85,279069,卖盘,002415,2025-10-17 22:22:33
10:38:15,32.83,0.0,60,196980,卖盘,002415,2025-10-17 22:22:33
10:38:18,32.84,0.01,54,177304,买盘,002415,2025-10-17 22:22:33
10:38:21,32.83,-0.01,37,121471,卖盘,002415,2025-10-17 22:22:33
10:38:24,32.83,0.0,28,91922,买盘,002415,2025-10-17 22:22:33
10:38:27,32.83,0.0,43,141157,买盘,002415,2025-10-17 22:22:33
10:38:30,32.83,0.0,27,88623,买盘,002415,2025-10-17 22:22:33
10:38:33,32.83,0.0,44,144444,买盘,002415,2025-10-17 22:22:33
10:38:36,32.84,0.01,117,384208,买盘,002415,2025-10-17 22:22:33
10:38:39,32.83,-0.01,34,111670,卖盘,002415,2025-10-17 22:22:33
10:38:42,32.83,0.0,30,98492,卖盘,002415,2025-10-17 22:22:33
10:38:45,32.83,0.0,51,167434,卖盘,002415,2025-10-17 22:22:33
10:38:48,32.83,0.0,30,98517,卖盘,002415,2025-10-17 22:22:33
10:38:51,32.84,0.01,26,85369,买盘,002415,2025-10-17 22:22:33
10:38:54,32.8,-0.04,1519,4983065,卖盘,002415,2025-10-17 22:22:33
10:38:57,32.8,0.0,228,747735,买盘,002415,2025-10-17 22:22:33
10:39:00,32.8,0.0,646,2118850,买盘,002415,2025-10-17 22:22:33
10:39:03,32.8,0.0,221,724865,买盘,002415,2025-10-17 22:22:33
10:39:06,32.83,0.03,2166,7104507,买盘,002415,2025-10-17 22:22:33
10:39:09,32.81,-0.02,172,564660,卖盘,002415,2025-10-17 22:22:33
10:39:12,32.84,0.03,87,285589,买盘,002415,2025-10-17 22:22:33
10:39:15,32.84,0.0,39,128044,买盘,002415,2025-10-17 22:22:33
10:39:18,32.84,0.0,130,426875,买盘,002415,2025-10-17 22:22:33
10:39:21,32.84,0.0,3,9852,买盘,002415,2025-10-17 22:22:33
10:39:24,32.85,0.01,51,167519,买盘,002415,2025-10-17 22:22:33
10:39:27,32.84,-0.01,20,65706,卖盘,002415,2025-10-17 22:22:33
10:39:30,32.87,0.03,166,545644,买盘,002415,2025-10-17 22:22:33
10:39:33,32.87,0.0,53,174221,卖盘,002415,2025-10-17 22:22:33
10:39:36,32.87,0.0,75,246538,卖盘,002415,2025-10-17 22:22:33
10:39:39,32.89,0.02,348,1144347,买盘,002415,2025-10-17 22:22:33
10:39:42,32.88,-0.01,44,144684,卖盘,002415,2025-10-17 22:22:33
10:39:45,32.89,0.01,147,483537,买盘,002415,2025-10-17 22:22:33
10:39:48,32.89,0.0,160,526289,卖盘,002415,2025-10-17 22:22:33
10:39:51,32.9,0.01,153,503411,中性盘,002415,2025-10-17 22:22:33
10:39:54,32.89,-0.01,166,545997,卖盘,002415,2025-10-17 22:22:33
10:39:57,32.89,0.0,123,404547,买盘,002415,2025-10-17 22:22:33
10:40:00,32.88,-0.01,135,444219,卖盘,002415,2025-10-17 22:22:33
10:40:03,32.89,0.01,82,269655,买盘,002415,2025-10-17 22:22:33
10:40:06,32.89,0.0,38,124982,买盘,002415,2025-10-17 22:22:33
10:40:09,32.89,0.0,132,434246,卖盘,002415,2025-10-17 22:22:33
10:40:12,32.9,0.01,129,424288,买盘,002415,2025-10-17 22:22:33
10:40:15,32.91,0.01,58,190859,买盘,002415,2025-10-17 22:22:33
10:40:18,32.91,0.0,6,19746,买盘,002415,2025-10-17 22:22:33
10:40:21,32.91,0.0,69,227031,卖盘,002415,2025-10-17 22:22:33
10:40:24,32.91,0.0,23,75706,卖盘,002415,2025-10-17 22:22:33
10:40:27,32.92,0.01,102,335784,买盘,002415,2025-10-17 22:22:33
10:40:30,32.93,0.01,27,88911,买盘,002415,2025-10-17 22:22:33
10:40:33,32.93,0.0,61,200839,买盘,002415,2025-10-17 22:22:33
10:40:36,32.93,0.0,29,95493,买盘,002415,2025-10-17 22:22:33
10:40:39,32.93,0.0,44,144891,买盘,002415,2025-10-17 22:22:33
10:40:42,32.94,0.01,70,230530,买盘,002415,2025-10-17 22:22:33
10:40:45,32.94,0.0,22,72461,买盘,002415,2025-10-17 22:22:33
10:40:48,32.94,0.0,230,757596,买盘,002415,2025-10-17 22:22:33
10:40:51,32.94,0.0,149,490836,卖盘,002415,2025-10-17 22:22:33
10:40:54,32.95,0.01,52,171309,买盘,002415,2025-10-17 22:22:33
10:40:57,32.95,0.0,138,454704,买盘,002415,2025-10-17 22:22:33
10:41:00,32.95,0.0,194,639187,卖盘,002415,2025-10-17 22:22:33
10:41:03,32.93,-0.02,117,385381,卖盘,002415,2025-10-17 22:22:33
10:41:06,32.93,0.0,124,408440,卖盘,002415,2025-10-17 22:22:33
10:41:09,32.94,0.01,98,322735,买盘,002415,2025-10-17 22:22:33
10:41:12,32.96,0.02,3051,10064723,买盘,002415,2025-10-17 22:22:33
10:41:15,32.99,0.03,516,1702780,买盘,002415,2025-10-17 22:22:33
10:41:18,33.01,0.02,77,254182,买盘,002415,2025-10-17 22:22:33
10:41:21,33.01,0.0,218,719759,卖盘,002415,2025-10-17 22:22:33
10:41:24,33.01,0.0,7,23106,买盘,002415,2025-10-17 22:22:33
10:41:27,33.01,0.0,166,547947,买盘,002415,2025-10-17 22:22:33
10:41:30,33.0,-0.01,263,867990,卖盘,002415,2025-10-17 22:22:33
10:41:33,33.0,0.0,140,462109,卖盘,002415,2025-10-17 22:22:33
10:41:36,33.01,0.01,105,346601,中性盘,002415,2025-10-17 22:22:33
10:41:39,33.02,0.01,417,1377107,买盘,002415,2025-10-17 22:22:33
10:41:42,33.04,0.02,149,492186,买盘,002415,2025-10-17 22:22:33
10:41:45,33.03,-0.01,53,175097,中性盘,002415,2025-10-17 22:22:33
10:41:48,33.03,0.0,38,125518,买盘,002415,2025-10-17 22:22:33
10:41:51,33.03,0.0,166,548303,卖盘,002415,2025-10-17 22:22:33
10:41:54,33.03,0.0,494,1632252,卖盘,002415,2025-10-17 22:22:33
10:41:57,33.03,0.0,106,350118,买盘,002415,2025-10-17 22:22:33
10:42:00,33.04,0.01,254,838974,买盘,002415,2025-10-17 22:22:33
10:42:03,33.02,-0.02,209,690231,卖盘,002415,2025-10-17 22:22:33
10:42:06,33.04,0.02,144,475639,买盘,002415,2025-10-17 22:22:33
10:42:09,33.04,0.0,146,482269,买盘,002415,2025-10-17 22:22:33
10:42:12,33.04,0.0,98,323650,买盘,002415,2025-10-17 22:22:33
10:42:15,33.04,0.0,133,439295,买盘,002415,2025-10-17 22:22:33
10:42:18,33.01,-0.03,211,696683,卖盘,002415,2025-10-17 22:22:33
10:42:21,33.03,0.02,63,208043,买盘,002415,2025-10-17 22:22:33
10:42:24,33.02,-0.01,33,108961,买盘,002415,2025-10-17 22:22:33
10:42:27,33.03,0.01,86,283984,买盘,002415,2025-10-17 22:22:33
10:42:30,33.02,-0.01,59,194788,卖盘,002415,2025-10-17 22:22:33
10:42:33,33.01,-0.01,570,1881313,卖盘,002415,2025-10-17 22:22:33
10:42:36,33.0,-0.01,225,742665,卖盘,002415,2025-10-17 22:22:33
10:42:39,33.0,0.0,50,165027,卖盘,002415,2025-10-17 22:22:33
10:42:42,33.0,0.0,176,580841,卖盘,002415,2025-10-17 22:22:33
10:42:45,33.01,0.01,98,323485,卖盘,002415,2025-10-17 22:22:33
10:42:48,33.02,0.01,56,184907,买盘,002415,2025-10-17 22:22:33
10:42:51,33.01,-0.01,163,538070,卖盘,002415,2025-10-17 22:22:33
10:42:54,33.02,0.01,51,168378,买盘,002415,2025-10-17 22:22:33
10:42:57,33.02,0.0,41,135381,买盘,002415,2025-10-17 22:22:33
10:43:00,33.01,-0.01,123,406143,卖盘,002415,2025-10-17 22:22:33
10:43:03,33.02,0.01,61,201386,买盘,002415,2025-10-17 22:22:33
10:43:06,33.01,-0.01,120,396131,卖盘,002415,2025-10-17 22:22:33
10:43:09,33.01,0.0,771,2544836,卖盘,002415,2025-10-17 22:22:33
10:43:12,33.01,0.0,214,706518,买盘,002415,2025-10-17 22:22:33
10:43:15,33.02,0.01,198,653671,买盘,002415,2025-10-17 22:22:33
10:43:18,33.03,0.01,68,224578,买盘,002415,2025-10-17 22:22:33
10:43:21,33.02,-0.01,75,247651,卖盘,002415,2025-10-17 22:22:33
10:43:24,33.02,0.0,37,122174,卖盘,002415,2025-10-17 22:22:33
10:43:27,33.01,-0.01,64,211352,卖盘,002415,2025-10-17 22:22:33
10:43:30,33.02,0.01,30,99060,买盘,002415,2025-10-17 22:22:33
10:43:33,33.02,0.0,36,118871,买盘,002415,2025-10-17 22:22:33
10:43:36,33.02,0.0,47,155183,买盘,002415,2025-10-17 22:22:33
10:43:39,33.02,0.0,106,349997,买盘,002415,2025-10-17 22:22:33
10:43:42,33.02,0.0,79,260837,买盘,002415,2025-10-17 22:22:33
10:43:45,33.01,-0.01,26,85847,卖盘,002415,2025-10-17 22:22:33
10:43:48,33.02,0.01,42,138656,买盘,002415,2025-10-17 22:22:33
10:43:51,33.01,-0.01,31,102350,卖盘,002415,2025-10-17 22:22:33
10:43:54,33.01,0.0,237,782350,卖盘,002415,2025-10-17 22:22:33
10:43:57,33.01,0.0,190,627186,卖盘,002415,2025-10-17 22:22:33
10:44:00,33.01,0.0,87,287142,买盘,002415,2025-10-17 22:22:33
10:44:03,33.01,0.0,69,227765,买盘,002415,2025-10-17 22:22:33
10:44:06,33.01,0.0,24,79224,买盘,002415,2025-10-17 22:22:33
10:44:09,33.0,-0.01,53,174946,卖盘,002415,2025-10-17 22:22:33
10:44:12,33.0,0.0,63,207904,卖盘,002415,2025-10-17 22:22:33
10:44:15,33.0,0.0,120,396043,卖盘,002415,2025-10-17 22:22:33
10:44:18,33.0,0.0,1097,3619285,卖盘,002415,2025-10-17 22:22:33
10:44:21,33.0,0.0,1385,4570997,卖盘,002415,2025-10-17 22:22:33
10:44:24,32.98,-0.02,11,36280,卖盘,002415,2025-10-17 22:22:33
10:44:27,32.99,0.01,308,1016284,买盘,002415,2025-10-17 22:22:33
10:44:30,32.98,-0.01,85,280351,卖盘,002415,2025-10-17 22:22:33
10:44:33,32.98,0.0,59,194621,卖盘,002415,2025-10-17 22:22:33
10:44:36,32.98,0.0,74,244098,卖盘,002415,2025-10-17 22:22:33
10:44:39,32.98,0.0,16,52769,卖盘,002415,2025-10-17 22:22:33
10:44:42,32.99,0.01,15,49476,买盘,002415,2025-10-17 22:22:33
10:44:45,32.99,0.0,82,270515,买盘,002415,2025-10-17 22:22:33
10:44:48,32.98,-0.01,178,587068,卖盘,002415,2025-10-17 22:22:33
10:44:51,32.97,-0.01,93,306709,卖盘,002415,2025-10-17 22:22:33
10:44:54,32.98,0.01,74,244052,买盘,002415,2025-10-17 22:22:33
10:44:57,32.97,-0.01,5,16486,卖盘,002415,2025-10-17 22:22:33
10:45:00,32.97,0.0,112,369270,卖盘,002415,2025-10-17 22:22:33
10:45:03,32.97,0.0,45,148365,卖盘,002415,2025-10-17 22:22:33
10:45:06,32.98,0.01,53,174771,买盘,002415,2025-10-17 22:22:33
10:45:09,32.97,-0.01,71,234087,卖盘,002415,2025-10-17 22:22:33
10:45:12,32.97,0.0,63,207708,买盘,002415,2025-10-17 22:22:33
10:45:15,32.96,-0.01,14,46144,卖盘,002415,2025-10-17 22:22:33
10:45:18,32.96,0.0,103,339493,卖盘,002415,2025-10-17 22:22:33
10:45:21,32.95,-0.01,44,144984,卖盘,002415,2025-10-17 22:22:33
10:45:24,32.95,0.0,75,247152,买盘,002415,2025-10-17 22:22:33
10:45:27,32.96,0.01,46,151574,买盘,002415,2025-10-17 22:22:33
10:45:30,32.96,0.0,21,69214,买盘,002415,2025-10-17 22:22:33
10:45:33,32.96,0.0,10,32960,买盘,002415,2025-10-17 22:22:33
10:45:36,32.95,-0.01,35,115356,卖盘,002415,2025-10-17 22:22:33
10:45:39,32.96,0.01,185,609590,买盘,002415,2025-10-17 22:22:33
10:45:42,32.94,-0.02,45,148268,卖盘,002415,2025-10-17 22:22:33
10:45:45,32.94,0.0,1,3294,卖盘,002415,2025-10-17 22:22:33
10:45:48,32.94,0.0,68,224005,卖盘,002415,2025-10-17 22:22:33
10:45:51,32.94,0.0,8,26352,卖盘,002415,2025-10-17 22:22:33
10:45:54,32.94,0.0,117,385398,买盘,002415,2025-10-17 22:22:33
10:45:57,32.93,-0.01,41,135053,卖盘,002415,2025-10-17 22:22:33
10:46:00,32.93,0.0,86,283199,卖盘,002415,2025-10-17 22:22:33
10:46:03,32.94,0.01,23,75749,买盘,002415,2025-10-17 22:22:33
10:46:06,32.95,0.01,135,444689,买盘,002415,2025-10-17 22:22:33
10:46:09,32.94,-0.01,80,263522,卖盘,002415,2025-10-17 22:22:33
10:46:12,32.95,0.01,32,105440,买盘,002415,2025-10-17 22:22:33
10:46:15,32.95,0.0,76,250415,买盘,002415,2025-10-17 22:22:33
10:46:18,32.94,-0.01,89,293225,卖盘,002415,2025-10-17 22:22:33
10:46:21,32.96,0.02,90,296586,买盘,002415,2025-10-17 22:22:33
10:46:24,32.96,0.0,74,243904,买盘,002415,2025-10-17 22:22:33
10:46:27,32.96,0.0,165,543984,卖盘,002415,2025-10-17 22:22:33
10:46:30,32.97,0.01,66,217595,买盘,002415,2025-10-17 22:22:33
10:46:33,32.98,0.01,6,19788,买盘,002415,2025-10-17 22:22:33
10:46:36,32.98,0.0,48,158304,买盘,002415,2025-10-17 22:22:33
10:46:39,33.0,0.02,807,2662753,买盘,002415,2025-10-17 22:22:33
10:46:42,33.01,0.01,150,495209,买盘,002415,2025-10-17 22:22:33
10:46:45,33.02,0.01,12,39614,买盘,002415,2025-10-17 22:22:33
10:46:48,33.01,-0.01,71,234468,卖盘,002415,2025-10-17 22:22:33
10:46:51,33.02,0.01,7,23120,卖盘,002415,2025-10-17 22:22:33
10:46:54,33.03,0.01,16,52848,买盘,002415,2025-10-17 22:22:33
10:46:57,33.02,-0.01,55,181644,卖盘,002415,2025-10-17 22:22:33
10:47:00,33.06,0.04,608,2009372,买盘,002415,2025-10-17 22:22:33
10:47:03,33.06,0.0,35,115712,卖盘,002415,2025-10-17 22:22:33
10:47:06,33.06,0.0,34,112404,卖盘,002415,2025-10-17 22:22:33
10:47:09,33.07,0.01,380,1256536,买盘,002415,2025-10-17 22:22:33
10:47:12,33.07,0.0,94,310871,买盘,002415,2025-10-17 22:22:33
10:47:15,33.06,-0.01,243,803619,卖盘,002415,2025-10-17 22:22:33
10:47:18,33.1,0.04,840,2779581,买盘,002415,2025-10-17 22:22:33
10:47:21,33.11,0.01,76,251600,买盘,002415,2025-10-17 22:22:33
10:47:24,33.11,0.0,173,572802,买盘,002415,2025-10-17 22:22:33
10:47:27,33.11,0.0,84,278167,卖盘,002415,2025-10-17 22:22:33
10:47:30,33.11,0.0,199,658965,卖盘,002415,2025-10-17 22:22:33
10:47:33,33.12,0.01,441,1460591,买盘,002415,2025-10-17 22:22:33
10:47:36,33.12,0.0,376,1245196,买盘,002415,2025-10-17 22:22:33
10:47:39,33.12,0.0,85,281522,卖盘,002415,2025-10-17 22:22:33
10:47:42,33.11,-0.01,190,629213,卖盘,002415,2025-10-17 22:22:33
10:47:45,33.11,0.0,199,658971,卖盘,002415,2025-10-17 22:22:33
10:47:48,33.12,0.01,312,1033103,买盘,002415,2025-10-17 22:22:33
10:47:51,33.12,0.0,100,331142,买盘,002415,2025-10-17 22:22:33
10:47:54,33.12,0.0,104,344416,买盘,002415,2025-10-17 22:22:33
10:47:57,33.13,0.01,93,307955,买盘,002415,2025-10-17 22:22:33
10:48:00,33.1,-0.03,37,122526,卖盘,002415,2025-10-17 22:22:33
10:48:03,33.1,0.0,322,1066406,卖盘,002415,2025-10-17 22:22:33
10:48:06,33.11,0.01,72,238360,买盘,002415,2025-10-17 22:22:33
10:48:09,33.11,0.0,47,155627,卖盘,002415,2025-10-17 22:22:33
10:48:12,33.12,0.01,151,500085,买盘,002415,2025-10-17 22:22:33
10:48:15,33.11,-0.01,112,370931,卖盘,002415,2025-10-17 22:22:33
10:48:18,33.11,0.0,40,132439,卖盘,002415,2025-10-17 22:22:33
10:48:21,33.13,0.02,298,986950,买盘,002415,2025-10-17 22:22:33
10:48:24,33.09,-0.04,70,231689,卖盘,002415,2025-10-17 22:22:33
10:48:27,33.1,0.01,52,172126,买盘,002415,2025-10-17 22:22:33
10:48:30,33.1,0.0,62,205176,卖盘,002415,2025-10-17 22:22:33
10:48:33,33.1,0.0,42,138995,卖盘,002415,2025-10-17 22:22:33
10:48:36,33.1,0.0,61,201949,卖盘,002415,2025-10-17 22:22:33
10:48:39,33.11,0.01,48,158890,买盘,002415,2025-10-17 22:22:33
10:48:42,33.1,-0.01,56,185361,卖盘,002415,2025-10-17 22:22:33
10:48:45,33.1,0.0,13,43037,卖盘,002415,2025-10-17 22:22:33
10:48:48,33.1,0.0,132,436996,卖盘,002415,2025-10-17 22:22:33
10:48:51,33.11,0.01,298,986691,买盘,002415,2025-10-17 22:22:33
10:48:54,33.11,0.0,30,99330,卖盘,002415,2025-10-17 22:22:33
10:48:57,33.12,0.01,121,400671,买盘,002415,2025-10-17 22:22:33
10:49:00,33.12,0.0,28,92747,卖盘,002415,2025-10-17 22:22:33
10:49:03,33.11,-0.01,192,635966,卖盘,002415,2025-10-17 22:22:33
10:49:06,33.12,0.01,12,39750,买盘,002415,2025-10-17 22:22:33
10:49:09,33.12,0.0,6,19872,买盘,002415,2025-10-17 22:22:33
10:49:12,33.12,0.0,163,539839,买盘,002415,2025-10-17 22:22:33
10:49:15,33.12,0.0,28,92736,卖盘,002415,2025-10-17 22:22:33
10:49:18,33.12,0.0,41,135779,买盘,002415,2025-10-17 22:22:33
10:49:21,33.12,0.0,79,260748,买盘,002415,2025-10-17 22:22:33
10:49:24,33.11,-0.01,18,59606,卖盘,002415,2025-10-17 22:22:33
10:49:27,33.11,0.0,124,411388,卖盘,002415,2025-10-17 22:22:33
10:49:30,33.1,-0.01,166,549585,卖盘,002415,2025-10-17 22:22:33
10:49:33,33.1,0.0,15,49651,卖盘,002415,2025-10-17 22:22:33
10:49:36,33.09,-0.01,110,364031,卖盘,002415,2025-10-17 22:22:33
10:49:39,33.1,0.01,157,519637,买盘,002415,2025-10-17 22:22:33
10:49:42,33.09,-0.01,25,82720,买盘,002415,2025-10-17 22:22:33
10:49:45,33.09,0.0,151,499548,卖盘,002415,2025-10-17 22:22:33
10:49:48,33.09,0.0,350,1158425,卖盘,002415,2025-10-17 22:22:33
10:49:51,33.09,0.0,685,2267512,卖盘,002415,2025-10-17 22:22:33
10:49:54,33.1,0.01,776,2565373,卖盘,002415,2025-10-17 22:22:33
10:49:57,33.1,0.0,7,23170,卖盘,002415,2025-10-17 22:22:33
10:50:00,33.11,0.01,191,632480,买盘,002415,2025-10-17 22:22:33
10:50:03,33.14,0.03,400,1325274,买盘,002415,2025-10-17 22:22:33
10:50:06,33.14,0.0,232,768934,买盘,002415,2025-10-17 22:22:33
10:50:09,33.15,0.01,169,560137,买盘,002415,2025-10-17 22:22:33
10:50:12,33.21,0.06,1652,5484277,买盘,002415,2025-10-17 22:22:33
10:50:15,33.23,0.02,215,714236,买盘,002415,2025-10-17 22:22:33
10:50:18,33.25,0.02,189,628206,买盘,002415,2025-10-17 22:22:33
10:50:21,33.26,0.01,335,1113995,买盘,002415,2025-10-17 22:22:33
10:50:24,33.27,0.01,600,1996455,买盘,002415,2025-10-17 22:22:33
10:50:27,33.3,0.03,1044,3475641,买盘,002415,2025-10-17 22:22:33
10:50:30,33.28,-0.02,694,2310460,卖盘,002415,2025-10-17 22:22:33
10:50:33,33.27,-0.01,382,1270613,买盘,002415,2025-10-17 22:22:33
10:50:36,33.27,0.0,167,555685,买盘,002415,2025-10-17 22:22:33
10:50:39,33.27,0.0,839,2792850,卖盘,002415,2025-10-17 22:22:33
10:50:42,33.26,-0.01,413,1374095,卖盘,002415,2025-10-17 22:22:33
10:50:45,33.27,0.01,277,921546,买盘,002415,2025-10-17 22:22:33
10:50:48,33.27,0.0,697,2319227,买盘,002415,2025-10-17 22:22:33
10:50:51,33.3,0.03,454,1511672,买盘,002415,2025-10-17 22:22:33
10:50:54,33.3,0.0,703,2340454,买盘,002415,2025-10-17 22:22:33
10:50:57,33.32,0.02,203,676236,买盘,002415,2025-10-17 22:22:33
10:51:00,33.31,-0.01,237,789632,卖盘,002415,2025-10-17 22:22:33
10:51:03,33.3,-0.01,513,1708506,卖盘,002415,2025-10-17 22:22:33
10:51:06,33.3,0.0,770,2565023,卖盘,002415,2025-10-17 22:22:33
10:51:09,33.3,0.0,464,1545143,卖盘,002415,2025-10-17 22:22:33
10:51:12,33.31,0.01,669,2228144,买盘,002415,2025-10-17 22:22:33
10:51:15,33.29,-0.02,153,509493,卖盘,002415,2025-10-17 22:22:33
10:51:18,33.29,0.0,170,566025,卖盘,002415,2025-10-17 22:22:33
10:51:21,33.34,0.05,3276,10923782,买盘,002415,2025-10-17 22:22:33
10:51:24,33.33,-0.01,326,1087143,卖盘,002415,2025-10-17 22:22:33
10:51:27,33.39,0.06,494,1648224,买盘,002415,2025-10-17 22:22:33
10:51:30,33.37,-0.02,153,510602,中性盘,002415,2025-10-17 22:22:33
10:51:33,33.39,0.02,387,1291980,买盘,002415,2025-10-17 22:22:33
10:51:36,33.39,0.0,244,814611,买盘,002415,2025-10-17 22:22:33
10:51:39,33.39,0.0,647,2160926,卖盘,002415,2025-10-17 22:22:33
10:51:42,33.38,-0.01,537,1793255,卖盘,002415,2025-10-17 22:22:33
10:51:45,33.39,0.01,278,928270,买盘,002415,2025-10-17 22:22:33
10:51:48,33.38,-0.01,321,1071755,卖盘,002415,2025-10-17 22:22:33
10:51:51,33.38,0.0,350,1168549,卖盘,002415,2025-10-17 22:22:33
10:51:54,33.38,0.0,248,827766,卖盘,002415,2025-10-17 22:22:33
10:51:57,33.38,0.0,513,1712600,买盘,002415,2025-10-17 22:22:33
10:52:00,33.38,0.0,409,1365352,买盘,002415,2025-10-17 22:22:33
10:52:03,33.38,0.0,129,430615,卖盘,002415,2025-10-17 22:22:33
10:52:06,33.38,0.0,259,864563,卖盘,002415,2025-10-17 22:22:33
10:52:09,33.37,-0.01,367,1225028,买盘,002415,2025-10-17 22:22:33
10:52:12,33.35,-0.02,148,493813,卖盘,002415,2025-10-17 22:22:33
10:52:15,33.35,0.0,235,784035,卖盘,002415,2025-10-17 22:22:33
10:52:18,33.35,0.0,128,426921,卖盘,002415,2025-10-17 22:22:33
10:52:21,33.35,0.0,164,546855,买盘,002415,2025-10-17 22:22:33
10:52:24,33.34,-0.01,154,513238,买盘,002415,2025-10-17 22:22:33
10:52:27,33.32,-0.02,94,313191,卖盘,002415,2025-10-17 22:22:33
