时间,成交价,价格变动,成交量,成交额,买卖盘性质,股票代码,采集时间
09:25:00,18.7,0.0,34338,64212060,卖盘,002552,2025-10-17 22:55:06
09:30:00,18.7,0.0,10744,20091280,卖盘,002552,2025-10-17 22:55:06
09:30:03,18.7,0.0,7775,14539250,卖盘,002552,2025-10-17 22:55:06
09:30:06,18.7,0.0,1320,2468400,卖盘,002552,2025-10-17 22:55:06
09:30:09,18.7,0.0,516,964920,卖盘,002552,2025-10-17 22:55:06
09:30:12,18.7,0.0,449,839630,卖盘,002552,2025-10-17 22:55:06
09:30:15,18.7,0.0,131,244970,卖盘,002552,2025-10-17 22:55:06
09:30:18,18.7,0.0,179,334730,卖盘,002552,2025-10-17 22:55:06
09:30:21,18.7,0.0,327,611490,卖盘,002552,2025-10-17 22:55:06
09:30:24,18.7,0.0,154,287980,卖盘,002552,2025-10-17 22:55:06
09:30:27,18.7,0.0,114,213180,卖盘,002552,2025-10-17 22:55:06
09:30:30,18.7,0.0,186,347820,卖盘,002552,2025-10-17 22:55:06
09:30:33,18.7,0.0,390,729300,卖盘,002552,2025-10-17 22:55:06
09:30:36,18.7,0.0,52,97240,卖盘,002552,2025-10-17 22:55:06
09:30:39,18.7,0.0,85,158950,卖盘,002552,2025-10-17 22:55:06
09:30:42,18.7,0.0,57,106590,卖盘,002552,2025-10-17 22:55:06
09:30:45,18.7,0.0,69,129030,卖盘,002552,2025-10-17 22:55:06
09:30:48,18.7,0.0,107,200090,卖盘,002552,2025-10-17 22:55:06
09:30:51,18.7,0.0,303,566610,卖盘,002552,2025-10-17 22:55:06
09:30:54,18.7,0.0,48,89760,卖盘,002552,2025-10-17 22:55:06
09:30:57,18.7,0.0,142,265540,卖盘,002552,2025-10-17 22:55:06
09:31:00,18.7,0.0,10,18700,卖盘,002552,2025-10-17 22:55:06
09:31:03,18.7,0.0,33,61710,卖盘,002552,2025-10-17 22:55:06
09:31:06,18.7,0.0,50,93500,卖盘,002552,2025-10-17 22:55:06
09:31:09,18.7,0.0,128,239360,卖盘,002552,2025-10-17 22:55:06
09:31:12,18.7,0.0,383,716210,卖盘,002552,2025-10-17 22:55:06
09:31:15,18.7,0.0,140,261800,卖盘,002552,2025-10-17 22:55:06
09:31:21,18.7,0.0,12,22440,卖盘,002552,2025-10-17 22:55:06
09:31:24,18.7,0.0,569,1064030,卖盘,002552,2025-10-17 22:55:06
09:31:27,18.7,0.0,447,835890,卖盘,002552,2025-10-17 22:55:06
09:31:30,18.7,0.0,187,349690,卖盘,002552,2025-10-17 22:55:06
09:31:33,18.7,0.0,53,99110,卖盘,002552,2025-10-17 22:55:06
09:31:36,18.7,0.0,17,31790,卖盘,002552,2025-10-17 22:55:06
09:31:39,18.7,0.0,36,67320,卖盘,002552,2025-10-17 22:55:06
09:31:42,18.7,0.0,39,72930,卖盘,002552,2025-10-17 22:55:06
09:31:45,18.7,0.0,53,99110,卖盘,002552,2025-10-17 22:55:06
09:31:48,18.7,0.0,47,87890,卖盘,002552,2025-10-17 22:55:06
09:31:51,18.7,0.0,46,86020,卖盘,002552,2025-10-17 22:55:06
09:31:54,18.7,0.0,14,26180,卖盘,002552,2025-10-17 22:55:06
09:32:00,18.7,0.0,25,46750,卖盘,002552,2025-10-17 22:55:06
09:32:03,18.7,0.0,42,78540,卖盘,002552,2025-10-17 22:55:06
09:32:06,18.7,0.0,14,26180,卖盘,002552,2025-10-17 22:55:06
09:32:09,18.7,0.0,20,37400,卖盘,002552,2025-10-17 22:55:06
09:32:12,18.7,0.0,50,93500,卖盘,002552,2025-10-17 22:55:06
09:32:15,18.7,0.0,137,256190,卖盘,002552,2025-10-17 22:55:06
09:32:18,18.7,0.0,5,9350,卖盘,002552,2025-10-17 22:55:06
09:32:21,18.7,0.0,187,349690,卖盘,002552,2025-10-17 22:55:06
09:32:24,18.7,0.0,273,510510,卖盘,002552,2025-10-17 22:55:06
09:32:27,18.7,0.0,100,187000,卖盘,002552,2025-10-17 22:55:06
09:32:33,18.7,0.0,40,74800,卖盘,002552,2025-10-17 22:55:06
09:32:36,18.7,0.0,102,190740,卖盘,002552,2025-10-17 22:55:06
09:32:39,18.7,0.0,27,50490,卖盘,002552,2025-10-17 22:55:06
09:32:42,18.7,0.0,11,20570,卖盘,002552,2025-10-17 22:55:06
09:32:45,18.7,0.0,43,80410,卖盘,002552,2025-10-17 22:55:06
09:32:48,18.7,0.0,97,181390,卖盘,002552,2025-10-17 22:55:06
09:32:51,18.7,0.0,133,248710,卖盘,002552,2025-10-17 22:55:06
09:32:54,18.7,0.0,28,52360,卖盘,002552,2025-10-17 22:55:06
09:32:57,18.7,0.0,102,190740,卖盘,002552,2025-10-17 22:55:06
09:33:00,18.7,0.0,8,14960,卖盘,002552,2025-10-17 22:55:06
09:33:03,18.7,0.0,20,37400,卖盘,002552,2025-10-17 22:55:06
09:33:06,18.7,0.0,660,1234200,卖盘,002552,2025-10-17 22:55:06
09:33:09,18.7,0.0,1,1870,卖盘,002552,2025-10-17 22:55:06
09:33:12,18.7,0.0,73,136510,卖盘,002552,2025-10-17 22:55:06
09:33:15,18.7,0.0,10,18700,卖盘,002552,2025-10-17 22:55:06
09:33:18,18.7,0.0,8,14960,卖盘,002552,2025-10-17 22:55:06
09:33:21,18.7,0.0,25,46750,卖盘,002552,2025-10-17 22:55:06
09:33:24,18.7,0.0,5,9350,卖盘,002552,2025-10-17 22:55:06
09:33:27,18.7,0.0,126,235620,卖盘,002552,2025-10-17 22:55:06
09:33:30,18.7,0.0,15,28050,卖盘,002552,2025-10-17 22:55:06
09:33:33,18.7,0.0,20,37400,卖盘,002552,2025-10-17 22:55:06
09:33:36,18.7,0.0,444,830280,卖盘,002552,2025-10-17 22:55:06
09:33:42,18.7,0.0,10,18700,卖盘,002552,2025-10-17 22:55:06
09:33:45,18.7,0.0,27,50490,卖盘,002552,2025-10-17 22:55:06
09:33:48,18.7,0.0,127,237490,卖盘,002552,2025-10-17 22:55:06
09:33:51,18.7,0.0,80,149600,卖盘,002552,2025-10-17 22:55:06
09:33:54,18.7,0.0,210,392700,卖盘,002552,2025-10-17 22:55:06
09:33:57,18.7,0.0,68,127160,卖盘,002552,2025-10-17 22:55:06
09:34:00,18.7,0.0,125,233750,卖盘,002552,2025-10-17 22:55:06
09:34:03,18.7,0.0,382,714340,卖盘,002552,2025-10-17 22:55:06
09:34:06,18.7,0.0,100,187000,卖盘,002552,2025-10-17 22:55:06
09:34:09,18.7,0.0,6,11220,卖盘,002552,2025-10-17 22:55:06
09:34:12,18.7,0.0,68,127160,卖盘,002552,2025-10-17 22:55:06
09:34:15,18.7,0.0,150,280500,卖盘,002552,2025-10-17 22:55:06
09:34:18,18.7,0.0,10,18700,卖盘,002552,2025-10-17 22:55:06
09:34:21,18.7,0.0,1266,2367420,卖盘,002552,2025-10-17 22:55:06
09:34:24,18.7,0.0,93,173910,卖盘,002552,2025-10-17 22:55:06
09:34:27,18.7,0.0,301,562870,卖盘,002552,2025-10-17 22:55:06
09:34:30,18.7,0.0,20,37400,卖盘,002552,2025-10-17 22:55:06
09:34:36,18.7,0.0,25,46750,卖盘,002552,2025-10-17 22:55:06
09:34:39,18.7,0.0,15,28050,卖盘,002552,2025-10-17 22:55:06
09:34:45,18.7,0.0,482,901340,卖盘,002552,2025-10-17 22:55:06
09:34:48,18.7,0.0,50,93500,卖盘,002552,2025-10-17 22:55:06
09:34:51,18.7,0.0,5,9350,卖盘,002552,2025-10-17 22:55:06
09:34:54,18.7,0.0,51,95370,卖盘,002552,2025-10-17 22:55:06
09:35:00,18.7,0.0,96,179520,卖盘,002552,2025-10-17 22:55:06
09:35:06,18.7,0.0,95,177650,卖盘,002552,2025-10-17 22:55:06
09:35:12,18.7,0.0,37,69190,卖盘,002552,2025-10-17 22:55:06
09:35:18,18.7,0.0,65,121550,卖盘,002552,2025-10-17 22:55:06
09:35:21,18.7,0.0,121,226270,卖盘,002552,2025-10-17 22:55:06
09:35:24,18.7,0.0,300,561000,卖盘,002552,2025-10-17 22:55:06
09:35:27,18.7,0.0,10,18700,卖盘,002552,2025-10-17 22:55:06
09:35:30,18.7,0.0,504,942480,卖盘,002552,2025-10-17 22:55:06
09:35:36,18.7,0.0,305,570350,卖盘,002552,2025-10-17 22:55:06
09:35:39,18.7,0.0,49,91630,卖盘,002552,2025-10-17 22:55:06
09:35:45,18.7,0.0,80,149600,卖盘,002552,2025-10-17 22:55:06
09:35:48,18.7,0.0,90,168300,卖盘,002552,2025-10-17 22:55:06
09:35:51,18.7,0.0,136,254320,卖盘,002552,2025-10-17 22:55:06
09:35:54,18.7,0.0,10,18700,卖盘,002552,2025-10-17 22:55:06
09:35:57,18.7,0.0,8,14960,卖盘,002552,2025-10-17 22:55:06
09:36:03,18.7,0.0,20,37400,卖盘,002552,2025-10-17 22:55:06
09:36:06,18.7,0.0,33,61729,卖盘,002552,2025-10-17 22:55:06
09:36:09,18.7,0.0,40,74800,卖盘,002552,2025-10-17 22:55:06
09:36:12,18.7,0.0,4,7480,卖盘,002552,2025-10-17 22:55:06
09:36:15,18.7,0.0,341,637670,卖盘,002552,2025-10-17 22:55:06
09:36:18,18.7,0.0,2,3740,卖盘,002552,2025-10-17 22:55:06
09:36:21,18.7,0.0,139,259930,卖盘,002552,2025-10-17 22:55:06
09:36:24,18.7,0.0,50,93500,卖盘,002552,2025-10-17 22:55:06
09:36:27,18.7,0.0,28,52360,卖盘,002552,2025-10-17 22:55:06
09:36:30,18.7,0.0,1,1870,卖盘,002552,2025-10-17 22:55:06
09:36:33,18.7,0.0,38,71060,卖盘,002552,2025-10-17 22:55:06
09:36:36,18.7,0.0,100,187000,卖盘,002552,2025-10-17 22:55:06
09:36:39,18.7,0.0,123,230010,卖盘,002552,2025-10-17 22:55:06
09:36:42,18.7,0.0,30,56100,卖盘,002552,2025-10-17 22:55:06
09:36:45,18.7,0.0,24,44880,卖盘,002552,2025-10-17 22:55:06
09:36:48,18.7,0.0,18,33660,卖盘,002552,2025-10-17 22:55:06
09:36:51,18.7,0.0,1,1870,卖盘,002552,2025-10-17 22:55:06
09:36:54,18.7,0.0,5,9350,卖盘,002552,2025-10-17 22:55:06
09:36:57,18.7,0.0,29,54230,卖盘,002552,2025-10-17 22:55:06
09:37:03,18.7,0.0,204,381480,卖盘,002552,2025-10-17 22:55:06
09:37:06,18.7,0.0,100,187000,卖盘,002552,2025-10-17 22:55:06
09:37:12,18.7,0.0,181,338470,卖盘,002552,2025-10-17 22:55:06
09:37:15,18.7,0.0,67,125290,卖盘,002552,2025-10-17 22:55:06
09:37:18,18.7,0.0,30,56100,卖盘,002552,2025-10-17 22:55:06
09:37:21,18.7,0.0,27,50490,卖盘,002552,2025-10-17 22:55:06
09:37:24,18.7,0.0,377,704990,卖盘,002552,2025-10-17 22:55:06
09:37:27,18.7,0.0,1,1870,卖盘,002552,2025-10-17 22:55:06
09:37:30,18.7,0.0,10,18700,卖盘,002552,2025-10-17 22:55:06
09:37:33,18.7,0.0,305,570350,卖盘,002552,2025-10-17 22:55:06
09:37:36,18.7,0.0,20,37400,卖盘,002552,2025-10-17 22:55:06
09:37:42,18.7,0.0,58,108460,卖盘,002552,2025-10-17 22:55:06
09:37:45,18.7,0.0,70,130900,卖盘,002552,2025-10-17 22:55:06
09:37:48,18.7,0.0,510,953700,卖盘,002552,2025-10-17 22:55:06
09:37:51,18.7,0.0,162,302940,卖盘,002552,2025-10-17 22:55:06
09:37:54,18.7,0.0,276,516120,卖盘,002552,2025-10-17 22:55:06
09:37:57,18.7,0.0,13,24310,卖盘,002552,2025-10-17 22:55:06
09:38:00,18.7,0.0,193,360910,卖盘,002552,2025-10-17 22:55:06
09:38:03,18.7,0.0,133,248710,卖盘,002552,2025-10-17 22:55:06
09:38:06,18.7,0.0,420,785400,卖盘,002552,2025-10-17 22:55:06
09:38:09,18.7,0.0,17,31790,卖盘,002552,2025-10-17 22:55:06
09:38:12,18.7,0.0,31,57970,卖盘,002552,2025-10-17 22:55:06
09:38:15,18.7,0.0,1,1870,卖盘,002552,2025-10-17 22:55:06
09:38:21,18.7,0.0,210,392700,卖盘,002552,2025-10-17 22:55:06
09:38:24,18.7,0.0,33,61710,卖盘,002552,2025-10-17 22:55:06
09:38:27,18.7,0.0,38,71060,卖盘,002552,2025-10-17 22:55:06
09:38:30,18.7,0.0,17,31790,卖盘,002552,2025-10-17 22:55:06
09:38:39,18.7,0.0,111,207570,卖盘,002552,2025-10-17 22:55:06
09:38:45,18.7,0.0,42,78540,卖盘,002552,2025-10-17 22:55:06
09:38:48,18.7,0.0,10,18700,卖盘,002552,2025-10-17 22:55:06
09:38:51,18.7,0.0,4,7480,卖盘,002552,2025-10-17 22:55:06
09:38:54,18.7,0.0,7,13090,卖盘,002552,2025-10-17 22:55:06
09:38:57,18.7,0.0,15,28050,卖盘,002552,2025-10-17 22:55:06
09:39:00,18.7,0.0,25,46750,卖盘,002552,2025-10-17 22:55:06
09:39:06,18.7,0.0,7,13090,卖盘,002552,2025-10-17 22:55:06
09:39:09,18.7,0.0,3,5610,卖盘,002552,2025-10-17 22:55:06
09:39:18,18.7,0.0,5,9350,卖盘,002552,2025-10-17 22:55:06
09:39:21,18.7,0.0,2,3740,卖盘,002552,2025-10-17 22:55:06
09:39:24,18.7,0.0,10,18700,卖盘,002552,2025-10-17 22:55:06
09:39:27,18.7,0.0,1,1870,卖盘,002552,2025-10-17 22:55:06
09:39:30,18.7,0.0,5,9350,卖盘,002552,2025-10-17 22:55:06
09:39:33,18.7,0.0,6,11220,卖盘,002552,2025-10-17 22:55:06
09:39:39,18.7,0.0,15,28050,卖盘,002552,2025-10-17 22:55:06
09:39:42,18.7,0.0,10,18700,卖盘,002552,2025-10-17 22:55:06
09:39:45,18.7,0.0,52,97240,卖盘,002552,2025-10-17 22:55:06
09:39:48,18.7,0.0,1,1870,卖盘,002552,2025-10-17 22:55:06
09:39:54,18.7,0.0,46,86020,卖盘,002552,2025-10-17 22:55:06
09:40:00,18.7,0.0,31,57970,卖盘,002552,2025-10-17 22:55:06
09:40:06,18.7,0.0,3,5610,卖盘,002552,2025-10-17 22:55:06
09:40:09,18.7,0.0,34,63580,卖盘,002552,2025-10-17 22:55:06
09:40:15,18.7,0.0,2,3740,卖盘,002552,2025-10-17 22:55:06
09:40:18,18.7,0.0,11,20570,卖盘,002552,2025-10-17 22:55:06
09:40:21,18.7,0.0,84,157080,卖盘,002552,2025-10-17 22:55:06
09:40:24,18.7,0.0,25,46750,卖盘,002552,2025-10-17 22:55:06
09:40:30,18.7,0.0,15,28050,卖盘,002552,2025-10-17 22:55:06
09:40:51,18.7,0.0,10,18700,卖盘,002552,2025-10-17 22:55:06
09:41:09,18.7,0.0,1,1870,卖盘,002552,2025-10-17 22:55:06
09:41:12,18.7,0.0,2,3740,卖盘,002552,2025-10-17 22:55:06
09:41:24,18.7,0.0,6,11220,卖盘,002552,2025-10-17 22:55:06
09:41:30,18.7,0.0,10,18700,卖盘,002552,2025-10-17 22:55:06
09:41:33,18.7,0.0,73,136510,卖盘,002552,2025-10-17 22:55:06
09:41:36,18.7,0.0,6,11220,卖盘,002552,2025-10-17 22:55:06
09:41:39,18.7,0.0,19,35530,卖盘,002552,2025-10-17 22:55:06
09:41:42,18.7,0.0,5,9350,卖盘,002552,2025-10-17 22:55:06
09:41:45,18.7,0.0,1,1870,卖盘,002552,2025-10-17 22:55:06
09:41:48,18.7,0.0,30,56100,卖盘,002552,2025-10-17 22:55:06
09:41:51,18.7,0.0,29,54230,卖盘,002552,2025-10-17 22:55:06
09:41:54,18.7,0.0,16,29920,卖盘,002552,2025-10-17 22:55:06
09:41:57,18.7,0.0,19,35530,卖盘,002552,2025-10-17 22:55:06
09:42:00,18.7,0.0,5,9350,卖盘,002552,2025-10-17 22:55:06
09:42:03,18.7,0.0,36,67320,卖盘,002552,2025-10-17 22:55:06
09:42:06,18.7,0.0,45,84150,卖盘,002552,2025-10-17 22:55:06
09:42:09,18.7,0.0,250,467500,卖盘,002552,2025-10-17 22:55:06
09:42:12,18.7,0.0,7,13090,卖盘,002552,2025-10-17 22:55:06
09:42:15,18.7,0.0,4,7480,卖盘,002552,2025-10-17 22:55:06
09:42:18,18.7,0.0,101,188870,卖盘,002552,2025-10-17 22:55:06
09:42:21,18.7,0.0,762,1424940,卖盘,002552,2025-10-17 22:55:06
09:42:24,18.7,0.0,22,41140,卖盘,002552,2025-10-17 22:55:06
09:42:27,18.7,0.0,60,112200,卖盘,002552,2025-10-17 22:55:06
09:42:30,18.7,0.0,20,37400,卖盘,002552,2025-10-17 22:55:06
09:42:33,18.7,0.0,10,18700,卖盘,002552,2025-10-17 22:55:06
09:42:36,18.7,0.0,41,76670,卖盘,002552,2025-10-17 22:55:06
09:42:42,18.7,0.0,20,37400,卖盘,002552,2025-10-17 22:55:06
09:42:51,18.7,0.0,105,196350,卖盘,002552,2025-10-17 22:55:06
09:43:03,18.7,0.0,79,147730,卖盘,002552,2025-10-17 22:55:06
09:43:06,18.7,0.0,15,28050,卖盘,002552,2025-10-17 22:55:06
09:43:12,18.7,0.0,64,119680,卖盘,002552,2025-10-17 22:55:06
09:43:18,18.7,0.0,29,54230,卖盘,002552,2025-10-17 22:55:06
09:43:21,18.7,0.0,10,18700,卖盘,002552,2025-10-17 22:55:06
09:43:27,18.7,0.0,27,50490,卖盘,002552,2025-10-17 22:55:06
09:43:30,18.7,0.0,1,1870,卖盘,002552,2025-10-17 22:55:06
09:43:33,18.7,0.0,2,3740,卖盘,002552,2025-10-17 22:55:06
09:43:39,18.7,0.0,5,9350,卖盘,002552,2025-10-17 22:55:06
09:43:48,18.7,0.0,28,52360,卖盘,002552,2025-10-17 22:55:06
09:43:51,18.7,0.0,57,106590,卖盘,002552,2025-10-17 22:55:06
09:43:54,18.7,0.0,5,9350,卖盘,002552,2025-10-17 22:55:06
09:44:00,18.7,0.0,8,14960,卖盘,002552,2025-10-17 22:55:06
09:44:03,18.7,0.0,105,196350,卖盘,002552,2025-10-17 22:55:06
09:44:09,18.7,0.0,6,11220,卖盘,002552,2025-10-17 22:55:06
09:44:12,18.7,0.0,285,532950,卖盘,002552,2025-10-17 22:55:06
09:44:15,18.7,0.0,73,136510,卖盘,002552,2025-10-17 22:55:06
09:44:18,18.7,0.0,126,235620,卖盘,002552,2025-10-17 22:55:06
09:44:21,18.7,0.0,333,622710,卖盘,002552,2025-10-17 22:55:06
09:44:24,18.7,0.0,57,106590,卖盘,002552,2025-10-17 22:55:06
09:44:27,18.7,0.0,911,1703570,卖盘,002552,2025-10-17 22:55:06
09:44:30,18.7,0.0,22,41140,卖盘,002552,2025-10-17 22:55:06
09:44:33,18.7,0.0,3280,6133600,卖盘,002552,2025-10-17 22:55:06
09:44:36,18.7,0.0,12240,22888800,卖盘,002552,2025-10-17 22:55:06
09:44:39,18.7,0.0,13094,24485780,卖盘,002552,2025-10-17 22:55:06
09:44:42,18.7,0.0,2260,4226200,卖盘,002552,2025-10-17 22:55:06
09:44:45,18.7,0.0,3950,7386500,卖盘,002552,2025-10-17 22:55:06
09:44:48,18.7,0.0,1484,2775080,卖盘,002552,2025-10-17 22:55:06
09:44:51,18.7,0.0,2878,5381860,卖盘,002552,2025-10-17 22:55:06
09:44:54,18.38,-0.32,5011,9281706,卖盘,002552,2025-10-17 22:55:06
09:44:57,18.4,0.02,1844,3383804,买盘,002552,2025-10-17 22:55:06
09:45:00,18.7,0.3,3896,7266306,买盘,002552,2025-10-17 22:55:06
09:45:03,18.7,0.0,316,590920,卖盘,002552,2025-10-17 22:55:06
09:45:06,18.7,0.0,199,372130,卖盘,002552,2025-10-17 22:55:06
09:45:09,18.7,0.0,189,353430,卖盘,002552,2025-10-17 22:55:06
09:45:12,18.7,0.0,246,460020,卖盘,002552,2025-10-17 22:55:06
09:45:15,18.7,0.0,316,590920,卖盘,002552,2025-10-17 22:55:06
09:45:18,18.7,0.0,49,91630,卖盘,002552,2025-10-17 22:55:06
09:45:21,18.7,0.0,246,460020,卖盘,002552,2025-10-17 22:55:06
09:45:24,18.7,0.0,62,115940,卖盘,002552,2025-10-17 22:55:06
09:45:27,18.7,0.0,86,160820,卖盘,002552,2025-10-17 22:55:06
09:45:30,18.7,0.0,253,473110,卖盘,002552,2025-10-17 22:55:06
09:45:33,18.7,0.0,173,323510,卖盘,002552,2025-10-17 22:55:06
09:45:36,18.7,0.0,36,67320,卖盘,002552,2025-10-17 22:55:06
09:45:39,18.7,0.0,177,330990,卖盘,002552,2025-10-17 22:55:06
09:45:42,18.7,0.0,19,35530,卖盘,002552,2025-10-17 22:55:06
09:45:45,18.7,0.0,33,61710,卖盘,002552,2025-10-17 22:55:06
09:45:48,18.7,0.0,59,110330,卖盘,002552,2025-10-17 22:55:06
09:45:51,18.7,0.0,42,78540,卖盘,002552,2025-10-17 22:55:06
09:45:54,18.7,0.0,1,1870,卖盘,002552,2025-10-17 22:55:06
09:45:57,18.7,0.0,76,142120,卖盘,002552,2025-10-17 22:55:06
09:46:00,18.7,0.0,13,24310,卖盘,002552,2025-10-17 22:55:06
09:46:03,18.7,0.0,10,18700,卖盘,002552,2025-10-17 22:55:06
09:46:06,18.7,0.0,22,41140,卖盘,002552,2025-10-17 22:55:06
09:46:09,18.7,0.0,113,211310,卖盘,002552,2025-10-17 22:55:06
09:46:12,18.7,0.0,11,20570,卖盘,002552,2025-10-17 22:55:06
09:46:15,18.7,0.0,53,99110,卖盘,002552,2025-10-17 22:55:06
09:46:21,18.7,0.0,1,1870,卖盘,002552,2025-10-17 22:55:06
09:46:24,18.7,0.0,21,39270,卖盘,002552,2025-10-17 22:55:06
09:46:27,18.7,0.0,17,31790,卖盘,002552,2025-10-17 22:55:06
09:46:30,18.7,0.0,89,166430,卖盘,002552,2025-10-17 22:55:06
09:46:33,18.7,0.0,138,258060,卖盘,002552,2025-10-17 22:55:06
09:46:36,18.7,0.0,59,110330,卖盘,002552,2025-10-17 22:55:06
09:46:39,18.7,0.0,5,9350,卖盘,002552,2025-10-17 22:55:06
09:46:42,18.7,0.0,97,181390,卖盘,002552,2025-10-17 22:55:06
09:46:45,18.7,0.0,2,3740,卖盘,002552,2025-10-17 22:55:06
09:46:51,18.7,0.0,4,7480,卖盘,002552,2025-10-17 22:55:06
09:46:54,18.7,0.0,230,430100,卖盘,002552,2025-10-17 22:55:06
09:46:57,18.7,0.0,29,54230,卖盘,002552,2025-10-17 22:55:06
09:47:00,18.7,0.0,19,35530,卖盘,002552,2025-10-17 22:55:06
09:47:03,18.7,0.0,9,16830,卖盘,002552,2025-10-17 22:55:06
09:47:06,18.7,0.0,3388,6335560,卖盘,002552,2025-10-17 22:55:06
09:47:09,18.7,0.0,96,179520,卖盘,002552,2025-10-17 22:55:06
09:47:12,18.7,0.0,1196,2236520,卖盘,002552,2025-10-17 22:55:06
09:47:15,18.7,0.0,25,46750,卖盘,002552,2025-10-17 22:55:06
09:47:18,18.7,0.0,8,14960,卖盘,002552,2025-10-17 22:55:06
09:47:21,18.7,0.0,9,16830,卖盘,002552,2025-10-17 22:55:06
09:47:24,18.7,0.0,70,130900,卖盘,002552,2025-10-17 22:55:06
09:47:27,18.7,0.0,213,398310,卖盘,002552,2025-10-17 22:55:06
09:47:30,18.7,0.0,151,282370,卖盘,002552,2025-10-17 22:55:06
09:47:33,18.7,0.0,11,20570,卖盘,002552,2025-10-17 22:55:06
09:47:36,18.7,0.0,25,46750,卖盘,002552,2025-10-17 22:55:06
09:47:39,18.7,0.0,27,50490,卖盘,002552,2025-10-17 22:55:06
09:47:42,18.7,0.0,51,95370,卖盘,002552,2025-10-17 22:55:06
09:47:51,18.7,0.0,27,50490,卖盘,002552,2025-10-17 22:55:06
09:47:54,18.7,0.0,39,72930,卖盘,002552,2025-10-17 22:55:06
09:47:57,18.7,0.0,38,71060,卖盘,002552,2025-10-17 22:55:06
09:48:00,18.7,0.0,2,3740,卖盘,002552,2025-10-17 22:55:06
09:48:03,18.7,0.0,1,1870,卖盘,002552,2025-10-17 22:55:06
09:48:06,18.7,0.0,18,33660,卖盘,002552,2025-10-17 22:55:06
09:48:09,18.7,0.0,10,18700,卖盘,002552,2025-10-17 22:55:06
09:48:15,18.7,0.0,2,3740,卖盘,002552,2025-10-17 22:55:06
09:48:18,18.7,0.0,1,1870,卖盘,002552,2025-10-17 22:55:06
09:48:21,18.7,0.0,51,95370,卖盘,002552,2025-10-17 22:55:06
09:48:24,18.7,0.0,102,190740,卖盘,002552,2025-10-17 22:55:06
09:48:27,18.7,0.0,8,14960,卖盘,002552,2025-10-17 22:55:06
09:48:30,18.7,0.0,6,11220,卖盘,002552,2025-10-17 22:55:06
09:48:42,18.7,0.0,17,31790,卖盘,002552,2025-10-17 22:55:06
09:48:45,18.7,0.0,111,207570,卖盘,002552,2025-10-17 22:55:06
09:48:48,18.7,0.0,22,41140,卖盘,002552,2025-10-17 22:55:06
09:48:51,18.7,0.0,27,50490,卖盘,002552,2025-10-17 22:55:06
09:48:54,18.7,0.0,7,13090,卖盘,002552,2025-10-17 22:55:06
09:49:03,18.7,0.0,57,106590,卖盘,002552,2025-10-17 22:55:06
09:49:06,18.7,0.0,10,18700,卖盘,002552,2025-10-17 22:55:06
09:49:18,18.7,0.0,7,13090,卖盘,002552,2025-10-17 22:55:06
09:49:21,18.7,0.0,15,28050,卖盘,002552,2025-10-17 22:55:06
09:49:27,18.7,0.0,19,35530,卖盘,002552,2025-10-17 22:55:06
09:49:30,18.7,0.0,315,589050,卖盘,002552,2025-10-17 22:55:06
09:49:36,18.7,0.0,98,183260,卖盘,002552,2025-10-17 22:55:06
09:49:45,18.7,0.0,3,5610,卖盘,002552,2025-10-17 22:55:06
09:49:48,18.7,0.0,5,9350,卖盘,002552,2025-10-17 22:55:06
09:49:51,18.7,0.0,8,14960,卖盘,002552,2025-10-17 22:55:06
09:49:54,18.7,0.0,22,41140,卖盘,002552,2025-10-17 22:55:06
09:49:57,18.7,0.0,13,24310,卖盘,002552,2025-10-17 22:55:06
09:50:00,18.7,0.0,117,218790,卖盘,002552,2025-10-17 22:55:06
09:50:03,18.7,0.0,16,29920,卖盘,002552,2025-10-17 22:55:06
09:50:06,18.7,0.0,402,751740,卖盘,002552,2025-10-17 22:55:06
09:50:09,18.7,0.0,11,20570,卖盘,002552,2025-10-17 22:55:06
09:50:21,18.7,0.0,218,407660,卖盘,002552,2025-10-17 22:55:06
09:50:24,18.7,0.0,36,67320,卖盘,002552,2025-10-17 22:55:06
09:50:30,18.7,0.0,30,56100,卖盘,002552,2025-10-17 22:55:06
09:50:33,18.7,0.0,32,59840,卖盘,002552,2025-10-17 22:55:06
09:50:36,18.7,0.0,9,16830,卖盘,002552,2025-10-17 22:55:06
09:50:39,18.7,0.0,1,1870,卖盘,002552,2025-10-17 22:55:06
09:50:45,18.7,0.0,1,1870,卖盘,002552,2025-10-17 22:55:06
09:50:48,18.7,0.0,37,69190,卖盘,002552,2025-10-17 22:55:06
09:50:51,18.7,0.0,15,28050,卖盘,002552,2025-10-17 22:55:06
09:50:54,18.7,0.0,6,11220,卖盘,002552,2025-10-17 22:55:06
09:51:03,18.7,0.0,34,63580,卖盘,002552,2025-10-17 22:55:06
09:51:06,18.7,0.0,6,11220,卖盘,002552,2025-10-17 22:55:06
09:51:09,18.7,0.0,11,20570,卖盘,002552,2025-10-17 22:55:06
09:51:12,18.7,0.0,1,1870,卖盘,002552,2025-10-17 22:55:06
09:51:15,18.7,0.0,90,168300,卖盘,002552,2025-10-17 22:55:06
09:51:18,18.7,0.0,12,22440,卖盘,002552,2025-10-17 22:55:06
09:51:21,18.7,0.0,19,35530,卖盘,002552,2025-10-17 22:55:06
09:51:27,18.7,0.0,79,147730,卖盘,002552,2025-10-17 22:55:06
09:51:36,18.7,0.0,35,65450,卖盘,002552,2025-10-17 22:55:06
09:51:45,18.7,0.0,34,63580,卖盘,002552,2025-10-17 22:55:06
09:51:48,18.7,0.0,1,1870,卖盘,002552,2025-10-17 22:55:06
09:51:51,18.7,0.0,13,24310,卖盘,002552,2025-10-17 22:55:06
09:51:54,18.7,0.0,10,18700,卖盘,002552,2025-10-17 22:55:06
09:51:57,18.7,0.0,20,37400,卖盘,002552,2025-10-17 22:55:06
09:52:00,18.7,0.0,10,18700,卖盘,002552,2025-10-17 22:55:06
09:52:03,18.7,0.0,31,57970,卖盘,002552,2025-10-17 22:55:06
09:52:06,18.7,0.0,5,9350,卖盘,002552,2025-10-17 22:55:06
09:52:09,18.7,0.0,208,388960,卖盘,002552,2025-10-17 22:55:06
09:52:15,18.7,0.0,40,74800,卖盘,002552,2025-10-17 22:55:06
09:52:18,18.7,0.0,7,13090,卖盘,002552,2025-10-17 22:55:06
09:52:21,18.7,0.0,3,5610,卖盘,002552,2025-10-17 22:55:06
09:52:24,18.7,0.0,9,16830,卖盘,002552,2025-10-17 22:55:06
09:52:27,18.7,0.0,5,9350,卖盘,002552,2025-10-17 22:55:06
09:52:30,18.7,0.0,50,93500,卖盘,002552,2025-10-17 22:55:06
09:52:33,18.7,0.0,50,93500,卖盘,002552,2025-10-17 22:55:06
09:52:48,18.7,0.0,29,54230,卖盘,002552,2025-10-17 22:55:06
09:52:57,18.7,0.0,13,24310,卖盘,002552,2025-10-17 22:55:06
09:53:00,18.7,0.0,102,190740,卖盘,002552,2025-10-17 22:55:06
09:53:06,18.7,0.0,5,9350,卖盘,002552,2025-10-17 22:55:06
09:53:09,18.7,0.0,30,56100,卖盘,002552,2025-10-17 22:55:06
09:53:12,18.7,0.0,5,9350,卖盘,002552,2025-10-17 22:55:06
09:53:15,18.7,0.0,5,9350,卖盘,002552,2025-10-17 22:55:06
09:53:18,18.7,0.0,5,9350,卖盘,002552,2025-10-17 22:55:06
09:53:21,18.7,0.0,105,196350,卖盘,002552,2025-10-17 22:55:06
09:53:33,18.7,0.0,3,5610,卖盘,002552,2025-10-17 22:55:06
09:53:36,18.7,0.0,11,20570,卖盘,002552,2025-10-17 22:55:06
09:53:39,18.7,0.0,24,44880,卖盘,002552,2025-10-17 22:55:06
09:53:45,18.7,0.0,2,3740,卖盘,002552,2025-10-17 22:55:06
09:53:48,18.7,0.0,77,143990,卖盘,002552,2025-10-17 22:55:06
09:53:51,18.7,0.0,1,1870,卖盘,002552,2025-10-17 22:55:06
09:53:54,18.7,0.0,3,5610,卖盘,002552,2025-10-17 22:55:06
09:53:57,18.7,0.0,41,76670,卖盘,002552,2025-10-17 22:55:06
09:54:06,18.7,0.0,3,5610,卖盘,002552,2025-10-17 22:55:06
09:54:24,18.7,0.0,10,18700,卖盘,002552,2025-10-17 22:55:06
09:54:30,18.7,0.0,2,3740,卖盘,002552,2025-10-17 22:55:06
09:54:36,18.7,0.0,2,3740,卖盘,002552,2025-10-17 22:55:06
09:54:45,18.7,0.0,8,14960,卖盘,002552,2025-10-17 22:55:06
09:54:48,18.7,0.0,30,56100,卖盘,002552,2025-10-17 22:55:06
09:55:03,18.7,0.0,26,48620,卖盘,002552,2025-10-17 22:55:06
09:55:09,18.7,0.0,31,57970,卖盘,002552,2025-10-17 22:55:06
09:55:15,18.7,0.0,566,1058420,卖盘,002552,2025-10-17 22:55:06
09:55:21,18.7,0.0,8,14960,卖盘,002552,2025-10-17 22:55:06
09:55:27,18.7,0.0,24,44880,卖盘,002552,2025-10-17 22:55:06
09:55:30,18.7,0.0,1,1870,卖盘,002552,2025-10-17 22:55:06
09:55:33,18.7,0.0,2,3740,卖盘,002552,2025-10-17 22:55:06
09:55:36,18.7,0.0,8,14960,卖盘,002552,2025-10-17 22:55:06
09:55:42,18.7,0.0,6,11220,卖盘,002552,2025-10-17 22:55:06
09:56:03,18.7,0.0,3,5610,卖盘,002552,2025-10-17 22:55:06
09:56:06,18.7,0.0,10,18700,卖盘,002552,2025-10-17 22:55:06
09:56:09,18.7,0.0,1,1870,卖盘,002552,2025-10-17 22:55:06
09:56:12,18.7,0.0,2,3740,卖盘,002552,2025-10-17 22:55:06
09:56:18,18.7,0.0,26,48620,卖盘,002552,2025-10-17 22:55:06
09:56:24,18.7,0.0,9,16830,卖盘,002552,2025-10-17 22:55:06
09:56:27,18.7,0.0,49,91630,卖盘,002552,2025-10-17 22:55:06
09:56:30,18.7,0.0,3,5610,卖盘,002552,2025-10-17 22:55:06
09:56:36,18.7,0.0,1,1870,卖盘,002552,2025-10-17 22:55:06
09:56:39,18.7,0.0,6,11220,卖盘,002552,2025-10-17 22:55:06
09:56:48,18.7,0.0,50,93500,卖盘,002552,2025-10-17 22:55:06
09:56:51,18.7,0.0,2,3740,卖盘,002552,2025-10-17 22:55:06
09:56:54,18.7,0.0,30,56100,卖盘,002552,2025-10-17 22:55:06
09:56:57,18.7,0.0,90,168300,卖盘,002552,2025-10-17 22:55:06
09:57:00,18.7,0.0,4,7480,卖盘,002552,2025-10-17 22:55:06
09:57:03,18.7,0.0,5,9350,卖盘,002552,2025-10-17 22:55:06
09:57:06,18.7,0.0,204,381480,卖盘,002552,2025-10-17 22:55:06
09:57:09,18.7,0.0,7,13090,卖盘,002552,2025-10-17 22:55:06
09:57:12,18.7,0.0,10,18700,卖盘,002552,2025-10-17 22:55:06
09:57:15,18.7,0.0,32,59840,卖盘,002552,2025-10-17 22:55:06
09:57:18,18.7,0.0,7,13090,卖盘,002552,2025-10-17 22:55:06
09:57:24,18.7,0.0,2,3740,卖盘,002552,2025-10-17 22:55:06
09:57:27,18.7,0.0,19,35530,卖盘,002552,2025-10-17 22:55:06
09:57:39,18.7,0.0,6,11220,卖盘,002552,2025-10-17 22:55:06
09:57:42,18.7,0.0,5,9350,卖盘,002552,2025-10-17 22:55:06
09:57:45,18.7,0.0,2,3740,卖盘,002552,2025-10-17 22:55:06
09:57:48,18.7,0.0,7,13090,卖盘,002552,2025-10-17 22:55:06
09:57:51,18.7,0.0,17,31790,卖盘,002552,2025-10-17 22:55:06
09:58:09,18.7,0.0,23,43010,卖盘,002552,2025-10-17 22:55:06
09:58:18,18.7,0.0,10,18700,卖盘,002552,2025-10-17 22:55:06
09:58:36,18.7,0.0,2,3740,卖盘,002552,2025-10-17 22:55:06
09:58:45,18.7,0.0,28,52360,卖盘,002552,2025-10-17 22:55:06
09:58:48,18.7,0.0,1065,1991550,卖盘,002552,2025-10-17 22:55:06
09:58:51,18.7,0.0,25,46750,卖盘,002552,2025-10-17 22:55:06
09:58:54,18.7,0.0,18,33660,卖盘,002552,2025-10-17 22:55:06
09:58:57,18.7,0.0,93,173910,卖盘,002552,2025-10-17 22:55:06
09:59:03,18.7,0.0,2,3740,卖盘,002552,2025-10-17 22:55:06
09:59:12,18.7,0.0,40,74800,卖盘,002552,2025-10-17 22:55:06
09:59:15,18.7,0.0,10,18700,卖盘,002552,2025-10-17 22:55:06
09:59:18,18.7,0.0,10,18700,卖盘,002552,2025-10-17 22:55:06
09:59:21,18.7,0.0,5,9350,卖盘,002552,2025-10-17 22:55:06
09:59:30,18.7,0.0,10,18700,卖盘,002552,2025-10-17 22:55:06
09:59:33,18.7,0.0,13,24310,卖盘,002552,2025-10-17 22:55:06
09:59:39,18.7,0.0,11,20570,卖盘,002552,2025-10-17 22:55:06
09:59:42,18.7,0.0,20,37400,卖盘,002552,2025-10-17 22:55:06
09:59:45,18.7,0.0,523,978010,卖盘,002552,2025-10-17 22:55:06
09:59:48,18.7,0.0,10,18700,卖盘,002552,2025-10-17 22:55:06
09:59:51,18.7,0.0,53,99110,卖盘,002552,2025-10-17 22:55:06
09:59:54,18.7,0.0,4,7480,卖盘,002552,2025-10-17 22:55:06
10:00:00,18.7,0.0,108,201960,卖盘,002552,2025-10-17 22:55:06
10:00:03,18.7,0.0,223,417010,卖盘,002552,2025-10-17 22:55:06
10:00:09,18.7,0.0,22,41140,卖盘,002552,2025-10-17 22:55:06
10:00:12,18.7,0.0,21,39270,卖盘,002552,2025-10-17 22:55:06
10:00:18,18.7,0.0,26,48620,卖盘,002552,2025-10-17 22:55:06
10:00:21,18.7,0.0,18,33660,卖盘,002552,2025-10-17 22:55:06
10:00:24,18.7,0.0,3,5610,卖盘,002552,2025-10-17 22:55:06
10:00:27,18.7,0.0,5,9350,卖盘,002552,2025-10-17 22:55:06
10:00:30,18.7,0.0,64,119680,卖盘,002552,2025-10-17 22:55:06
10:00:33,18.7,0.0,23,43010,卖盘,002552,2025-10-17 22:55:06
10:00:42,18.7,0.0,2,3740,卖盘,002552,2025-10-17 22:55:06
10:00:48,18.7,0.0,1,1870,卖盘,002552,2025-10-17 22:55:06
10:00:51,18.7,0.0,35,65450,卖盘,002552,2025-10-17 22:55:06
10:00:54,18.7,0.0,5,9350,卖盘,002552,2025-10-17 22:55:06
10:00:57,18.7,0.0,24,44880,卖盘,002552,2025-10-17 22:55:06
10:01:00,18.7,0.0,22,41140,卖盘,002552,2025-10-17 22:55:06
10:01:03,18.7,0.0,23,43010,卖盘,002552,2025-10-17 22:55:06
10:01:06,18.7,0.0,50,93500,卖盘,002552,2025-10-17 22:55:06
10:01:09,18.7,0.0,20,37400,卖盘,002552,2025-10-17 22:55:06
10:01:12,18.7,0.0,5,9350,卖盘,002552,2025-10-17 22:55:06
10:01:15,18.7,0.0,165,308550,卖盘,002552,2025-10-17 22:55:06
10:01:21,18.7,0.0,5,9350,卖盘,002552,2025-10-17 22:55:06
10:01:24,18.7,0.0,4,7480,卖盘,002552,2025-10-17 22:55:06
10:01:27,18.7,0.0,23,43010,卖盘,002552,2025-10-17 22:55:06
10:01:33,18.7,0.0,15,28050,卖盘,002552,2025-10-17 22:55:06
10:01:36,18.7,0.0,20,37400,卖盘,002552,2025-10-17 22:55:06
10:01:39,18.7,0.0,14,26180,卖盘,002552,2025-10-17 22:55:06
10:01:42,18.7,0.0,27,50490,卖盘,002552,2025-10-17 22:55:06
10:01:45,18.7,0.0,25,46750,卖盘,002552,2025-10-17 22:55:06
10:01:51,18.7,0.0,10,18700,卖盘,002552,2025-10-17 22:55:06
10:01:57,18.7,0.0,5,9350,卖盘,002552,2025-10-17 22:55:06
10:02:03,18.7,0.0,6,11220,卖盘,002552,2025-10-17 22:55:06
10:02:06,18.7,0.0,15,28050,卖盘,002552,2025-10-17 22:55:06
10:02:09,18.7,0.0,24,44880,卖盘,002552,2025-10-17 22:55:06
10:02:12,18.7,0.0,8,14960,卖盘,002552,2025-10-17 22:55:06
10:02:15,18.7,0.0,6,11220,卖盘,002552,2025-10-17 22:55:06
10:02:21,18.7,0.0,55,102850,卖盘,002552,2025-10-17 22:55:06
10:02:27,18.7,0.0,4,7480,卖盘,002552,2025-10-17 22:55:06
10:02:33,18.7,0.0,46,86020,卖盘,002552,2025-10-17 22:55:06
10:02:36,18.7,0.0,4,7480,卖盘,002552,2025-10-17 22:55:06
10:02:45,18.7,0.0,43,80410,卖盘,002552,2025-10-17 22:55:06
10:02:51,18.7,0.0,19,35530,卖盘,002552,2025-10-17 22:55:06
10:02:57,18.7,0.0,110,205700,卖盘,002552,2025-10-17 22:55:06
10:03:03,18.7,0.0,28,52360,卖盘,002552,2025-10-17 22:55:06
10:03:09,18.7,0.0,50,93500,卖盘,002552,2025-10-17 22:55:06
10:03:21,18.7,0.0,5,9350,卖盘,002552,2025-10-17 22:55:06
10:03:30,18.7,0.0,11,20570,卖盘,002552,2025-10-17 22:55:06
10:03:33,18.7,0.0,128,239360,卖盘,002552,2025-10-17 22:55:06
10:03:36,18.7,0.0,77,143990,卖盘,002552,2025-10-17 22:55:06
10:03:54,18.7,0.0,55,102850,卖盘,002552,2025-10-17 22:55:06
10:03:57,18.7,0.0,7,13090,卖盘,002552,2025-10-17 22:55:06
10:04:03,18.7,0.0,14,26180,卖盘,002552,2025-10-17 22:55:06
10:04:06,18.7,0.0,16,29920,卖盘,002552,2025-10-17 22:55:06
10:04:18,18.7,0.0,6,11220,卖盘,002552,2025-10-17 22:55:06
10:04:24,18.7,0.0,5,9350,卖盘,002552,2025-10-17 22:55:06
10:04:30,18.7,0.0,10,18700,卖盘,002552,2025-10-17 22:55:06
10:04:42,18.7,0.0,20,37400,卖盘,002552,2025-10-17 22:55:06
10:04:48,18.7,0.0,20,37400,卖盘,002552,2025-10-17 22:55:06
10:05:06,18.7,0.0,3,5610,卖盘,002552,2025-10-17 22:55:06
10:05:12,18.7,0.0,9,16830,卖盘,002552,2025-10-17 22:55:06
10:05:18,18.7,0.0,2,3740,卖盘,002552,2025-10-17 22:55:06
10:05:21,18.7,0.0,6,11220,卖盘,002552,2025-10-17 22:55:06
10:05:27,18.7,0.0,1,1870,卖盘,002552,2025-10-17 22:55:06
10:05:36,18.7,0.0,13,24310,卖盘,002552,2025-10-17 22:55:06
10:05:45,18.7,0.0,87,162690,卖盘,002552,2025-10-17 22:55:06
10:05:51,18.7,0.0,30,56100,卖盘,002552,2025-10-17 22:55:06
10:05:54,18.7,0.0,66,123420,卖盘,002552,2025-10-17 22:55:06
10:06:15,18.7,0.0,30,56100,卖盘,002552,2025-10-17 22:55:06
10:06:21,18.7,0.0,1,1870,卖盘,002552,2025-10-17 22:55:06
10:06:39,18.7,0.0,30,56100,卖盘,002552,2025-10-17 22:55:06
10:06:42,18.7,0.0,31,57970,卖盘,002552,2025-10-17 22:55:06
10:06:45,18.7,0.0,2,3740,卖盘,002552,2025-10-17 22:55:06
10:06:48,18.7,0.0,50,93500,卖盘,002552,2025-10-17 22:55:06
10:06:57,18.7,0.0,1,1870,卖盘,002552,2025-10-17 22:55:06
10:07:00,18.7,0.0,60,112200,卖盘,002552,2025-10-17 22:55:06
10:07:03,18.7,0.0,8,14960,卖盘,002552,2025-10-17 22:55:06
10:07:18,18.7,0.0,3,5610,卖盘,002552,2025-10-17 22:55:06
10:07:21,18.7,0.0,27,50490,卖盘,002552,2025-10-17 22:55:06
10:07:30,18.7,0.0,1,1870,卖盘,002552,2025-10-17 22:55:06
10:07:36,18.7,0.0,2,3740,卖盘,002552,2025-10-17 22:55:06
10:07:39,18.7,0.0,68,126898,卖盘,002552,2025-10-17 22:55:06
10:07:42,18.7,0.0,37,69190,卖盘,002552,2025-10-17 22:55:06
10:07:48,18.7,0.0,100,187000,卖盘,002552,2025-10-17 22:55:06
10:08:24,18.7,0.0,5,9350,卖盘,002552,2025-10-17 22:55:06
10:08:39,18.7,0.0,5,9350,卖盘,002552,2025-10-17 22:55:06
10:08:45,18.7,0.0,266,497420,卖盘,002552,2025-10-17 22:55:06
10:08:51,18.7,0.0,3,5610,卖盘,002552,2025-10-17 22:55:06
10:08:57,18.7,0.0,5,9350,卖盘,002552,2025-10-17 22:55:06
10:09:06,18.7,0.0,1,1870,卖盘,002552,2025-10-17 22:55:06
10:09:12,18.7,0.0,26,48620,卖盘,002552,2025-10-17 22:55:06
10:09:18,18.7,0.0,1,1870,卖盘,002552,2025-10-17 22:55:06
10:09:24,18.7,0.0,50,93500,卖盘,002552,2025-10-17 22:55:06
10:09:27,18.7,0.0,27,50490,卖盘,002552,2025-10-17 22:55:06
10:09:33,18.7,0.0,13,24310,卖盘,002552,2025-10-17 22:55:06
10:09:39,18.7,0.0,9,16830,卖盘,002552,2025-10-17 22:55:06
10:09:48,18.7,0.0,105,196350,卖盘,002552,2025-10-17 22:55:06
10:09:51,18.7,0.0,16,29920,卖盘,002552,2025-10-17 22:55:06
10:10:00,18.7,0.0,15,28050,卖盘,002552,2025-10-17 22:55:06
10:10:03,18.7,0.0,1,1870,卖盘,002552,2025-10-17 22:55:06
10:10:09,18.7,0.0,200,374000,卖盘,002552,2025-10-17 22:55:06
10:10:12,18.7,0.0,50,93500,卖盘,002552,2025-10-17 22:55:06
10:10:21,18.7,0.0,3,5610,卖盘,002552,2025-10-17 22:55:06
10:10:39,18.7,0.0,27,50490,卖盘,002552,2025-10-17 22:55:06
10:10:48,18.7,0.0,1,1870,卖盘,002552,2025-10-17 22:55:06
10:10:57,18.7,0.0,13,24310,卖盘,002552,2025-10-17 22:55:06
10:11:00,18.7,0.0,1,1870,卖盘,002552,2025-10-17 22:55:06
10:11:12,18.7,0.0,6,11220,卖盘,002552,2025-10-17 22:55:06
10:11:15,18.7,0.0,17,31790,卖盘,002552,2025-10-17 22:55:06
10:11:21,18.7,0.0,23,43010,卖盘,002552,2025-10-17 22:55:06
10:11:27,18.7,0.0,10,18700,卖盘,002552,2025-10-17 22:55:06
10:11:30,18.7,0.0,4,7480,卖盘,002552,2025-10-17 22:55:06
10:11:36,18.7,0.0,10,18700,卖盘,002552,2025-10-17 22:55:06
10:11:42,18.7,0.0,1,1870,卖盘,002552,2025-10-17 22:55:06
10:11:48,18.7,0.0,10,18700,卖盘,002552,2025-10-17 22:55:06
10:11:57,18.7,0.0,75,140250,卖盘,002552,2025-10-17 22:55:06
10:12:06,18.7,0.0,18,33660,卖盘,002552,2025-10-17 22:55:06
10:12:09,18.7,0.0,17,31790,卖盘,002552,2025-10-17 22:55:06
10:12:15,18.7,0.0,24,44880,卖盘,002552,2025-10-17 22:55:06
10:12:48,18.7,0.0,5,9350,卖盘,002552,2025-10-17 22:55:06
10:12:51,18.7,0.0,8,14960,卖盘,002552,2025-10-17 22:55:06
10:13:00,18.7,0.0,40,74800,卖盘,002552,2025-10-17 22:55:06
10:13:06,18.7,0.0,8,14960,卖盘,002552,2025-10-17 22:55:06
10:13:09,18.7,0.0,2,3740,卖盘,002552,2025-10-17 22:55:06
10:13:51,18.7,0.0,168,314160,卖盘,002552,2025-10-17 22:55:06
10:13:54,18.7,0.0,31,57970,卖盘,002552,2025-10-17 22:55:06
10:14:09,18.7,0.0,1,1870,卖盘,002552,2025-10-17 22:55:06
10:14:15,18.7,0.0,11,20570,卖盘,002552,2025-10-17 22:55:06
10:14:18,18.7,0.0,5,9350,卖盘,002552,2025-10-17 22:55:06
10:14:30,18.7,0.0,2,3740,卖盘,002552,2025-10-17 22:55:06
10:14:39,18.7,0.0,2,3740,卖盘,002552,2025-10-17 22:55:06
10:14:48,18.7,0.0,49,91630,卖盘,002552,2025-10-17 22:55:06
10:14:57,18.7,0.0,2,3740,卖盘,002552,2025-10-17 22:55:06
10:15:03,18.7,0.0,10,18700,卖盘,002552,2025-10-17 22:55:06
10:15:12,18.7,0.0,95,177650,卖盘,002552,2025-10-17 22:55:06
10:15:15,18.7,0.0,1,1870,卖盘,002552,2025-10-17 22:55:06
10:15:24,18.7,0.0,3,5610,卖盘,002552,2025-10-17 22:55:06
10:15:27,18.7,0.0,9,16830,卖盘,002552,2025-10-17 22:55:06
10:15:30,18.7,0.0,2,3740,卖盘,002552,2025-10-17 22:55:06
10:15:33,18.7,0.0,5,9350,卖盘,002552,2025-10-17 22:55:06
10:15:36,18.7,0.0,25,46750,卖盘,002552,2025-10-17 22:55:06
10:15:48,18.7,0.0,2,3740,卖盘,002552,2025-10-17 22:55:06
10:16:00,18.7,0.0,10,18700,卖盘,002552,2025-10-17 22:55:06
10:16:06,18.7,0.0,3,5610,卖盘,002552,2025-10-17 22:55:06
10:16:12,18.7,0.0,20,37400,卖盘,002552,2025-10-17 22:55:06
10:16:18,18.7,0.0,10,18700,卖盘,002552,2025-10-17 22:55:06
10:16:54,18.7,0.0,42,78540,卖盘,002552,2025-10-17 22:55:06
10:17:06,18.7,0.0,2,3740,卖盘,002552,2025-10-17 22:55:06
10:17:09,18.7,0.0,5,9350,卖盘,002552,2025-10-17 22:55:06
10:17:12,18.7,0.0,4,7480,卖盘,002552,2025-10-17 22:55:06
10:17:24,18.7,0.0,5,9350,卖盘,002552,2025-10-17 22:55:06
10:17:54,18.7,0.0,1,1870,卖盘,002552,2025-10-17 22:55:06
10:18:06,18.7,0.0,11,20570,卖盘,002552,2025-10-17 22:55:06
10:18:12,18.7,0.0,45,84150,卖盘,002552,2025-10-17 22:55:06
10:18:18,18.7,0.0,17,31790,卖盘,002552,2025-10-17 22:55:06
10:18:21,18.7,0.0,3,5610,卖盘,002552,2025-10-17 22:55:06
10:18:42,18.7,0.0,40,74800,卖盘,002552,2025-10-17 22:55:06
10:19:03,18.7,0.0,27,50490,卖盘,002552,2025-10-17 22:55:06
10:19:42,18.7,0.0,2,3740,卖盘,002552,2025-10-17 22:55:06
10:20:00,18.7,0.0,18,33660,卖盘,002552,2025-10-17 22:55:06
10:20:21,18.7,0.0,39,72930,卖盘,002552,2025-10-17 22:55:06
10:20:24,18.7,0.0,3,5610,卖盘,002552,2025-10-17 22:55:06
10:20:27,18.7,0.0,6,11220,卖盘,002552,2025-10-17 22:55:06
10:20:33,18.7,0.0,4,7480,卖盘,002552,2025-10-17 22:55:06
10:20:45,18.7,0.0,20,37400,卖盘,002552,2025-10-17 22:55:06
10:20:48,18.7,0.0,4,7480,卖盘,002552,2025-10-17 22:55:06
10:21:12,18.7,0.0,1,1870,卖盘,002552,2025-10-17 22:55:06
10:21:18,18.7,0.0,50,93500,卖盘,002552,2025-10-17 22:55:06
10:21:27,18.7,0.0,2,3740,卖盘,002552,2025-10-17 22:55:06
10:22:00,18.7,0.0,1,1870,卖盘,002552,2025-10-17 22:55:06
10:22:09,18.7,0.0,10,18700,卖盘,002552,2025-10-17 22:55:06
10:22:15,18.7,0.0,2,3740,卖盘,002552,2025-10-17 22:55:06
10:22:18,18.7,0.0,2,3740,卖盘,002552,2025-10-17 22:55:06
10:22:24,18.7,0.0,133,248710,卖盘,002552,2025-10-17 22:55:06
10:22:30,18.7,0.0,9,16830,卖盘,002552,2025-10-17 22:55:06
10:22:48,18.7,0.0,1,1870,卖盘,002552,2025-10-17 22:55:06
10:22:54,18.7,0.0,10,18700,卖盘,002552,2025-10-17 22:55:06
10:23:03,18.7,0.0,6,11220,卖盘,002552,2025-10-17 22:55:06
10:23:15,18.7,0.0,2,3740,卖盘,002552,2025-10-17 22:55:06
10:23:18,18.7,0.0,1,1870,卖盘,002552,2025-10-17 22:55:06
10:23:21,18.7,0.0,30,56100,卖盘,002552,2025-10-17 22:55:06
10:23:24,18.7,0.0,11,20570,卖盘,002552,2025-10-17 22:55:06
10:23:27,18.7,0.0,23,43010,卖盘,002552,2025-10-17 22:55:06
10:23:51,18.7,0.0,1,1870,卖盘,002552,2025-10-17 22:55:06
10:23:54,18.7,0.0,5,9350,卖盘,002552,2025-10-17 22:55:06
10:24:00,18.7,0.0,59,110330,卖盘,002552,2025-10-17 22:55:06
10:24:06,18.7,0.0,5,9350,卖盘,002552,2025-10-17 22:55:06
10:24:18,18.7,0.0,1,1870,卖盘,002552,2025-10-17 22:55:06
10:24:21,18.7,0.0,5,9350,卖盘,002552,2025-10-17 22:55:06
10:24:24,18.7,0.0,30,56100,卖盘,002552,2025-10-17 22:55:06
10:24:33,18.7,0.0,6,11220,卖盘,002552,2025-10-17 22:55:06
10:24:36,18.7,0.0,7,13090,卖盘,002552,2025-10-17 22:55:06
10:24:42,18.7,0.0,10,18700,卖盘,002552,2025-10-17 22:55:06
10:24:51,18.7,0.0,10,18700,卖盘,002552,2025-10-17 22:55:06
10:25:12,18.7,0.0,25,46750,卖盘,002552,2025-10-17 22:55:06
10:25:21,18.7,0.0,6,11220,卖盘,002552,2025-10-17 22:55:06
10:25:33,18.7,0.0,20,37400,卖盘,002552,2025-10-17 22:55:06
10:25:42,18.7,0.0,74,138380,卖盘,002552,2025-10-17 22:55:06
10:25:48,18.7,0.0,1,1870,卖盘,002552,2025-10-17 22:55:06
10:26:27,18.7,0.0,10,18700,卖盘,002552,2025-10-17 22:55:06
10:26:48,18.7,0.0,30,56100,卖盘,002552,2025-10-17 22:55:06
10:26:57,18.7,0.0,2,3740,卖盘,002552,2025-10-17 22:55:06
10:27:03,18.7,0.0,1,1870,卖盘,002552,2025-10-17 22:55:06
10:27:06,18.7,0.0,1,1870,卖盘,002552,2025-10-17 22:55:06
10:27:15,18.7,0.0,7,13090,卖盘,002552,2025-10-17 22:55:06
10:27:18,18.7,0.0,16,29920,卖盘,002552,2025-10-17 22:55:06
10:27:21,18.7,0.0,30,56100,卖盘,002552,2025-10-17 22:55:06
10:27:45,18.7,0.0,9,16830,卖盘,002552,2025-10-17 22:55:06
10:27:51,18.7,0.0,5,9350,卖盘,002552,2025-10-17 22:55:06
10:28:03,18.7,0.0,15,28050,卖盘,002552,2025-10-17 22:55:06
10:28:21,18.7,0.0,4,7480,卖盘,002552,2025-10-17 22:55:06
10:28:51,18.7,0.0,42,78540,卖盘,002552,2025-10-17 22:55:06
10:28:57,18.7,0.0,3,5610,卖盘,002552,2025-10-17 22:55:06
10:29:03,18.7,0.0,6,11220,卖盘,002552,2025-10-17 22:55:06
10:29:09,18.7,0.0,1,1870,卖盘,002552,2025-10-17 22:55:06
10:29:30,18.7,0.0,2,3740,卖盘,002552,2025-10-17 22:55:06
10:29:33,18.7,0.0,1,1870,卖盘,002552,2025-10-17 22:55:06
10:29:39,18.7,0.0,1,1870,卖盘,002552,2025-10-17 22:55:06
10:29:45,18.7,0.0,45,84150,卖盘,002552,2025-10-17 22:55:06
10:29:57,18.7,0.0,91,170170,卖盘,002552,2025-10-17 22:55:06
10:30:09,18.7,0.0,1,1870,卖盘,002552,2025-10-17 22:55:06
10:30:21,18.7,0.0,5,9350,卖盘,002552,2025-10-17 22:55:06
10:30:33,18.7,0.0,10,18700,卖盘,002552,2025-10-17 22:55:06
10:30:36,18.7,0.0,8,14960,卖盘,002552,2025-10-17 22:55:06
10:30:42,18.7,0.0,12,22440,卖盘,002552,2025-10-17 22:55:06
10:30:48,18.7,0.0,30,56100,卖盘,002552,2025-10-17 22:55:06
10:30:54,18.7,0.0,1,1870,卖盘,002552,2025-10-17 22:55:06
10:31:03,18.7,0.0,74,138380,卖盘,002552,2025-10-17 22:55:06
10:31:33,18.7,0.0,1,1870,卖盘,002552,2025-10-17 22:55:06
10:31:42,18.7,0.0,22,41140,卖盘,002552,2025-10-17 22:55:06
10:31:45,18.7,0.0,47,87890,卖盘,002552,2025-10-17 22:55:06
10:32:00,18.7,0.0,13,24310,卖盘,002552,2025-10-17 22:55:06
10:32:03,18.7,0.0,5,9350,卖盘,002552,2025-10-17 22:55:06
10:32:15,18.7,0.0,30,56100,卖盘,002552,2025-10-17 22:55:06
10:32:42,18.7,0.0,1,1870,卖盘,002552,2025-10-17 22:55:06
10:32:54,18.7,0.0,15,28050,卖盘,002552,2025-10-17 22:55:06
10:33:30,18.7,0.0,1,1870,卖盘,002552,2025-10-17 22:55:06
10:34:03,18.7,0.0,100,187000,卖盘,002552,2025-10-17 22:55:06
10:34:09,18.7,0.0,33,61710,卖盘,002552,2025-10-17 22:55:06
10:34:27,18.7,0.0,1,1870,卖盘,002552,2025-10-17 22:55:06
10:34:42,18.7,0.0,3,5610,卖盘,002552,2025-10-17 22:55:06
10:34:45,18.7,0.0,15,28050,卖盘,002552,2025-10-17 22:55:06
10:35:21,18.7,0.0,1,1870,卖盘,002552,2025-10-17 22:55:06
10:35:27,18.7,0.0,1,1870,卖盘,002552,2025-10-17 22:55:06
10:35:30,18.7,0.0,3,5610,卖盘,002552,2025-10-17 22:55:06
10:35:48,18.7,0.0,12,22440,卖盘,002552,2025-10-17 22:55:06
10:36:30,18.7,0.0,4,7480,卖盘,002552,2025-10-17 22:55:06
10:37:21,18.7,0.0,7,13090,卖盘,002552,2025-10-17 22:55:06
10:37:57,18.7,0.0,1,1870,卖盘,002552,2025-10-17 22:55:06
10:38:09,18.7,0.0,55,102850,卖盘,002552,2025-10-17 22:55:06
10:38:18,18.7,0.0,3,5610,卖盘,002552,2025-10-17 22:55:06
10:38:24,18.7,0.0,16,29920,卖盘,002552,2025-10-17 22:55:06
10:39:15,18.7,0.0,50,93500,卖盘,002552,2025-10-17 22:55:06
10:39:18,18.7,0.0,1,1870,卖盘,002552,2025-10-17 22:55:06
10:39:30,18.7,0.0,1,1870,卖盘,002552,2025-10-17 22:55:06
10:40:03,18.7,0.0,2,3740,卖盘,002552,2025-10-17 22:55:06
10:40:09,18.7,0.0,43,80410,卖盘,002552,2025-10-17 22:55:06
10:40:12,18.7,0.0,15,28050,卖盘,002552,2025-10-17 22:55:06
10:40:27,18.7,0.0,120,224400,卖盘,002552,2025-10-17 22:55:06
10:40:30,18.7,0.0,24,44880,卖盘,002552,2025-10-17 22:55:06
10:40:45,18.7,0.0,8,14960,卖盘,002552,2025-10-17 22:55:06
10:40:57,18.7,0.0,1,1870,卖盘,002552,2025-10-17 22:55:06
10:41:12,18.7,0.0,12,22440,卖盘,002552,2025-10-17 22:55:06
10:41:15,18.7,0.0,1,1870,卖盘,002552,2025-10-17 22:55:06
10:42:09,18.7,0.0,20,37400,卖盘,002552,2025-10-17 22:55:06
10:42:21,18.7,0.0,6,11220,卖盘,002552,2025-10-17 22:55:06
10:43:09,18.7,0.0,1,1870,卖盘,002552,2025-10-17 22:55:06
10:43:12,18.7,0.0,30,56100,卖盘,002552,2025-10-17 22:55:06
10:43:21,18.7,0.0,1,1870,卖盘,002552,2025-10-17 22:55:06
10:43:33,18.7,0.0,1,1870,卖盘,002552,2025-10-17 22:55:06
10:43:39,18.7,0.0,10,18700,卖盘,002552,2025-10-17 22:55:06
10:44:03,18.7,0.0,3,5610,卖盘,002552,2025-10-17 22:55:06
10:44:36,18.7,0.0,46,86020,卖盘,002552,2025-10-17 22:55:06
10:44:48,18.7,0.0,1,1870,卖盘,002552,2025-10-17 22:55:06
10:44:51,18.7,0.0,1,1870,卖盘,002552,2025-10-17 22:55:06
10:45:06,18.7,0.0,1,1870,卖盘,002552,2025-10-17 22:55:06
10:45:09,18.7,0.0,1,1870,卖盘,002552,2025-10-17 22:55:06
10:45:18,18.7,0.0,34,63580,卖盘,002552,2025-10-17 22:55:06
10:45:27,18.7,0.0,13,24310,卖盘,002552,2025-10-17 22:55:06
10:45:33,18.7,0.0,14,26180,卖盘,002552,2025-10-17 22:55:06
10:45:51,18.7,0.0,14,26180,卖盘,002552,2025-10-17 22:55:06
10:46:27,18.7,0.0,6,11220,卖盘,002552,2025-10-17 22:55:06
10:46:36,18.7,0.0,4,7480,卖盘,002552,2025-10-17 22:55:06
10:46:48,18.7,0.0,4,7480,卖盘,002552,2025-10-17 22:55:06
10:46:51,18.7,0.0,1,1870,卖盘,002552,2025-10-17 22:55:06
10:47:03,18.7,0.0,1,1870,卖盘,002552,2025-10-17 22:55:06
10:47:09,18.7,0.0,24,44880,卖盘,002552,2025-10-17 22:55:06
10:47:27,18.7,0.0,8,14960,卖盘,002552,2025-10-17 22:55:06
10:47:45,18.7,0.0,2,3740,卖盘,002552,2025-10-17 22:55:06
10:48:48,18.7,0.0,40,74800,卖盘,002552,2025-10-17 22:55:06
10:48:57,18.7,0.0,1,1870,卖盘,002552,2025-10-17 22:55:06
10:49:12,18.7,0.0,1,1870,卖盘,002552,2025-10-17 22:55:06
10:49:33,18.7,0.0,5,9350,卖盘,002552,2025-10-17 22:55:06
10:49:45,18.7,0.0,1,1870,卖盘,002552,2025-10-17 22:55:06
10:50:09,18.7,0.0,10,18700,卖盘,002552,2025-10-17 22:55:06
10:50:12,18.7,0.0,3,5610,卖盘,002552,2025-10-17 22:55:06
10:50:21,18.7,0.0,1,1870,卖盘,002552,2025-10-17 22:55:06
10:50:30,18.7,0.0,10,18700,卖盘,002552,2025-10-17 22:55:06
10:50:33,18.7,0.0,1,1870,卖盘,002552,2025-10-17 22:55:06
10:50:39,18.7,0.0,1,1870,卖盘,002552,2025-10-17 22:55:06
10:50:48,18.7,0.0,4,7480,卖盘,002552,2025-10-17 22:55:06
10:50:54,18.7,0.0,1,1870,卖盘,002552,2025-10-17 22:55:06
10:51:15,18.7,0.0,4,7480,卖盘,002552,2025-10-17 22:55:06
10:51:27,18.7,0.0,5,9350,卖盘,002552,2025-10-17 22:55:06
10:51:39,18.7,0.0,8,14960,卖盘,002552,2025-10-17 22:55:06
10:52:03,18.7,0.0,1,1870,卖盘,002552,2025-10-17 22:55:06
10:52:09,18.7,0.0,2,3740,卖盘,002552,2025-10-17 22:55:06
10:52:15,18.7,0.0,5,9350,卖盘,002552,2025-10-17 22:55:06
10:52:24,18.7,0.0,1,1870,卖盘,002552,2025-10-17 22:55:06
10:52:48,18.7,0.0,1,1870,卖盘,002552,2025-10-17 22:55:06
10:53:21,18.7,0.0,5,9350,卖盘,002552,2025-10-17 22:55:06
10:53:45,18.7,0.0,1,1870,卖盘,002552,2025-10-17 22:55:06
10:53:54,18.7,0.0,1,1870,卖盘,002552,2025-10-17 22:55:06
10:54:00,18.7,0.0,2,3740,卖盘,002552,2025-10-17 22:55:06
10:54:27,18.7,0.0,5,9350,卖盘,002552,2025-10-17 22:55:06
10:54:39,18.7,0.0,1,1870,卖盘,002552,2025-10-17 22:55:06
10:54:45,18.7,0.0,1,1870,卖盘,002552,2025-10-17 22:55:06
10:56:39,18.7,0.0,1,1870,卖盘,002552,2025-10-17 22:55:06
10:56:48,18.7,0.0,10,18700,卖盘,002552,2025-10-17 22:55:06
10:57:21,18.7,0.0,1,1870,卖盘,002552,2025-10-17 22:55:06
10:57:24,18.7,0.0,10,18700,卖盘,002552,2025-10-17 22:55:06
10:58:36,18.7,0.0,1,1870,卖盘,002552,2025-10-17 22:55:06
10:58:45,18.7,0.0,12,22440,卖盘,002552,2025-10-17 22:55:06
10:58:48,18.7,0.0,8,14960,卖盘,002552,2025-10-17 22:55:06
10:59:57,18.7,0.0,3,5610,卖盘,002552,2025-10-17 22:55:06
11:00:18,18.7,0.0,1,1870,卖盘,002552,2025-10-17 22:55:06
11:00:21,18.7,0.0,2,3740,卖盘,002552,2025-10-17 22:55:06
11:00:27,18.7,0.0,2,3740,卖盘,002552,2025-10-17 22:55:06
11:00:33,18.7,0.0,1,1870,卖盘,002552,2025-10-17 22:55:06
11:01:00,18.7,0.0,8,14960,卖盘,002552,2025-10-17 22:55:06
11:02:15,18.7,0.0,10,18700,卖盘,002552,2025-10-17 22:55:06
11:02:27,18.7,0.0,1,1870,卖盘,002552,2025-10-17 22:55:06
11:03:09,18.7,0.0,7,13090,卖盘,002552,2025-10-17 22:55:06
11:03:21,18.7,0.0,5,9350,卖盘,002552,2025-10-17 22:55:06
11:04:00,18.7,0.0,10,18700,卖盘,002552,2025-10-17 22:55:06
11:04:24,18.7,0.0,1,1870,卖盘,002552,2025-10-17 22:55:06
11:04:30,18.7,0.0,71,132770,卖盘,002552,2025-10-17 22:55:06
11:04:48,18.7,0.0,82,153340,卖盘,002552,2025-10-17 22:55:06
11:05:27,18.7,0.0,51,95370,卖盘,002552,2025-10-17 22:55:06
11:05:39,18.7,0.0,86,160820,卖盘,002552,2025-10-17 22:55:06
11:05:57,18.7,0.0,1,1870,卖盘,002552,2025-10-17 22:55:06
11:06:06,18.7,0.0,1,1870,卖盘,002552,2025-10-17 22:55:06
11:06:12,18.7,0.0,10,18700,卖盘,002552,2025-10-17 22:55:06
11:06:15,18.7,0.0,13,24310,卖盘,002552,2025-10-17 22:55:06
11:06:21,18.7,0.0,1,1870,卖盘,002552,2025-10-17 22:55:06
11:06:36,18.7,0.0,5,9350,卖盘,002552,2025-10-17 22:55:06
11:06:57,18.7,0.0,10,18700,卖盘,002552,2025-10-17 22:55:06
11:07:03,18.7,0.0,4,7480,卖盘,002552,2025-10-17 22:55:06
11:07:24,18.7,0.0,6,11220,卖盘,002552,2025-10-17 22:55:06
11:08:15,18.7,0.0,1,1870,卖盘,002552,2025-10-17 22:55:06
11:08:48,18.7,0.0,30,56100,卖盘,002552,2025-10-17 22:55:06
11:09:12,18.7,0.0,3,5610,卖盘,002552,2025-10-17 22:55:06
11:10:03,18.7,0.0,11,20570,卖盘,002552,2025-10-17 22:55:06
11:10:09,18.7,0.0,1,1870,卖盘,002552,2025-10-17 22:55:06
11:10:36,18.7,0.0,2,3740,卖盘,002552,2025-10-17 22:55:06
11:10:45,18.7,0.0,1,1870,卖盘,002552,2025-10-17 22:55:06
11:11:03,18.7,0.0,1,1870,卖盘,002552,2025-10-17 22:55:06
11:11:18,18.7,0.0,27,50490,卖盘,002552,2025-10-17 22:55:06
11:11:30,18.7,0.0,5,9350,卖盘,002552,2025-10-17 22:55:06
11:11:33,18.7,0.0,10,18700,卖盘,002552,2025-10-17 22:55:06
11:12:06,18.7,0.0,1,1870,卖盘,002552,2025-10-17 22:55:06
11:12:45,18.7,0.0,7,13090,卖盘,002552,2025-10-17 22:55:06
11:13:03,18.7,0.0,5,9350,卖盘,002552,2025-10-17 22:55:06
11:14:06,18.7,0.0,1,1870,卖盘,002552,2025-10-17 22:55:06
11:14:18,18.7,0.0,1,1870,卖盘,002552,2025-10-17 22:55:06
11:14:51,18.7,0.0,54,100980,卖盘,002552,2025-10-17 22:55:06
11:14:57,18.7,0.0,30,56100,卖盘,002552,2025-10-17 22:55:06
11:15:00,18.7,0.0,3,5610,卖盘,002552,2025-10-17 22:55:06
11:15:06,18.7,0.0,2,3740,卖盘,002552,2025-10-17 22:55:06
11:15:21,18.7,0.0,3,5610,卖盘,002552,2025-10-17 22:55:06
11:15:33,18.7,0.0,5,9350,卖盘,002552,2025-10-17 22:55:06
11:15:36,18.7,0.0,4,7480,卖盘,002552,2025-10-17 22:55:06
11:15:54,18.7,0.0,10,18700,卖盘,002552,2025-10-17 22:55:06
11:15:57,18.7,0.0,1,1870,卖盘,002552,2025-10-17 22:55:06
11:16:00,18.7,0.0,10,18700,卖盘,002552,2025-10-17 22:55:06
11:16:36,18.7,0.0,1,1870,卖盘,002552,2025-10-17 22:55:06
11:17:33,18.7,0.0,2,3740,卖盘,002552,2025-10-17 22:55:06
11:17:45,18.7,0.0,1,1870,卖盘,002552,2025-10-17 22:55:06
11:17:54,18.7,0.0,1,1870,卖盘,002552,2025-10-17 22:55:06
11:19:03,18.7,0.0,5,9350,卖盘,002552,2025-10-17 22:55:06
11:19:06,18.7,0.0,7,13090,卖盘,002552,2025-10-17 22:55:06
11:19:27,18.7,0.0,3,5610,卖盘,002552,2025-10-17 22:55:06
11:19:48,18.7,0.0,3,5610,卖盘,002552,2025-10-17 22:55:06
11:20:00,18.7,0.0,13,24310,卖盘,002552,2025-10-17 22:55:06
11:20:06,18.7,0.0,1,1870,卖盘,002552,2025-10-17 22:55:06
11:20:12,18.7,0.0,20,37400,卖盘,002552,2025-10-17 22:55:06
11:20:15,18.7,0.0,20,37400,卖盘,002552,2025-10-17 22:55:06
11:20:36,18.7,0.0,10,18700,卖盘,002552,2025-10-17 22:55:06
11:21:06,18.7,0.0,12,22440,卖盘,002552,2025-10-17 22:55:06
11:21:45,18.7,0.0,1,1870,卖盘,002552,2025-10-17 22:55:06
11:22:54,18.7,0.0,3,5610,卖盘,002552,2025-10-17 22:55:06
11:22:57,18.7,0.0,20,37400,卖盘,002552,2025-10-17 22:55:06
11:23:03,18.7,0.0,3,5610,卖盘,002552,2025-10-17 22:55:06
11:23:42,18.7,0.0,1,1870,卖盘,002552,2025-10-17 22:55:06
11:23:45,18.7,0.0,1,1870,卖盘,002552,2025-10-17 22:55:06
11:23:48,18.7,0.0,3,5610,卖盘,002552,2025-10-17 22:55:06
11:24:36,18.7,0.0,5,9350,卖盘,002552,2025-10-17 22:55:06
11:24:39,18.7,0.0,1,1870,卖盘,002552,2025-10-17 22:55:06
11:24:57,18.7,0.0,190,355300,卖盘,002552,2025-10-17 22:55:06
11:25:03,18.7,0.0,5,9350,卖盘,002552,2025-10-17 22:55:06
11:25:06,18.7,0.0,29,54230,卖盘,002552,2025-10-17 22:55:06
11:25:21,18.7,0.0,4,7480,卖盘,002552,2025-10-17 22:55:06
11:25:30,18.7,0.0,20,37400,卖盘,002552,2025-10-17 22:55:06
11:25:36,18.7,0.0,4,7480,卖盘,002552,2025-10-17 22:55:06
11:25:39,18.7,0.0,1,1870,卖盘,002552,2025-10-17 22:55:06
11:25:57,18.7,0.0,3,5610,卖盘,002552,2025-10-17 22:55:06
11:26:03,18.7,0.0,2,3740,卖盘,002552,2025-10-17 22:55:06
11:26:21,18.7,0.0,86,160820,卖盘,002552,2025-10-17 22:55:06
11:27:09,18.7,0.0,7,13090,卖盘,002552,2025-10-17 22:55:06
11:27:27,18.7,0.0,2,3740,卖盘,002552,2025-10-17 22:55:06
11:27:33,18.7,0.0,1,1870,卖盘,002552,2025-10-17 22:55:06
11:27:57,18.7,0.0,78,145860,卖盘,002552,2025-10-17 22:55:06
11:28:15,18.7,0.0,25,46750,卖盘,002552,2025-10-17 22:55:06
11:28:48,18.7,0.0,2,3740,卖盘,002552,2025-10-17 22:55:06
11:29:21,18.7,0.0,1,1870,卖盘,002552,2025-10-17 22:55:06
11:29:27,18.7,0.0,1,1870,卖盘,002552,2025-10-17 22:55:06
11:30:00,18.7,0.0,1,1870,卖盘,002552,2025-10-17 22:55:06
13:00:00,18.7,0.0,371,693770,卖盘,002552,2025-10-17 22:55:06
13:00:03,18.7,0.0,251,469370,卖盘,002552,2025-10-17 22:55:06
13:00:06,18.7,0.0,24,44880,卖盘,002552,2025-10-17 22:55:06
13:00:18,18.7,0.0,12,22440,卖盘,002552,2025-10-17 22:55:06
13:00:39,18.7,0.0,1,1870,卖盘,002552,2025-10-17 22:55:06
13:00:42,18.7,0.0,3,5610,卖盘,002552,2025-10-17 22:55:06
13:00:45,18.7,0.0,9,16830,卖盘,002552,2025-10-17 22:55:06
13:00:51,18.7,0.0,1,1870,卖盘,002552,2025-10-17 22:55:06
13:01:00,18.7,0.0,5,9350,卖盘,002552,2025-10-17 22:55:06
13:01:06,18.7,0.0,30,56100,卖盘,002552,2025-10-17 22:55:06
13:01:21,18.7,0.0,2,3740,卖盘,002552,2025-10-17 22:55:06
13:01:33,18.7,0.0,28,52360,卖盘,002552,2025-10-17 22:55:06
13:01:42,18.7,0.0,107,200090,卖盘,002552,2025-10-17 22:55:06
13:01:45,18.7,0.0,3,5610,卖盘,002552,2025-10-17 22:55:06
13:01:51,18.7,0.0,5,9350,卖盘,002552,2025-10-17 22:55:06
13:01:54,18.7,0.0,15,28050,卖盘,002552,2025-10-17 22:55:06
13:02:21,18.7,0.0,12,22440,卖盘,002552,2025-10-17 22:55:06
13:02:24,18.7,0.0,1,1870,卖盘,002552,2025-10-17 22:55:06
13:02:27,18.7,0.0,7,13090,卖盘,002552,2025-10-17 22:55:06
13:02:33,18.7,0.0,123,230010,卖盘,002552,2025-10-17 22:55:06
13:02:39,18.7,0.0,2,3740,卖盘,002552,2025-10-17 22:55:06
13:02:42,18.7,0.0,240,448800,卖盘,002552,2025-10-17 22:55:06
13:02:51,18.7,0.0,5,9350,卖盘,002552,2025-10-17 22:55:06
13:03:00,18.7,0.0,10,18700,卖盘,002552,2025-10-17 22:55:06
13:03:24,18.7,0.0,40,74800,卖盘,002552,2025-10-17 22:55:06
13:03:30,18.7,0.0,3,5610,卖盘,002552,2025-10-17 22:55:06
13:03:33,18.7,0.0,5,9350,卖盘,002552,2025-10-17 22:55:06
13:03:48,18.7,0.0,2,3740,卖盘,002552,2025-10-17 22:55:06
13:03:51,18.7,0.0,1,1870,卖盘,002552,2025-10-17 22:55:06
13:04:21,18.7,0.0,43,80410,卖盘,002552,2025-10-17 22:55:06
13:04:24,18.7,0.0,50,93500,卖盘,002552,2025-10-17 22:55:06
13:04:36,18.7,0.0,2,3740,卖盘,002552,2025-10-17 22:55:06
13:04:42,18.7,0.0,24,44880,卖盘,002552,2025-10-17 22:55:06
13:05:03,18.7,0.0,2,3740,卖盘,002552,2025-10-17 22:55:06
13:05:06,18.7,0.0,17,31790,卖盘,002552,2025-10-17 22:55:06
13:05:09,18.7,0.0,3,5610,卖盘,002552,2025-10-17 22:55:06
13:05:12,18.7,0.0,10,18700,卖盘,002552,2025-10-17 22:55:06
13:05:18,18.7,0.0,20,37400,卖盘,002552,2025-10-17 22:55:06
13:05:36,18.7,0.0,13,24310,卖盘,002552,2025-10-17 22:55:06
13:05:42,18.7,0.0,4,7480,卖盘,002552,2025-10-17 22:55:06
13:05:54,18.7,0.0,20,37400,卖盘,002552,2025-10-17 22:55:06
13:06:03,18.7,0.0,1,1870,卖盘,002552,2025-10-17 22:55:06
13:06:30,18.7,0.0,2,3740,卖盘,002552,2025-10-17 22:55:06
13:06:39,18.7,0.0,14,26180,卖盘,002552,2025-10-17 22:55:06
13:06:45,18.7,0.0,27,50490,卖盘,002552,2025-10-17 22:55:06
13:06:48,18.7,0.0,15,28050,卖盘,002552,2025-10-17 22:55:06
13:06:54,18.7,0.0,10,18700,卖盘,002552,2025-10-17 22:55:06
13:07:12,18.7,0.0,20,37400,卖盘,002552,2025-10-17 22:55:06
13:07:15,18.7,0.0,1,1870,卖盘,002552,2025-10-17 22:55:06
13:07:24,18.7,0.0,9,16830,卖盘,002552,2025-10-17 22:55:06
13:07:39,18.7,0.0,5,9350,卖盘,002552,2025-10-17 22:55:06
13:08:06,18.7,0.0,5,9350,卖盘,002552,2025-10-17 22:55:06
13:08:33,18.7,0.0,1,1870,卖盘,002552,2025-10-17 22:55:06
13:09:09,18.7,0.0,3,5610,卖盘,002552,2025-10-17 22:55:06
13:09:12,18.7,0.0,1,1870,卖盘,002552,2025-10-17 22:55:06
13:09:21,18.7,0.0,39,72930,卖盘,002552,2025-10-17 22:55:06
13:09:27,18.7,0.0,2,3740,卖盘,002552,2025-10-17 22:55:06
13:09:54,18.7,0.0,2,3740,卖盘,002552,2025-10-17 22:55:06
13:10:00,18.7,0.0,5,9350,卖盘,002552,2025-10-17 22:55:06
13:10:03,18.7,0.0,1,1870,卖盘,002552,2025-10-17 22:55:06
13:10:12,18.7,0.0,25,46750,卖盘,002552,2025-10-17 22:55:06
13:10:24,18.7,0.0,5,9350,卖盘,002552,2025-10-17 22:55:06
13:10:27,18.7,0.0,3,5610,卖盘,002552,2025-10-17 22:55:06
13:10:36,18.7,0.0,126,235620,卖盘,002552,2025-10-17 22:55:06
13:10:39,18.7,0.0,20,37400,卖盘,002552,2025-10-17 22:55:06
13:10:42,18.7,0.0,6,11220,卖盘,002552,2025-10-17 22:55:06
13:10:45,18.7,0.0,39,72930,卖盘,002552,2025-10-17 22:55:06
13:11:00,18.7,0.0,6,11220,卖盘,002552,2025-10-17 22:55:06
13:11:12,18.7,0.0,1,1870,卖盘,002552,2025-10-17 22:55:06
13:11:27,18.7,0.0,1,1870,卖盘,002552,2025-10-17 22:55:06
13:11:33,18.7,0.0,142,265540,卖盘,002552,2025-10-17 22:55:06
13:11:36,18.7,0.0,18,33660,卖盘,002552,2025-10-17 22:55:06
13:11:39,18.7,0.0,25,46750,卖盘,002552,2025-10-17 22:55:06
13:11:45,18.7,0.0,11,20570,卖盘,002552,2025-10-17 22:55:06
13:12:24,18.7,0.0,4,7480,卖盘,002552,2025-10-17 22:55:06
13:12:27,18.7,0.0,1,1870,卖盘,002552,2025-10-17 22:55:06
13:12:36,18.7,0.0,25,46750,卖盘,002552,2025-10-17 22:55:06
13:12:42,18.7,0.0,6,11220,卖盘,002552,2025-10-17 22:55:06
13:12:51,18.7,0.0,1,1870,卖盘,002552,2025-10-17 22:55:06
13:13:09,18.7,0.0,18,33660,卖盘,002552,2025-10-17 22:55:06
13:13:15,18.7,0.0,6,11220,卖盘,002552,2025-10-17 22:55:06
13:13:27,18.7,0.0,11,20570,卖盘,002552,2025-10-17 22:55:06
13:13:39,18.7,0.0,10,18700,卖盘,002552,2025-10-17 22:55:06
13:14:00,18.7,0.0,30,56100,卖盘,002552,2025-10-17 22:55:06
13:14:21,18.7,0.0,100,187000,卖盘,002552,2025-10-17 22:55:06
13:14:24,18.7,0.0,1,1870,卖盘,002552,2025-10-17 22:55:06
13:14:33,18.7,0.0,3,5610,卖盘,002552,2025-10-17 22:55:06
13:14:36,18.7,0.0,1,1870,卖盘,002552,2025-10-17 22:55:06
13:14:51,18.7,0.0,9,16830,卖盘,002552,2025-10-17 22:55:06
13:15:00,18.7,0.0,7,13090,卖盘,002552,2025-10-17 22:55:06
13:15:18,18.7,0.0,4,7480,卖盘,002552,2025-10-17 22:55:06
13:15:24,18.7,0.0,5,9350,卖盘,002552,2025-10-17 22:55:06
13:15:27,18.7,0.0,1,1870,卖盘,002552,2025-10-17 22:55:06
13:15:36,18.7,0.0,218,407660,卖盘,002552,2025-10-17 22:55:06
13:15:42,18.7,0.0,48,89760,卖盘,002552,2025-10-17 22:55:06
13:15:45,18.7,0.0,22,41140,卖盘,002552,2025-10-17 22:55:06
13:16:09,18.7,0.0,1,1870,卖盘,002552,2025-10-17 22:55:06
13:16:12,18.7,0.0,4,7480,卖盘,002552,2025-10-17 22:55:06
13:16:15,18.7,0.0,1,1870,卖盘,002552,2025-10-17 22:55:06
13:16:33,18.7,0.0,205,383350,卖盘,002552,2025-10-17 22:55:06
13:16:45,18.7,0.0,1,1870,卖盘,002552,2025-10-17 22:55:06
13:16:48,18.7,0.0,3,5610,卖盘,002552,2025-10-17 22:55:06
13:16:51,18.7,0.0,1,1870,卖盘,002552,2025-10-17 22:55:06
13:17:03,18.7,0.0,100,187000,卖盘,002552,2025-10-17 22:55:06
13:17:06,18.7,0.0,5,9350,卖盘,002552,2025-10-17 22:55:06
13:17:21,18.7,0.0,10,18700,卖盘,002552,2025-10-17 22:55:06
13:17:33,18.7,0.0,1,1870,卖盘,002552,2025-10-17 22:55:06
13:17:48,18.7,0.0,0,37,卖盘,002552,2025-10-17 22:55:06
13:17:57,18.7,0.0,21,39270,卖盘,002552,2025-10-17 22:55:06
13:18:00,18.7,0.0,4,7480,卖盘,002552,2025-10-17 22:55:06
13:18:42,18.7,0.0,1,1870,卖盘,002552,2025-10-17 22:55:06
13:19:06,18.7,0.0,10,18700,卖盘,002552,2025-10-17 22:55:06
13:19:33,18.7,0.0,3,5610,卖盘,002552,2025-10-17 22:55:06
13:19:42,18.7,0.0,1,1870,卖盘,002552,2025-10-17 22:55:06
13:19:54,18.7,0.0,6,11220,卖盘,002552,2025-10-17 22:55:06
13:20:00,18.7,0.0,1,1870,卖盘,002552,2025-10-17 22:55:06
13:20:03,18.7,0.0,10,18700,卖盘,002552,2025-10-17 22:55:06
13:20:18,18.7,0.0,4,7480,卖盘,002552,2025-10-17 22:55:06
13:20:21,18.7,0.0,2,3740,卖盘,002552,2025-10-17 22:55:06
13:20:45,18.7,0.0,21,39270,卖盘,002552,2025-10-17 22:55:06
13:21:21,18.7,0.0,1,1870,卖盘,002552,2025-10-17 22:55:06
13:21:27,18.7,0.0,10,18700,卖盘,002552,2025-10-17 22:55:06
13:21:36,18.7,0.0,10,18700,卖盘,002552,2025-10-17 22:55:06
13:21:48,18.7,0.0,6,11220,卖盘,002552,2025-10-17 22:55:06
13:22:12,18.7,0.0,3,5610,卖盘,002552,2025-10-17 22:55:06
13:22:33,18.7,0.0,5,9350,卖盘,002552,2025-10-17 22:55:06
13:23:03,18.7,0.0,1,1870,卖盘,002552,2025-10-17 22:55:06
13:23:12,18.7,0.0,81,151470,卖盘,002552,2025-10-17 22:55:06
13:23:54,18.7,0.0,21,39270,卖盘,002552,2025-10-17 22:55:06
13:24:06,18.7,0.0,2,3740,卖盘,002552,2025-10-17 22:55:06
13:24:18,18.7,0.0,51,95370,卖盘,002552,2025-10-17 22:55:06
13:24:27,18.7,0.0,128,239360,卖盘,002552,2025-10-17 22:55:06
13:24:45,18.7,0.0,20,37400,卖盘,002552,2025-10-17 22:55:06
13:24:48,18.7,0.0,1,1870,卖盘,002552,2025-10-17 22:55:06
13:25:06,18.7,0.0,4,7480,卖盘,002552,2025-10-17 22:55:06
13:25:15,18.7,0.0,2,3740,卖盘,002552,2025-10-17 22:55:06
13:25:33,18.7,0.0,20,37400,卖盘,002552,2025-10-17 22:55:06
13:25:39,18.7,0.0,15,28050,卖盘,002552,2025-10-17 22:55:06
13:25:48,18.7,0.0,2,3740,卖盘,002552,2025-10-17 22:55:06
13:26:27,18.7,0.0,1,1870,卖盘,002552,2025-10-17 22:55:06
13:26:30,18.7,0.0,6,11220,卖盘,002552,2025-10-17 22:55:06
13:26:45,18.7,0.0,25,46750,卖盘,002552,2025-10-17 22:55:06
13:26:51,18.7,0.0,2,3740,卖盘,002552,2025-10-17 22:55:06
13:27:15,18.7,0.0,1,1870,卖盘,002552,2025-10-17 22:55:06
13:28:00,18.7,0.0,2,3740,卖盘,002552,2025-10-17 22:55:06
13:28:09,18.7,0.0,1,1870,卖盘,002552,2025-10-17 22:55:06
13:28:24,18.7,0.0,5,9350,卖盘,002552,2025-10-17 22:55:06
13:28:42,18.7,0.0,3,5610,卖盘,002552,2025-10-17 22:55:06
13:28:54,18.7,0.0,79,147730,卖盘,002552,2025-10-17 22:55:06
13:28:57,18.7,0.0,3,5610,卖盘,002552,2025-10-17 22:55:06
13:29:09,18.7,0.0,25,46750,卖盘,002552,2025-10-17 22:55:06
13:29:39,18.7,0.0,195,364650,卖盘,002552,2025-10-17 22:55:06
13:29:45,18.7,0.0,16,29920,卖盘,002552,2025-10-17 22:55:06
13:29:51,18.7,0.0,3,5610,卖盘,002552,2025-10-17 22:55:06
13:30:15,18.7,0.0,19,35530,卖盘,002552,2025-10-17 22:55:06
13:30:45,18.7,0.0,19,35530,卖盘,002552,2025-10-17 22:55:06
13:30:48,18.7,0.0,2,3740,卖盘,002552,2025-10-17 22:55:06
13:31:09,18.7,0.0,10,18700,卖盘,002552,2025-10-17 22:55:06
13:31:36,18.7,0.0,1,1870,卖盘,002552,2025-10-17 22:55:06
13:31:42,18.7,0.0,5,9350,卖盘,002552,2025-10-17 22:55:06
13:31:51,18.7,0.0,5,9350,卖盘,002552,2025-10-17 22:55:06
13:32:18,18.7,0.0,8,14960,卖盘,002552,2025-10-17 22:55:06
13:32:36,18.7,0.0,29,54230,卖盘,002552,2025-10-17 22:55:06
13:32:54,18.7,0.0,1,1870,卖盘,002552,2025-10-17 22:55:06
13:33:15,18.7,0.0,1,1870,卖盘,002552,2025-10-17 22:55:06
13:33:45,18.7,0.0,5,9350,卖盘,002552,2025-10-17 22:55:06
13:33:48,18.7,0.0,1,1870,卖盘,002552,2025-10-17 22:55:06
13:33:51,18.7,0.0,10,18700,卖盘,002552,2025-10-17 22:55:06
13:34:09,18.7,0.0,2,3740,卖盘,002552,2025-10-17 22:55:06
13:34:24,18.7,0.0,1,1870,卖盘,002552,2025-10-17 22:55:06
13:34:57,18.7,0.0,1,1870,卖盘,002552,2025-10-17 22:55:06
13:35:21,18.7,0.0,3,5610,卖盘,002552,2025-10-17 22:55:06
13:35:39,18.7,0.0,21,39270,卖盘,002552,2025-10-17 22:55:06
13:35:42,18.7,0.0,37,69190,卖盘,002552,2025-10-17 22:55:06
13:35:45,18.7,0.0,20,37400,卖盘,002552,2025-10-17 22:55:06
13:36:00,18.7,0.0,21,39270,卖盘,002552,2025-10-17 22:55:06
13:36:24,18.7,0.0,14,26180,卖盘,002552,2025-10-17 22:55:06
13:36:30,18.7,0.0,12,22440,卖盘,002552,2025-10-17 22:55:06
13:36:39,18.7,0.0,1,1870,卖盘,002552,2025-10-17 22:55:06
13:36:45,18.7,0.0,3,5610,卖盘,002552,2025-10-17 22:55:06
13:37:00,18.7,0.0,9,16830,卖盘,002552,2025-10-17 22:55:06
13:38:06,18.7,0.0,1,1870,卖盘,002552,2025-10-17 22:55:06
13:38:21,18.7,0.0,1,1870,卖盘,002552,2025-10-17 22:55:06
13:38:24,18.7,0.0,6,11220,卖盘,002552,2025-10-17 22:55:06
13:38:30,18.7,0.0,5,9350,卖盘,002552,2025-10-17 22:55:06
13:39:39,18.7,0.0,20,37400,卖盘,002552,2025-10-17 22:55:06
13:40:00,18.7,0.0,2,3740,卖盘,002552,2025-10-17 22:55:06
13:40:06,18.7,0.0,1,1870,卖盘,002552,2025-10-17 22:55:06
13:40:27,18.7,0.0,34,63580,卖盘,002552,2025-10-17 22:55:06
13:40:30,18.7,0.0,1,1870,卖盘,002552,2025-10-17 22:55:06
13:41:03,18.7,0.0,20,37400,卖盘,002552,2025-10-17 22:55:06
13:41:06,18.7,0.0,5,9350,卖盘,002552,2025-10-17 22:55:06
13:41:12,18.7,0.0,10,18700,卖盘,002552,2025-10-17 22:55:06
13:41:30,18.7,0.0,3,5610,卖盘,002552,2025-10-17 22:55:06
13:41:48,18.7,0.0,1,1870,卖盘,002552,2025-10-17 22:55:06
13:41:51,18.7,0.0,5,9350,卖盘,002552,2025-10-17 22:55:06
13:43:27,18.7,0.0,1,1870,卖盘,002552,2025-10-17 22:55:06
13:43:48,18.7,0.0,12,22440,卖盘,002552,2025-10-17 22:55:06
13:44:15,18.7,0.0,2,3740,卖盘,002552,2025-10-17 22:55:06
13:44:42,18.7,0.0,5,9350,卖盘,002552,2025-10-17 22:55:06
13:44:48,18.7,0.0,7,13090,卖盘,002552,2025-10-17 22:55:06
13:45:00,18.7,0.0,1,1870,卖盘,002552,2025-10-17 22:55:06
13:45:06,18.7,0.0,10,18700,卖盘,002552,2025-10-17 22:55:06
13:45:09,18.7,0.0,1,1870,卖盘,002552,2025-10-17 22:55:06
13:45:48,18.7,0.0,2,3740,卖盘,002552,2025-10-17 22:55:06
13:46:06,18.7,0.0,3,5610,卖盘,002552,2025-10-17 22:55:06
13:46:21,18.7,0.0,1,1870,卖盘,002552,2025-10-17 22:55:06
13:46:51,18.7,0.0,1,1870,卖盘,002552,2025-10-17 22:55:06
13:47:21,18.7,0.0,1,1870,卖盘,002552,2025-10-17 22:55:06
13:47:39,18.7,0.0,10,18700,卖盘,002552,2025-10-17 22:55:06
13:48:12,18.7,0.0,7,13090,卖盘,002552,2025-10-17 22:55:06
13:48:15,18.7,0.0,1,1870,卖盘,002552,2025-10-17 22:55:06
13:48:27,18.7,0.0,5,9350,卖盘,002552,2025-10-17 22:55:06
13:48:33,18.7,0.0,1,1870,卖盘,002552,2025-10-17 22:55:06
13:49:15,18.7,0.0,2,3740,卖盘,002552,2025-10-17 22:55:06
13:49:21,18.7,0.0,3,5610,卖盘,002552,2025-10-17 22:55:06
13:50:00,18.7,0.0,5,9350,卖盘,002552,2025-10-17 22:55:06
13:50:18,18.7,0.0,1,1870,卖盘,002552,2025-10-17 22:55:06
13:50:21,18.7,0.0,2,3740,卖盘,002552,2025-10-17 22:55:06
13:50:51,18.7,0.0,6,11220,卖盘,002552,2025-10-17 22:55:06
13:50:57,18.7,0.0,30,56100,卖盘,002552,2025-10-17 22:55:06
13:51:03,18.7,0.0,2,3740,卖盘,002552,2025-10-17 22:55:06
13:51:30,18.7,0.0,3,5610,卖盘,002552,2025-10-17 22:55:06
13:51:57,18.7,0.0,1,1870,卖盘,002552,2025-10-17 22:55:06
13:52:30,18.7,0.0,1,1870,卖盘,002552,2025-10-17 22:55:06
13:53:09,18.7,0.0,4,7480,卖盘,002552,2025-10-17 22:55:06
13:53:24,18.7,0.0,9,16830,卖盘,002552,2025-10-17 22:55:06
13:53:39,18.7,0.0,1,1870,卖盘,002552,2025-10-17 22:55:06
13:54:03,18.7,0.0,39,72930,卖盘,002552,2025-10-17 22:55:06
13:54:12,18.7,0.0,3,5610,卖盘,002552,2025-10-17 22:55:06
13:54:33,18.7,0.0,16,29920,卖盘,002552,2025-10-17 22:55:06
13:54:45,18.7,0.0,2,3740,卖盘,002552,2025-10-17 22:55:06
13:55:09,18.7,0.0,30,56100,卖盘,002552,2025-10-17 22:55:06
13:55:21,18.7,0.0,30,56100,卖盘,002552,2025-10-17 22:55:06
13:55:36,18.7,0.0,27,50490,卖盘,002552,2025-10-17 22:55:06
13:56:06,18.7,0.0,2,3740,卖盘,002552,2025-10-17 22:55:06
13:56:24,18.7,0.0,30,56100,卖盘,002552,2025-10-17 22:55:06
13:56:51,18.7,0.0,2,3740,卖盘,002552,2025-10-17 22:55:06
13:57:06,18.7,0.0,1,1870,卖盘,002552,2025-10-17 22:55:06
13:57:48,18.7,0.0,1,1870,卖盘,002552,2025-10-17 22:55:06
13:57:57,18.7,0.0,30,56100,卖盘,002552,2025-10-17 22:55:06
13:58:06,18.7,0.0,3,5610,卖盘,002552,2025-10-17 22:55:06
13:58:18,18.7,0.0,5,9350,卖盘,002552,2025-10-17 22:55:06
13:58:36,18.7,0.0,3,5610,卖盘,002552,2025-10-17 22:55:06
13:58:45,18.7,0.0,1,1870,卖盘,002552,2025-10-17 22:55:06
13:58:57,18.7,0.0,36,67320,卖盘,002552,2025-10-17 22:55:06
13:59:57,18.7,0.0,34,63580,卖盘,002552,2025-10-17 22:55:06
14:00:27,18.7,0.0,1,1870,卖盘,002552,2025-10-17 22:55:06
14:00:33,18.7,0.0,11,20570,卖盘,002552,2025-10-17 22:55:06
14:00:42,18.7,0.0,4,7480,卖盘,002552,2025-10-17 22:55:06
14:00:45,18.7,0.0,6,11220,卖盘,002552,2025-10-17 22:55:06
14:00:54,18.7,0.0,2,3740,卖盘,002552,2025-10-17 22:55:06
14:01:06,18.7,0.0,1,1870,卖盘,002552,2025-10-17 22:55:06
14:01:15,18.7,0.0,1,1870,卖盘,002552,2025-10-17 22:55:06
14:01:18,18.7,0.0,10,18700,卖盘,002552,2025-10-17 22:55:06
14:01:30,18.7,0.0,1,1870,卖盘,002552,2025-10-17 22:55:06
14:02:09,18.7,0.0,1,1870,卖盘,002552,2025-10-17 22:55:06
14:02:15,18.7,0.0,3,5610,卖盘,002552,2025-10-17 22:55:06
14:02:33,18.7,0.0,5,9350,卖盘,002552,2025-10-17 22:55:06
14:02:51,18.7,0.0,5,9350,卖盘,002552,2025-10-17 22:55:06
14:03:30,18.7,0.0,7,13090,卖盘,002552,2025-10-17 22:55:06
14:03:51,18.7,0.0,1,1870,卖盘,002552,2025-10-17 22:55:06
14:04:09,18.7,0.0,1,1870,卖盘,002552,2025-10-17 22:55:06
14:04:12,18.7,0.0,1,1870,卖盘,002552,2025-10-17 22:55:06
14:04:45,18.7,0.0,2,3740,卖盘,002552,2025-10-17 22:55:06
14:05:09,18.7,0.0,1,1870,卖盘,002552,2025-10-17 22:55:06
14:05:27,18.7,0.0,3,5610,卖盘,002552,2025-10-17 22:55:06
14:05:33,18.7,0.0,1,1870,卖盘,002552,2025-10-17 22:55:06
14:06:21,18.7,0.0,1,1870,卖盘,002552,2025-10-17 22:55:06
14:06:27,18.7,0.0,1,1870,卖盘,002552,2025-10-17 22:55:06
14:06:39,18.7,0.0,4,7480,卖盘,002552,2025-10-17 22:55:06
14:06:42,18.7,0.0,1,1870,卖盘,002552,2025-10-17 22:55:06
14:07:15,18.7,0.0,1,1870,卖盘,002552,2025-10-17 22:55:06
14:07:27,18.7,0.0,2,3740,卖盘,002552,2025-10-17 22:55:06
14:07:33,18.7,0.0,2,3740,卖盘,002552,2025-10-17 22:55:06
14:07:51,18.7,0.0,1,1870,卖盘,002552,2025-10-17 22:55:06
14:08:00,18.7,0.0,5,9350,卖盘,002552,2025-10-17 22:55:06
14:08:03,18.7,0.0,3,5610,卖盘,002552,2025-10-17 22:55:06
14:08:48,18.7,0.0,1,1870,卖盘,002552,2025-10-17 22:55:06
14:08:57,18.7,0.0,4,7480,卖盘,002552,2025-10-17 22:55:06
14:09:00,18.7,0.0,18,33660,卖盘,002552,2025-10-17 22:55:06
14:09:12,18.7,0.0,5,9350,卖盘,002552,2025-10-17 22:55:06
14:09:27,18.7,0.0,1,1870,卖盘,002552,2025-10-17 22:55:06
14:09:33,18.7,0.0,40,74800,卖盘,002552,2025-10-17 22:55:06
14:10:36,18.7,0.0,1,1870,卖盘,002552,2025-10-17 22:55:06
14:11:03,18.7,0.0,2,3740,卖盘,002552,2025-10-17 22:55:06
14:11:09,18.7,0.0,10,18700,卖盘,002552,2025-10-17 22:55:06
14:11:27,18.7,0.0,1,1870,卖盘,002552,2025-10-17 22:55:06
14:11:48,18.7,0.0,63,117810,卖盘,002552,2025-10-17 22:55:06
14:11:51,18.7,0.0,1,1870,卖盘,002552,2025-10-17 22:55:06
14:11:54,18.7,0.0,1,1870,卖盘,002552,2025-10-17 22:55:06
14:12:18,18.7,0.0,1,1870,卖盘,002552,2025-10-17 22:55:06
14:12:51,18.7,0.0,1,1870,卖盘,002552,2025-10-17 22:55:06
14:13:18,18.7,0.0,68,127160,卖盘,002552,2025-10-17 22:55:06
14:13:51,18.7,0.0,11,20570,卖盘,002552,2025-10-17 22:55:06
14:14:00,18.7,0.0,1,1870,卖盘,002552,2025-10-17 22:55:06
14:14:15,18.7,0.0,2,3740,卖盘,002552,2025-10-17 22:55:06
14:14:21,18.7,0.0,5,9350,卖盘,002552,2025-10-17 22:55:06
14:14:33,18.7,0.0,1,1870,卖盘,002552,2025-10-17 22:55:06
14:14:39,18.7,0.0,1,1870,卖盘,002552,2025-10-17 22:55:06
14:15:42,18.7,0.0,4,7480,卖盘,002552,2025-10-17 22:55:06
14:15:45,18.7,0.0,2,3740,卖盘,002552,2025-10-17 22:55:06
14:16:06,18.7,0.0,5,9350,卖盘,002552,2025-10-17 22:55:06
14:16:21,18.7,0.0,5,9350,卖盘,002552,2025-10-17 22:55:06
14:16:45,18.7,0.0,6,11220,卖盘,002552,2025-10-17 22:55:06
14:17:03,18.7,0.0,30,56100,卖盘,002552,2025-10-17 22:55:06
14:17:24,18.7,0.0,2,3740,卖盘,002552,2025-10-17 22:55:06
14:17:39,18.7,0.0,2,3740,卖盘,002552,2025-10-17 22:55:06
14:18:18,18.7,0.0,1,1870,卖盘,002552,2025-10-17 22:55:06
14:18:24,18.7,0.0,1,1870,卖盘,002552,2025-10-17 22:55:06
14:18:36,18.7,0.0,1,1870,卖盘,002552,2025-10-17 22:55:06
14:18:54,18.7,0.0,20,37400,卖盘,002552,2025-10-17 22:55:06
14:19:03,18.7,0.0,4,7480,卖盘,002552,2025-10-17 22:55:06
14:19:09,18.7,0.0,1,1870,卖盘,002552,2025-10-17 22:55:06
14:19:42,18.7,0.0,4,7480,卖盘,002552,2025-10-17 22:55:06
14:19:45,18.7,0.0,5,9350,卖盘,002552,2025-10-17 22:55:06
14:20:24,18.7,0.0,13,24310,卖盘,002552,2025-10-17 22:55:06
14:20:39,18.7,0.0,15,28050,卖盘,002552,2025-10-17 22:55:06
14:20:45,18.7,0.0,2,3740,卖盘,002552,2025-10-17 22:55:06
14:20:51,18.7,0.0,1,1870,卖盘,002552,2025-10-17 22:55:06
14:21:48,18.7,0.0,82,153340,卖盘,002552,2025-10-17 22:55:06
14:22:03,18.7,0.0,4,7480,卖盘,002552,2025-10-17 22:55:06
14:22:06,18.7,0.0,20,37400,卖盘,002552,2025-10-17 22:55:06
14:22:30,18.7,0.0,1,1870,卖盘,002552,2025-10-17 22:55:06
14:22:33,18.7,0.0,3,5610,卖盘,002552,2025-10-17 22:55:06
14:22:45,18.7,0.0,3,5610,卖盘,002552,2025-10-17 22:55:06
14:23:21,18.7,0.0,3,5610,卖盘,002552,2025-10-17 22:55:06
14:23:24,18.7,0.0,5,9350,卖盘,002552,2025-10-17 22:55:06
14:23:36,18.7,0.0,10,18700,卖盘,002552,2025-10-17 22:55:06
14:23:42,18.7,0.0,2,3740,卖盘,002552,2025-10-17 22:55:06
14:23:45,18.7,0.0,9,16830,卖盘,002552,2025-10-17 22:55:06
14:24:12,18.7,0.0,1,1870,卖盘,002552,2025-10-17 22:55:06
14:24:24,18.7,0.0,2,3740,卖盘,002552,2025-10-17 22:55:06
14:24:33,18.7,0.0,60,112200,卖盘,002552,2025-10-17 22:55:06
14:24:36,18.7,0.0,2,3740,卖盘,002552,2025-10-17 22:55:06
14:24:39,18.7,0.0,5,9350,卖盘,002552,2025-10-17 22:55:06
14:25:12,18.7,0.0,20,37400,卖盘,002552,2025-10-17 22:55:06
14:25:15,18.7,0.0,12,22440,卖盘,002552,2025-10-17 22:55:06
14:25:24,18.7,0.0,8,14960,卖盘,002552,2025-10-17 22:55:06
14:25:42,18.7,0.0,7,13090,卖盘,002552,2025-10-17 22:55:06
14:25:45,18.7,0.0,42,78540,卖盘,002552,2025-10-17 22:55:06
14:25:51,18.7,0.0,3,5610,卖盘,002552,2025-10-17 22:55:06
14:25:57,18.7,0.0,1,1870,卖盘,002552,2025-10-17 22:55:06
14:26:09,18.7,0.0,21,39270,卖盘,002552,2025-10-17 22:55:06
14:26:24,18.7,0.0,10,18700,卖盘,002552,2025-10-17 22:55:06
14:26:39,18.7,0.0,10,18700,卖盘,002552,2025-10-17 22:55:06
14:27:03,18.7,0.0,15,28050,卖盘,002552,2025-10-17 22:55:06
14:27:39,18.7,0.0,1,1870,卖盘,002552,2025-10-17 22:55:06
14:27:57,18.7,0.0,25,46750,卖盘,002552,2025-10-17 22:55:06
14:28:24,18.7,0.0,18,33660,卖盘,002552,2025-10-17 22:55:06
14:28:27,18.7,0.0,20,37400,卖盘,002552,2025-10-17 22:55:06
14:28:39,18.7,0.0,2,3740,卖盘,002552,2025-10-17 22:55:06
14:28:45,18.7,0.0,5,9350,卖盘,002552,2025-10-17 22:55:06
14:28:51,18.7,0.0,18,33660,卖盘,002552,2025-10-17 22:55:06
14:29:06,18.7,0.0,2,3740,卖盘,002552,2025-10-17 22:55:06
14:29:27,18.7,0.0,5,9350,卖盘,002552,2025-10-17 22:55:06
14:30:03,18.7,0.0,35,65450,卖盘,002552,2025-10-17 22:55:06
14:30:09,18.7,0.0,40,74800,卖盘,002552,2025-10-17 22:55:06
14:30:15,18.7,0.0,3,5610,卖盘,002552,2025-10-17 22:55:06
14:30:24,18.7,0.0,8,14960,卖盘,002552,2025-10-17 22:55:06
14:30:27,18.7,0.0,39,72930,卖盘,002552,2025-10-17 22:55:06
14:30:30,18.7,0.0,6,11220,卖盘,002552,2025-10-17 22:55:06
14:30:42,18.7,0.0,2,3740,卖盘,002552,2025-10-17 22:55:06
14:31:00,18.7,0.0,91,170170,卖盘,002552,2025-10-17 22:55:06
14:31:03,18.7,0.0,2,3740,卖盘,002552,2025-10-17 22:55:06
14:31:15,18.7,0.0,6,11220,卖盘,002552,2025-10-17 22:55:06
14:31:39,18.7,0.0,5,9350,卖盘,002552,2025-10-17 22:55:06
14:31:48,18.7,0.0,100,187000,卖盘,002552,2025-10-17 22:55:06
14:32:00,18.7,0.0,10,18700,卖盘,002552,2025-10-17 22:55:06
14:32:06,18.7,0.0,1,1870,卖盘,002552,2025-10-17 22:55:06
14:32:30,18.7,0.0,6,11220,卖盘,002552,2025-10-17 22:55:06
14:32:42,18.7,0.0,10,18700,卖盘,002552,2025-10-17 22:55:06
14:33:09,18.7,0.0,10,18700,卖盘,002552,2025-10-17 22:55:06
14:33:30,18.7,0.0,25,46750,卖盘,002552,2025-10-17 22:55:06
14:34:33,18.7,0.0,25,46750,卖盘,002552,2025-10-17 22:55:06
14:35:03,18.7,0.0,5,9350,卖盘,002552,2025-10-17 22:55:06
14:35:12,18.7,0.0,2,3740,卖盘,002552,2025-10-17 22:55:06
14:35:33,18.7,0.0,10,18700,卖盘,002552,2025-10-17 22:55:06
14:35:42,18.7,0.0,9,16830,卖盘,002552,2025-10-17 22:55:06
14:35:48,18.7,0.0,4,7480,卖盘,002552,2025-10-17 22:55:06
14:36:12,18.7,0.0,30,56100,卖盘,002552,2025-10-17 22:55:06
14:36:18,18.7,0.0,2,3740,卖盘,002552,2025-10-17 22:55:06
14:36:27,18.7,0.0,1,1870,卖盘,002552,2025-10-17 22:55:06
14:36:33,18.7,0.0,5,9350,卖盘,002552,2025-10-17 22:55:06
14:36:51,18.7,0.0,2,3740,卖盘,002552,2025-10-17 22:55:06
14:37:06,18.7,0.0,5,9350,卖盘,002552,2025-10-17 22:55:06
14:37:15,18.7,0.0,1,1870,卖盘,002552,2025-10-17 22:55:06
14:37:18,18.7,0.0,10,18700,卖盘,002552,2025-10-17 22:55:06
14:37:24,18.7,0.0,10,18700,卖盘,002552,2025-10-17 22:55:06
14:37:27,18.7,0.0,12,22440,卖盘,002552,2025-10-17 22:55:06
14:37:36,18.7,0.0,1,1870,卖盘,002552,2025-10-17 22:55:06
14:37:39,18.7,0.0,20,37400,卖盘,002552,2025-10-17 22:55:06
14:37:42,18.7,0.0,10,18700,卖盘,002552,2025-10-17 22:55:06
14:37:45,18.7,0.0,10,18700,卖盘,002552,2025-10-17 22:55:06
14:38:00,18.7,0.0,3,5610,卖盘,002552,2025-10-17 22:55:06
14:38:30,18.7,0.0,53,99110,卖盘,002552,2025-10-17 22:55:06
14:38:33,18.7,0.0,2,3740,卖盘,002552,2025-10-17 22:55:06
14:38:48,18.7,0.0,1,1870,卖盘,002552,2025-10-17 22:55:06
14:38:57,18.7,0.0,11,20570,卖盘,002552,2025-10-17 22:55:06
14:39:06,18.7,0.0,11,20570,卖盘,002552,2025-10-17 22:55:06
14:39:21,18.7,0.0,1,1870,卖盘,002552,2025-10-17 22:55:06
14:39:24,18.7,0.0,10,18700,卖盘,002552,2025-10-17 22:55:06
14:39:54,18.7,0.0,1,1870,卖盘,002552,2025-10-17 22:55:06
14:40:06,18.7,0.0,12,22440,卖盘,002552,2025-10-17 22:55:06
14:40:21,18.7,0.0,10,18700,卖盘,002552,2025-10-17 22:55:06
14:40:33,18.7,0.0,3,5610,卖盘,002552,2025-10-17 22:55:06
14:40:39,18.7,0.0,3,5610,卖盘,002552,2025-10-17 22:55:06
14:40:45,18.7,0.0,5,9350,卖盘,002552,2025-10-17 22:55:06
14:41:06,18.7,0.0,100,187000,卖盘,002552,2025-10-17 22:55:06
14:41:18,18.7,0.0,5,9350,卖盘,002552,2025-10-17 22:55:06
14:41:24,18.7,0.0,1,1870,卖盘,002552,2025-10-17 22:55:06
14:41:33,18.7,0.0,1,1870,卖盘,002552,2025-10-17 22:55:06
14:41:42,18.7,0.0,3,5610,卖盘,002552,2025-10-17 22:55:06
14:41:54,18.7,0.0,10,18700,卖盘,002552,2025-10-17 22:55:06
14:42:06,18.7,0.0,20,37400,卖盘,002552,2025-10-17 22:55:06
14:42:15,18.7,0.0,1,1870,卖盘,002552,2025-10-17 22:55:06
14:42:21,18.7,0.0,5,9350,卖盘,002552,2025-10-17 22:55:06
14:42:30,18.7,0.0,1,1870,卖盘,002552,2025-10-17 22:55:06
14:42:33,18.7,0.0,14,26180,卖盘,002552,2025-10-17 22:55:06
14:42:39,18.7,0.0,1,1870,卖盘,002552,2025-10-17 22:55:06
14:42:42,18.7,0.0,25,46750,卖盘,002552,2025-10-17 22:55:06
14:42:48,18.7,0.0,5,9350,卖盘,002552,2025-10-17 22:55:06
14:42:51,18.7,0.0,122,228140,卖盘,002552,2025-10-17 22:55:06
14:43:03,18.7,0.0,11,20570,卖盘,002552,2025-10-17 22:55:06
14:43:30,18.7,0.0,1,1870,卖盘,002552,2025-10-17 22:55:06
14:43:33,18.7,0.0,1,1870,卖盘,002552,2025-10-17 22:55:06
14:43:39,18.7,0.0,1,1870,卖盘,002552,2025-10-17 22:55:06
14:43:54,18.7,0.0,3,5610,卖盘,002552,2025-10-17 22:55:06
14:44:09,18.7,0.0,80,149600,卖盘,002552,2025-10-17 22:55:06
14:44:27,18.7,0.0,1,1870,卖盘,002552,2025-10-17 22:55:06
14:44:45,18.7,0.0,10,18700,卖盘,002552,2025-10-17 22:55:06
14:45:00,18.7,0.0,1,1870,卖盘,002552,2025-10-17 22:55:06
14:45:03,18.7,0.0,6,11220,卖盘,002552,2025-10-17 22:55:06
14:45:12,18.7,0.0,30,56100,卖盘,002552,2025-10-17 22:55:06
14:45:15,18.7,0.0,4,7480,卖盘,002552,2025-10-17 22:55:06
14:45:21,18.7,0.0,61,114070,卖盘,002552,2025-10-17 22:55:06
14:45:57,18.7,0.0,10,18700,卖盘,002552,2025-10-17 22:55:06
14:46:12,18.7,0.0,12,22440,卖盘,002552,2025-10-17 22:55:06
14:46:42,18.7,0.0,50,93500,卖盘,002552,2025-10-17 22:55:06
14:47:09,18.7,0.0,3,5610,卖盘,002552,2025-10-17 22:55:06
14:47:12,18.7,0.0,2,3740,卖盘,002552,2025-10-17 22:55:06
14:47:15,18.7,0.0,10,18700,卖盘,002552,2025-10-17 22:55:06
14:47:51,18.7,0.0,1,1870,卖盘,002552,2025-10-17 22:55:06
14:48:00,18.7,0.0,4,7480,卖盘,002552,2025-10-17 22:55:06
14:48:06,18.7,0.0,10,18700,卖盘,002552,2025-10-17 22:55:06
14:48:24,18.7,0.0,51,95370,卖盘,002552,2025-10-17 22:55:06
14:48:33,18.7,0.0,1,1870,卖盘,002552,2025-10-17 22:55:06
14:48:39,18.7,0.0,20,37400,卖盘,002552,2025-10-17 22:55:06
14:48:51,18.7,0.0,50,93500,卖盘,002552,2025-10-17 22:55:06
14:49:00,18.7,0.0,10,18700,卖盘,002552,2025-10-17 22:55:06
14:49:09,18.7,0.0,10,18700,卖盘,002552,2025-10-17 22:55:06
14:49:15,18.7,0.0,7,13090,卖盘,002552,2025-10-17 22:55:06
14:49:27,18.7,0.0,3,5610,卖盘,002552,2025-10-17 22:55:06
14:49:36,18.7,0.0,1,1870,卖盘,002552,2025-10-17 22:55:06
14:49:45,18.7,0.0,98,183260,卖盘,002552,2025-10-17 22:55:06
14:49:57,18.7,0.0,3,5610,卖盘,002552,2025-10-17 22:55:06
14:50:00,18.7,0.0,3,5610,卖盘,002552,2025-10-17 22:55:06
14:50:06,18.7,0.0,1,1870,卖盘,002552,2025-10-17 22:55:06
14:50:09,18.7,0.0,11,20570,卖盘,002552,2025-10-17 22:55:06
14:50:12,18.7,0.0,16,29920,卖盘,002552,2025-10-17 22:55:06
14:50:15,18.7,0.0,20,37400,卖盘,002552,2025-10-17 22:55:06
14:50:30,18.7,0.0,1,1870,卖盘,002552,2025-10-17 22:55:06
14:50:45,18.7,0.0,2,3740,卖盘,002552,2025-10-17 22:55:06
14:51:03,18.7,0.0,20,37400,卖盘,002552,2025-10-17 22:55:06
14:51:18,18.7,0.0,39,72930,卖盘,002552,2025-10-17 22:55:06
14:51:21,18.7,0.0,5,9350,卖盘,002552,2025-10-17 22:55:06
14:51:24,18.7,0.0,6,11220,卖盘,002552,2025-10-17 22:55:06
14:51:30,18.7,0.0,22,41140,卖盘,002552,2025-10-17 22:55:06
14:51:33,18.7,0.0,10,18700,卖盘,002552,2025-10-17 22:55:06
14:51:45,18.7,0.0,3,5610,卖盘,002552,2025-10-17 22:55:06
14:51:57,18.7,0.0,1,1870,卖盘,002552,2025-10-17 22:55:06
14:52:06,18.7,0.0,50,93500,卖盘,002552,2025-10-17 22:55:06
14:52:18,18.7,0.0,1,1870,卖盘,002552,2025-10-17 22:55:06
14:52:24,18.7,0.0,6,11220,卖盘,002552,2025-10-17 22:55:06
14:52:30,18.7,0.0,3,5610,卖盘,002552,2025-10-17 22:55:06
14:52:42,18.7,0.0,10,18700,卖盘,002552,2025-10-17 22:55:06
14:52:45,18.7,0.0,54,100980,卖盘,002552,2025-10-17 22:55:06
14:52:57,18.7,0.0,1,1870,卖盘,002552,2025-10-17 22:55:06
14:53:03,18.7,0.0,2,3740,卖盘,002552,2025-10-17 22:55:06
14:53:09,18.7,0.0,24,44880,卖盘,002552,2025-10-17 22:55:06
14:53:12,18.7,0.0,3,5610,卖盘,002552,2025-10-17 22:55:06
14:53:18,18.7,0.0,78,145860,卖盘,002552,2025-10-17 22:55:06
14:53:21,18.7,0.0,18,33660,卖盘,002552,2025-10-17 22:55:06
14:53:24,18.7,0.0,20,37400,卖盘,002552,2025-10-17 22:55:06
14:53:30,18.7,0.0,2,3740,卖盘,002552,2025-10-17 22:55:06
14:53:51,18.7,0.0,8,14960,卖盘,002552,2025-10-17 22:55:06
14:53:54,18.7,0.0,4,7480,卖盘,002552,2025-10-17 22:55:06
14:54:00,18.7,0.0,23,43010,卖盘,002552,2025-10-17 22:55:06
14:54:09,18.7,0.0,7,13090,卖盘,002552,2025-10-17 22:55:06
14:54:21,18.7,0.0,22,41140,卖盘,002552,2025-10-17 22:55:06
14:54:24,18.7,0.0,3,5610,卖盘,002552,2025-10-17 22:55:06
14:54:36,18.7,0.0,2,3740,卖盘,002552,2025-10-17 22:55:06
14:54:54,18.7,0.0,3,5610,卖盘,002552,2025-10-17 22:55:06
14:54:57,18.7,0.0,40,74800,卖盘,002552,2025-10-17 22:55:06
14:55:00,18.7,0.0,33,61710,卖盘,002552,2025-10-17 22:55:06
14:55:06,18.7,0.0,3,5610,卖盘,002552,2025-10-17 22:55:06
14:55:09,18.7,0.0,6,11220,卖盘,002552,2025-10-17 22:55:06
14:55:12,18.7,0.0,19,35530,卖盘,002552,2025-10-17 22:55:06
14:55:15,18.7,0.0,12,22440,卖盘,002552,2025-10-17 22:55:06
14:55:18,18.7,0.0,11,20570,卖盘,002552,2025-10-17 22:55:06
14:55:42,18.7,0.0,5,9350,卖盘,002552,2025-10-17 22:55:06
14:55:45,18.7,0.0,35,65450,卖盘,002552,2025-10-17 22:55:06
14:55:48,18.7,0.0,2,3740,卖盘,002552,2025-10-17 22:55:06
14:55:51,18.7,0.0,7,13090,卖盘,002552,2025-10-17 22:55:06
14:55:54,18.7,0.0,6,11220,卖盘,002552,2025-10-17 22:55:06
14:56:06,18.7,0.0,5,9350,卖盘,002552,2025-10-17 22:55:06
14:56:09,18.7,0.0,307,574090,卖盘,002552,2025-10-17 22:55:06
14:56:12,18.7,0.0,2,3740,卖盘,002552,2025-10-17 22:55:06
14:56:18,18.7,0.0,3,5610,卖盘,002552,2025-10-17 22:55:06
14:56:21,18.7,0.0,4,7480,卖盘,002552,2025-10-17 22:55:06
14:56:24,18.7,0.0,23,43010,卖盘,002552,2025-10-17 22:55:06
14:56:30,18.7,0.0,15,28050,卖盘,002552,2025-10-17 22:55:06
14:56:33,18.7,0.0,5,9350,卖盘,002552,2025-10-17 22:55:06
14:56:36,18.7,0.0,17,31790,卖盘,002552,2025-10-17 22:55:06
14:56:39,18.7,0.0,12,22440,卖盘,002552,2025-10-17 22:55:06
14:56:42,18.7,0.0,205,383350,卖盘,002552,2025-10-17 22:55:06
14:56:45,18.7,0.0,37,69190,卖盘,002552,2025-10-17 22:55:06
14:56:54,18.7,0.0,7,13090,卖盘,002552,2025-10-17 22:55:06
14:56:57,18.7,0.0,35,65450,卖盘,002552,2025-10-17 22:55:06
14:57:00,18.7,0.0,66,123420,卖盘,002552,2025-10-17 22:55:06
15:00:00,18.7,0.0,1176,2199120,卖盘,002552,2025-10-17 22:55:06
