时间,成交价,价格变动,成交量,成交额,买卖盘性质,股票代码,采集时间
09:25:00,10.06,0.0,35529,35742174,卖盘,002571,2025-10-17 22:57:39
09:30:00,9.66,-0.4,6264,6229125,卖盘,002571,2025-10-17 22:57:39
09:30:03,9.66,0.0,2044,1974645,买盘,002571,2025-10-17 22:57:39
09:30:06,9.6,-0.06,3065,2946895,卖盘,002571,2025-10-17 22:57:39
09:30:09,9.55,-0.05,1930,1847457,卖盘,002571,2025-10-17 22:57:39
09:30:12,9.5,-0.05,1523,1447473,卖盘,002571,2025-10-17 22:57:39
09:30:15,9.42,-0.08,1691,1601112,卖盘,002571,2025-10-17 22:57:39
09:30:18,9.36,-0.06,3213,3027620,卖盘,002571,2025-10-17 22:57:39
09:30:21,9.21,-0.15,462,428761,卖盘,002571,2025-10-17 22:57:39
09:30:24,9.23,0.02,2920,2681420,买盘,002571,2025-10-17 22:57:39
09:30:27,9.15,-0.08,3257,2994672,卖盘,002571,2025-10-17 22:57:39
09:30:30,9.04,-0.11,1100,1003250,卖盘,002571,2025-10-17 22:57:39
09:30:33,8.82,-0.22,744,667637,卖盘,002571,2025-10-17 22:57:39
09:30:36,8.87,0.05,1375,1220089,买盘,002571,2025-10-17 22:57:39
09:30:39,8.87,0.0,1677,1483157,买盘,002571,2025-10-17 22:57:39
09:30:42,8.88,0.01,2456,2181716,中性盘,002571,2025-10-17 22:57:39
09:30:45,8.97,0.09,2021,1797493,买盘,002571,2025-10-17 22:57:39
09:30:48,8.86,-0.11,2550,2259861,卖盘,002571,2025-10-17 22:57:39
09:30:51,8.83,-0.03,3095,2723409,中性盘,002571,2025-10-17 22:57:39
09:30:54,8.63,-0.2,1566,1367674,卖盘,002571,2025-10-17 22:57:39
09:30:57,8.52,-0.11,228,194117,卖盘,002571,2025-10-17 22:57:39
09:31:00,8.59,0.07,3220,2742616,买盘,002571,2025-10-17 22:57:39
09:31:03,8.58,-0.01,1425,1220547,买盘,002571,2025-10-17 22:57:39
09:31:06,8.7,0.12,3099,2663716,买盘,002571,2025-10-17 22:57:39
09:31:09,8.77,0.07,2392,2074613,买盘,002571,2025-10-17 22:57:39
09:31:12,8.79,0.02,1667,1455265,买盘,002571,2025-10-17 22:57:39
09:31:15,8.75,-0.04,1113,976547,卖盘,002571,2025-10-17 22:57:39
09:31:18,8.78,0.03,4890,4263596,买盘,002571,2025-10-17 22:57:39
09:31:21,8.73,-0.05,1688,1471288,卖盘,002571,2025-10-17 22:57:39
09:31:24,8.7,-0.03,2284,1989141,卖盘,002571,2025-10-17 22:57:39
09:31:27,8.64,-0.06,1269,1096563,卖盘,002571,2025-10-17 22:57:39
09:31:30,8.62,-0.02,1336,1153305,卖盘,002571,2025-10-17 22:57:39
09:31:33,8.64,0.02,7819,6783231,买盘,002571,2025-10-17 22:57:39
09:31:36,8.62,-0.02,3139,2705187,卖盘,002571,2025-10-17 22:57:39
09:31:39,8.6,-0.02,957,823245,卖盘,002571,2025-10-17 22:57:39
09:31:42,8.61,0.01,750,645428,买盘,002571,2025-10-17 22:57:39
09:31:45,8.6,-0.01,1827,1570475,卖盘,002571,2025-10-17 22:57:39
09:31:48,8.56,-0.04,2146,1838967,卖盘,002571,2025-10-17 22:57:39
09:31:51,8.49,-0.07,2293,1957260,卖盘,002571,2025-10-17 22:57:39
09:31:54,8.42,-0.07,312,264217,卖盘,002571,2025-10-17 22:57:39
09:31:57,8.42,0.0,1334,1125694,卖盘,002571,2025-10-17 22:57:39
09:32:00,8.46,0.04,1114,939408,买盘,002571,2025-10-17 22:57:39
09:32:03,8.41,-0.05,3078,2590585,卖盘,002571,2025-10-17 22:57:39
09:32:06,8.4,-0.01,1605,1348502,卖盘,002571,2025-10-17 22:57:39
09:32:09,8.4,0.0,1472,1234697,卖盘,002571,2025-10-17 22:57:39
09:32:12,8.4,0.0,3297,2769326,买盘,002571,2025-10-17 22:57:39
09:32:15,8.36,-0.04,3640,3051159,卖盘,002571,2025-10-17 22:57:39
09:32:18,8.4,0.04,2016,1689784,买盘,002571,2025-10-17 22:57:39
09:32:21,8.39,-0.01,2166,1812195,卖盘,002571,2025-10-17 22:57:39
09:32:24,8.39,0.0,1154,966690,买盘,002571,2025-10-17 22:57:39
09:32:27,8.41,0.02,2809,2358574,买盘,002571,2025-10-17 22:57:39
09:32:30,8.41,0.0,2728,2291467,买盘,002571,2025-10-17 22:57:39
09:32:33,8.44,0.03,771,649351,买盘,002571,2025-10-17 22:57:39
09:32:36,8.49,0.05,565,477357,买盘,002571,2025-10-17 22:57:39
09:32:39,8.47,-0.02,1218,1029593,买盘,002571,2025-10-17 22:57:39
09:32:42,8.45,-0.02,784,663961,卖盘,002571,2025-10-17 22:57:39
09:32:45,8.47,0.02,764,647297,中性盘,002571,2025-10-17 22:57:39
09:32:48,8.51,0.04,1349,1141498,买盘,002571,2025-10-17 22:57:39
09:32:51,8.49,-0.02,883,747872,中性盘,002571,2025-10-17 22:57:39
09:32:54,8.48,-0.01,1131,958712,中性盘,002571,2025-10-17 22:57:39
09:32:57,8.48,0.0,968,820952,买盘,002571,2025-10-17 22:57:39
09:33:00,8.48,0.0,1096,929673,卖盘,002571,2025-10-17 22:57:39
09:33:03,8.5,0.02,1142,969200,买盘,002571,2025-10-17 22:57:39
09:33:06,8.5,0.0,994,843570,买盘,002571,2025-10-17 22:57:39
09:33:09,8.45,-0.05,3705,3128676,卖盘,002571,2025-10-17 22:57:39
09:33:12,8.43,-0.02,882,743499,中性盘,002571,2025-10-17 22:57:39
09:33:15,8.44,0.01,1171,986751,买盘,002571,2025-10-17 22:57:39
09:33:18,8.4,-0.04,1334,1121079,卖盘,002571,2025-10-17 22:57:39
09:33:21,8.44,0.04,2527,2124919,买盘,002571,2025-10-17 22:57:39
09:33:24,8.39,-0.05,180,151136,中性盘,002571,2025-10-17 22:57:39
09:33:27,8.4,0.01,4534,3810358,买盘,002571,2025-10-17 22:57:39
09:33:30,8.42,0.02,1018,855873,买盘,002571,2025-10-17 22:57:39
09:33:33,8.41,-0.01,741,622727,卖盘,002571,2025-10-17 22:57:39
09:33:36,8.41,0.0,1021,857923,中性盘,002571,2025-10-17 22:57:39
09:33:39,8.4,-0.01,749,629954,卖盘,002571,2025-10-17 22:57:39
09:33:42,8.38,-0.02,1729,1450508,卖盘,002571,2025-10-17 22:57:39
09:33:45,8.38,0.0,702,588169,卖盘,002571,2025-10-17 22:57:39
09:33:48,8.36,-0.02,1600,1337662,卖盘,002571,2025-10-17 22:57:39
09:33:51,8.37,0.01,951,794082,买盘,002571,2025-10-17 22:57:39
09:33:54,8.36,-0.01,811,677110,中性盘,002571,2025-10-17 22:57:39
09:33:57,8.35,-0.01,224,187136,卖盘,002571,2025-10-17 22:57:39
09:34:00,8.36,0.01,438,366002,买盘,002571,2025-10-17 22:57:39
09:34:03,8.37,0.01,1368,1140618,买盘,002571,2025-10-17 22:57:39
09:34:06,8.37,0.0,1881,1571193,买盘,002571,2025-10-17 22:57:39
09:34:09,8.36,-0.01,841,701894,中性盘,002571,2025-10-17 22:57:39
09:34:12,8.37,0.01,759,634760,买盘,002571,2025-10-17 22:57:39
09:34:15,8.37,0.0,2538,2121591,买盘,002571,2025-10-17 22:57:39
09:34:18,8.38,0.01,1061,885463,买盘,002571,2025-10-17 22:57:39
09:34:21,8.36,-0.02,728,608650,卖盘,002571,2025-10-17 22:57:39
09:34:24,8.33,-0.03,1221,1017559,卖盘,002571,2025-10-17 22:57:39
09:34:27,8.31,-0.02,1569,1306770,卖盘,002571,2025-10-17 22:57:39
09:34:30,8.34,0.03,346,289144,中性盘,002571,2025-10-17 22:57:39
09:34:33,8.35,0.01,520,432956,中性盘,002571,2025-10-17 22:57:39
09:34:36,8.33,-0.02,1333,1109142,卖盘,002571,2025-10-17 22:57:39
09:34:39,8.35,0.02,605,505345,买盘,002571,2025-10-17 22:57:39
09:34:42,8.34,-0.01,521,434594,卖盘,002571,2025-10-17 22:57:39
09:34:45,8.36,0.02,812,677320,买盘,002571,2025-10-17 22:57:39
09:34:48,8.34,-0.02,417,347834,卖盘,002571,2025-10-17 22:57:39
09:34:51,8.34,0.0,351,292724,买盘,002571,2025-10-17 22:57:39
09:34:54,8.34,0.0,1543,1286060,买盘,002571,2025-10-17 22:57:39
09:34:57,8.35,0.01,995,828636,买盘,002571,2025-10-17 22:57:39
09:35:00,8.35,0.0,508,424008,买盘,002571,2025-10-17 22:57:39
09:35:03,8.35,0.0,1257,1048879,买盘,002571,2025-10-17 22:57:39
09:35:06,8.33,-0.02,1308,1089074,卖盘,002571,2025-10-17 22:57:39
09:35:09,8.34,0.01,439,365908,买盘,002571,2025-10-17 22:57:39
09:35:12,8.34,0.0,168,140103,买盘,002571,2025-10-17 22:57:39
09:35:15,8.34,0.0,331,276043,买盘,002571,2025-10-17 22:57:39
09:35:18,8.36,0.02,1430,1191641,买盘,002571,2025-10-17 22:57:39
09:35:21,8.32,-0.04,1332,1108879,卖盘,002571,2025-10-17 22:57:39
09:35:24,8.33,0.01,1474,1226679,买盘,002571,2025-10-17 22:57:39
09:35:27,8.33,0.0,1009,838254,买盘,002571,2025-10-17 22:57:39
09:35:30,8.33,0.0,372,309843,买盘,002571,2025-10-17 22:57:39
09:35:33,8.33,0.0,1309,1089233,买盘,002571,2025-10-17 22:57:39
09:35:36,8.32,-0.01,1323,1098924,中性盘,002571,2025-10-17 22:57:39
09:35:39,8.3,-0.02,970,806591,卖盘,002571,2025-10-17 22:57:39
09:35:42,8.31,0.01,1314,1091284,卖盘,002571,2025-10-17 22:57:39
09:35:45,8.3,-0.01,505,419584,卖盘,002571,2025-10-17 22:57:39
09:35:48,8.31,0.01,179,148725,买盘,002571,2025-10-17 22:57:39
09:35:51,8.3,-0.01,753,625342,卖盘,002571,2025-10-17 22:57:39
09:35:54,8.3,0.0,720,598134,卖盘,002571,2025-10-17 22:57:39
09:35:57,8.3,0.0,561,465694,卖盘,002571,2025-10-17 22:57:39
09:36:00,8.29,-0.01,2853,2360614,卖盘,002571,2025-10-17 22:57:39
09:36:03,8.29,0.0,2406,1992766,买盘,002571,2025-10-17 22:57:39
09:36:06,8.26,-0.03,2643,2183634,卖盘,002571,2025-10-17 22:57:39
09:36:09,8.25,-0.01,1720,1418809,卖盘,002571,2025-10-17 22:57:39
09:36:12,8.25,0.0,1429,1178579,买盘,002571,2025-10-17 22:57:39
09:36:15,8.25,0.0,519,428102,买盘,002571,2025-10-17 22:57:39
09:36:18,8.25,0.0,1151,949165,买盘,002571,2025-10-17 22:57:39
09:36:21,8.26,0.01,799,659220,买盘,002571,2025-10-17 22:57:39
09:36:24,8.26,0.0,555,458294,买盘,002571,2025-10-17 22:57:39
09:36:27,8.27,0.01,246,203240,买盘,002571,2025-10-17 22:57:39
09:36:30,8.27,0.0,627,518480,买盘,002571,2025-10-17 22:57:39
09:36:33,8.27,0.0,913,754742,买盘,002571,2025-10-17 22:57:39
09:36:36,8.28,0.01,1307,1080846,买盘,002571,2025-10-17 22:57:39
09:36:39,8.29,0.01,3261,2693778,买盘,002571,2025-10-17 22:57:39
09:36:42,8.27,-0.02,1285,1062686,卖盘,002571,2025-10-17 22:57:39
09:36:45,8.29,0.02,793,656613,买盘,002571,2025-10-17 22:57:39
09:36:48,8.27,-0.02,1138,940028,卖盘,002571,2025-10-17 22:57:39
09:36:51,8.26,-0.01,976,807717,卖盘,002571,2025-10-17 22:57:39
09:36:54,8.26,0.0,419,345980,买盘,002571,2025-10-17 22:57:39
09:36:57,8.26,0.0,1341,1106666,买盘,002571,2025-10-17 22:57:39
09:37:00,8.27,0.01,649,535600,买盘,002571,2025-10-17 22:57:39
09:37:03,8.27,0.0,608,502310,买盘,002571,2025-10-17 22:57:39
09:37:06,8.25,-0.02,2226,1837187,卖盘,002571,2025-10-17 22:57:39
09:37:09,8.24,-0.01,1772,1460661,卖盘,002571,2025-10-17 22:57:39
09:37:12,8.25,0.01,2275,1875091,买盘,002571,2025-10-17 22:57:39
09:37:15,8.27,0.02,1547,1275381,买盘,002571,2025-10-17 22:57:39
09:37:18,8.27,0.0,150,124037,买盘,002571,2025-10-17 22:57:39
09:37:21,8.26,-0.01,276,228002,卖盘,002571,2025-10-17 22:57:39
09:37:24,8.26,0.0,825,681076,买盘,002571,2025-10-17 22:57:39
09:37:27,8.27,0.01,481,397800,买盘,002571,2025-10-17 22:57:39
09:37:30,8.25,-0.02,4861,4008016,卖盘,002571,2025-10-17 22:57:39
09:37:33,8.25,0.0,1986,1638338,买盘,002571,2025-10-17 22:57:39
09:37:36,8.26,0.01,331,273186,买盘,002571,2025-10-17 22:57:39
09:37:39,8.25,-0.01,2172,1791487,卖盘,002571,2025-10-17 22:57:39
09:37:42,8.25,0.0,377,311006,买盘,002571,2025-10-17 22:57:39
09:37:45,8.25,0.0,1075,886101,买盘,002571,2025-10-17 22:57:39
09:37:48,8.24,-0.01,1531,1262052,卖盘,002571,2025-10-17 22:57:39
09:37:51,8.24,0.0,911,750954,卖盘,002571,2025-10-17 22:57:39
09:37:54,8.25,0.01,1158,954750,买盘,002571,2025-10-17 22:57:39
09:37:57,8.25,0.0,1692,1394385,买盘,002571,2025-10-17 22:57:39
09:38:00,8.25,0.0,587,484064,买盘,002571,2025-10-17 22:57:39
09:38:03,8.24,-0.01,1740,1434595,卖盘,002571,2025-10-17 22:57:39
09:38:06,8.25,0.01,837,690278,买盘,002571,2025-10-17 22:57:39
09:38:09,8.25,0.0,40,33002,卖盘,002571,2025-10-17 22:57:39
09:38:12,8.26,0.01,676,557818,买盘,002571,2025-10-17 22:57:39
09:38:15,8.26,0.0,631,520769,买盘,002571,2025-10-17 22:57:39
09:38:18,8.26,0.0,1099,906896,买盘,002571,2025-10-17 22:57:39
09:38:21,8.26,0.0,764,631064,买盘,002571,2025-10-17 22:57:39
09:38:24,8.26,0.0,650,536767,卖盘,002571,2025-10-17 22:57:39
09:38:27,8.26,0.0,404,333468,买盘,002571,2025-10-17 22:57:39
09:38:30,8.27,0.01,1028,848410,买盘,002571,2025-10-17 22:57:39
09:38:33,8.27,0.0,101,83524,买盘,002571,2025-10-17 22:57:39
09:38:36,8.27,0.0,358,295758,买盘,002571,2025-10-17 22:57:39
09:38:39,8.26,-0.01,1113,919941,卖盘,002571,2025-10-17 22:57:39
09:38:42,8.27,0.01,1526,1259310,买盘,002571,2025-10-17 22:57:39
09:38:45,8.27,0.0,928,766194,买盘,002571,2025-10-17 22:57:39
09:38:48,8.27,0.0,697,575981,买盘,002571,2025-10-17 22:57:39
09:38:51,8.25,-0.02,2500,2063397,卖盘,002571,2025-10-17 22:57:39
09:38:54,8.25,0.0,986,812849,买盘,002571,2025-10-17 22:57:39
09:38:57,8.25,0.0,743,612975,买盘,002571,2025-10-17 22:57:39
09:39:00,8.25,0.0,514,424049,买盘,002571,2025-10-17 22:57:39
09:39:03,8.26,0.01,792,653422,买盘,002571,2025-10-17 22:57:39
09:39:06,8.26,0.0,234,193084,买盘,002571,2025-10-17 22:57:39
09:39:09,8.26,0.0,69,56994,买盘,002571,2025-10-17 22:57:39
09:39:12,8.27,0.01,292,241305,买盘,002571,2025-10-17 22:57:39
09:39:15,8.27,0.0,84,69468,买盘,002571,2025-10-17 22:57:39
09:39:18,8.27,0.0,225,186072,买盘,002571,2025-10-17 22:57:39
09:39:21,8.28,0.01,595,492005,买盘,002571,2025-10-17 22:57:39
09:39:24,8.28,0.0,269,222532,买盘,002571,2025-10-17 22:57:39
09:39:27,8.28,0.0,488,404056,买盘,002571,2025-10-17 22:57:39
09:39:30,8.29,0.01,557,461212,买盘,002571,2025-10-17 22:57:39
09:39:33,8.29,0.0,382,316576,买盘,002571,2025-10-17 22:57:39
09:39:36,8.29,0.0,213,176561,买盘,002571,2025-10-17 22:57:39
09:39:39,8.3,0.01,310,257232,买盘,002571,2025-10-17 22:57:39
09:39:42,8.3,0.0,177,146892,买盘,002571,2025-10-17 22:57:39
09:39:45,8.31,0.01,1236,1025835,买盘,002571,2025-10-17 22:57:39
09:39:48,8.31,0.0,168,139603,买盘,002571,2025-10-17 22:57:39
09:39:51,8.32,0.01,153,127153,买盘,002571,2025-10-17 22:57:39
09:39:54,8.32,0.0,854,709643,买盘,002571,2025-10-17 22:57:39
09:39:57,8.32,0.0,394,327739,买盘,002571,2025-10-17 22:57:39
09:40:00,8.31,-0.01,1226,1018786,卖盘,002571,2025-10-17 22:57:39
09:40:03,8.32,0.01,871,724156,买盘,002571,2025-10-17 22:57:39
09:40:06,8.29,-0.03,892,740808,卖盘,002571,2025-10-17 22:57:39
09:40:09,8.31,0.02,290,241111,中性盘,002571,2025-10-17 22:57:39
09:40:12,8.31,0.0,284,236071,卖盘,002571,2025-10-17 22:57:39
09:40:15,8.31,0.0,622,517409,卖盘,002571,2025-10-17 22:57:39
09:40:18,8.31,0.0,762,632987,买盘,002571,2025-10-17 22:57:39
09:40:21,8.29,-0.02,580,481360,卖盘,002571,2025-10-17 22:57:39
09:40:24,8.28,-0.01,329,272680,卖盘,002571,2025-10-17 22:57:39
09:40:27,8.3,0.02,330,273697,买盘,002571,2025-10-17 22:57:39
09:40:30,8.28,-0.02,534,442422,卖盘,002571,2025-10-17 22:57:39
09:40:33,8.29,0.01,712,589969,买盘,002571,2025-10-17 22:57:39
09:40:36,8.28,-0.01,445,368631,卖盘,002571,2025-10-17 22:57:39
09:40:39,8.28,0.0,1259,1041118,买盘,002571,2025-10-17 22:57:39
09:40:42,8.29,0.01,68,56306,买盘,002571,2025-10-17 22:57:39
09:40:45,8.29,0.0,122,101104,买盘,002571,2025-10-17 22:57:39
09:40:48,8.28,-0.01,699,578918,卖盘,002571,2025-10-17 22:57:39
09:40:51,8.3,0.02,102,84632,买盘,002571,2025-10-17 22:57:39
09:40:54,8.3,0.0,18,14940,买盘,002571,2025-10-17 22:57:39
09:40:57,8.3,0.0,682,565458,买盘,002571,2025-10-17 22:57:39
09:41:00,8.3,0.0,664,551003,买盘,002571,2025-10-17 22:57:39
09:41:03,8.3,0.0,783,649891,卖盘,002571,2025-10-17 22:57:39
09:41:06,8.3,0.0,719,597106,买盘,002571,2025-10-17 22:57:39
09:41:09,8.32,0.02,802,665862,买盘,002571,2025-10-17 22:57:39
09:41:12,8.32,0.0,345,286362,买盘,002571,2025-10-17 22:57:39
09:41:15,8.32,0.0,255,212097,买盘,002571,2025-10-17 22:57:39
09:41:18,8.33,0.01,293,243877,买盘,002571,2025-10-17 22:57:39
09:41:21,8.34,0.01,163,135911,买盘,002571,2025-10-17 22:57:39
09:41:24,8.34,0.0,731,607921,买盘,002571,2025-10-17 22:57:39
09:41:27,8.28,-0.06,826,685958,卖盘,002571,2025-10-17 22:57:39
09:41:30,8.31,0.03,271,225164,中性盘,002571,2025-10-17 22:57:39
09:41:33,8.33,0.02,379,314583,买盘,002571,2025-10-17 22:57:39
09:41:36,8.3,-0.03,404,335898,卖盘,002571,2025-10-17 22:57:39
09:41:39,8.29,-0.01,934,773910,卖盘,002571,2025-10-17 22:57:39
09:41:42,8.29,0.0,180,149214,买盘,002571,2025-10-17 22:57:39
09:41:45,8.27,-0.02,1141,943801,卖盘,002571,2025-10-17 22:57:39
09:41:48,8.27,0.0,690,570118,买盘,002571,2025-10-17 22:57:39
09:41:51,8.28,0.01,919,759549,买盘,002571,2025-10-17 22:57:39
09:41:54,8.27,-0.01,431,356200,卖盘,002571,2025-10-17 22:57:39
09:41:57,8.25,-0.02,1186,979903,卖盘,002571,2025-10-17 22:57:39
09:42:00,8.25,0.0,1580,1303597,卖盘,002571,2025-10-17 22:57:39
09:42:03,8.25,0.0,1694,1396183,买盘,002571,2025-10-17 22:57:39
09:42:06,8.25,0.0,2448,2018672,买盘,002571,2025-10-17 22:57:39
09:42:09,8.26,0.01,312,257414,买盘,002571,2025-10-17 22:57:39
09:42:12,8.26,0.0,1454,1198317,买盘,002571,2025-10-17 22:57:39
09:42:15,8.26,0.0,238,196588,买盘,002571,2025-10-17 22:57:39
09:42:18,8.26,0.0,446,368093,买盘,002571,2025-10-17 22:57:39
09:42:21,8.26,0.0,318,262648,买盘,002571,2025-10-17 22:57:39
09:42:24,8.26,0.0,514,424552,卖盘,002571,2025-10-17 22:57:39
09:42:27,8.27,0.01,184,152165,买盘,002571,2025-10-17 22:57:39
09:42:30,8.27,0.0,148,122283,买盘,002571,2025-10-17 22:57:39
09:42:33,8.27,0.0,143,118261,买盘,002571,2025-10-17 22:57:39
09:42:36,8.27,0.0,704,582479,买盘,002571,2025-10-17 22:57:39
09:42:39,8.27,0.0,1079,891441,卖盘,002571,2025-10-17 22:57:39
09:42:42,8.27,0.0,418,345688,卖盘,002571,2025-10-17 22:57:39
09:42:45,8.27,0.0,198,163804,买盘,002571,2025-10-17 22:57:39
09:42:48,8.27,0.0,1039,859439,卖盘,002571,2025-10-17 22:57:39
09:42:51,8.29,0.02,24,19896,买盘,002571,2025-10-17 22:57:39
09:42:54,8.26,-0.03,736,608450,卖盘,002571,2025-10-17 22:57:39
09:42:57,8.27,0.01,84,69458,买盘,002571,2025-10-17 22:57:39
09:43:00,8.27,0.0,172,142244,买盘,002571,2025-10-17 22:57:39
09:43:03,8.28,0.01,313,258719,买盘,002571,2025-10-17 22:57:39
09:43:06,8.29,0.01,1907,1577474,买盘,002571,2025-10-17 22:57:39
09:43:09,8.28,-0.01,218,180426,中性盘,002571,2025-10-17 22:57:39
09:43:12,8.27,-0.01,272,224949,卖盘,002571,2025-10-17 22:57:39
09:43:15,8.27,0.0,123,101720,买盘,002571,2025-10-17 22:57:39
09:43:18,8.27,0.0,293,242211,买盘,002571,2025-10-17 22:57:39
09:43:21,8.27,0.0,72,59544,买盘,002571,2025-10-17 22:57:39
09:43:24,8.27,0.0,338,279526,买盘,002571,2025-10-17 22:57:39
09:43:27,8.27,0.0,630,520510,买盘,002571,2025-10-17 22:57:39
09:43:30,8.27,0.0,1178,973962,卖盘,002571,2025-10-17 22:57:39
09:43:33,8.27,0.0,130,107575,买盘,002571,2025-10-17 22:57:39
09:43:36,8.28,0.01,20,16560,买盘,002571,2025-10-17 22:57:39
09:43:39,8.27,-0.01,271,224197,卖盘,002571,2025-10-17 22:57:39
09:43:42,8.27,0.0,137,113299,买盘,002571,2025-10-17 22:57:39
09:43:45,8.27,0.0,101,83510,买盘,002571,2025-10-17 22:57:39
09:43:48,8.28,0.01,168,138980,买盘,002571,2025-10-17 22:57:39
09:43:51,8.29,0.01,3,2487,买盘,002571,2025-10-17 22:57:39
09:43:54,8.29,0.0,1058,876533,买盘,002571,2025-10-17 22:57:39
09:43:57,8.3,0.01,101,83784,买盘,002571,2025-10-17 22:57:39
09:44:00,8.3,0.0,36,29879,买盘,002571,2025-10-17 22:57:39
09:44:03,8.3,0.0,464,385120,买盘,002571,2025-10-17 22:57:39
09:44:06,8.29,-0.01,548,454549,卖盘,002571,2025-10-17 22:57:39
09:44:09,8.29,0.0,1459,1209873,卖盘,002571,2025-10-17 22:57:39
09:44:12,8.31,0.02,207,171884,买盘,002571,2025-10-17 22:57:39
09:44:15,8.31,0.0,15,12465,买盘,002571,2025-10-17 22:57:39
09:44:18,8.29,-0.02,498,412872,卖盘,002571,2025-10-17 22:57:39
09:44:21,8.29,0.0,378,312839,买盘,002571,2025-10-17 22:57:39
09:44:24,8.29,0.0,431,356745,买盘,002571,2025-10-17 22:57:39
09:44:27,8.28,-0.01,157,130126,中性盘,002571,2025-10-17 22:57:39
09:44:30,8.28,0.0,72,59641,买盘,002571,2025-10-17 22:57:39
09:44:33,8.28,0.0,169,139938,中性盘,002571,2025-10-17 22:57:39
09:44:36,8.28,0.0,153,126673,买盘,002571,2025-10-17 22:57:39
09:44:39,8.27,-0.01,238,197058,卖盘,002571,2025-10-17 22:57:39
09:44:42,8.28,0.01,70,57960,买盘,002571,2025-10-17 22:57:39
09:44:45,8.28,0.0,172,142357,买盘,002571,2025-10-17 22:57:39
09:44:48,8.28,0.0,15,12418,买盘,002571,2025-10-17 22:57:39
09:44:51,8.27,-0.01,436,360696,卖盘,002571,2025-10-17 22:57:39
09:44:54,8.28,0.01,123,101844,买盘,002571,2025-10-17 22:57:39
09:44:57,8.28,0.0,196,162288,买盘,002571,2025-10-17 22:57:39
09:45:00,8.28,0.0,50,41400,卖盘,002571,2025-10-17 22:57:39
09:45:03,8.29,0.01,209,173252,买盘,002571,2025-10-17 22:57:39
09:45:06,8.3,0.01,126,104449,买盘,002571,2025-10-17 22:57:39
09:45:09,8.29,-0.01,288,238704,卖盘,002571,2025-10-17 22:57:39
09:45:12,8.29,0.0,266,220514,买盘,002571,2025-10-17 22:57:39
09:45:15,8.28,-0.01,159,131785,卖盘,002571,2025-10-17 22:57:39
09:45:18,8.29,0.01,149,123431,买盘,002571,2025-10-17 22:57:39
09:45:21,8.3,0.01,2187,1814007,买盘,002571,2025-10-17 22:57:39
09:45:27,8.3,0.0,307,254828,卖盘,002571,2025-10-17 22:57:39
09:45:30,8.3,0.0,129,107171,买盘,002571,2025-10-17 22:57:39
09:45:33,8.3,0.0,247,205017,卖盘,002571,2025-10-17 22:57:39
09:45:36,8.3,0.0,212,175958,买盘,002571,2025-10-17 22:57:39
09:45:39,8.3,0.0,400,331984,买盘,002571,2025-10-17 22:57:39
09:45:42,8.31,0.01,26,21600,买盘,002571,2025-10-17 22:57:39
09:45:45,8.31,0.0,201,167031,买盘,002571,2025-10-17 22:57:39
09:45:48,8.31,0.0,185,153635,买盘,002571,2025-10-17 22:57:39
09:45:51,8.31,0.0,499,414669,买盘,002571,2025-10-17 22:57:39
09:45:54,8.31,0.0,24,19944,卖盘,002571,2025-10-17 22:57:39
09:45:57,8.31,0.0,523,434627,卖盘,002571,2025-10-17 22:57:39
09:46:00,8.32,0.01,567,471481,买盘,002571,2025-10-17 22:57:39
09:46:06,8.33,0.01,68,56644,买盘,002571,2025-10-17 22:57:39
09:46:09,8.33,0.0,1103,917952,买盘,002571,2025-10-17 22:57:39
09:46:12,8.33,0.0,666,554741,买盘,002571,2025-10-17 22:57:39
09:46:15,8.33,0.0,160,133197,买盘,002571,2025-10-17 22:57:39
09:46:18,8.32,-0.01,283,235508,中性盘,002571,2025-10-17 22:57:39
09:46:21,8.33,0.01,291,242387,买盘,002571,2025-10-17 22:57:39
09:46:24,8.33,0.0,160,133280,买盘,002571,2025-10-17 22:57:39
09:46:27,8.33,0.0,235,195669,买盘,002571,2025-10-17 22:57:39
09:46:30,8.33,0.0,130,108290,买盘,002571,2025-10-17 22:57:39
09:46:33,8.34,0.01,444,370035,买盘,002571,2025-10-17 22:57:39
09:46:36,8.33,-0.01,1382,1151587,卖盘,002571,2025-10-17 22:57:39
09:46:39,8.33,0.0,227,189091,买盘,002571,2025-10-17 22:57:39
09:46:42,8.34,0.01,104,86674,买盘,002571,2025-10-17 22:57:39
09:46:45,8.35,0.01,119,99271,买盘,002571,2025-10-17 22:57:39
09:46:48,8.37,0.02,64,53486,买盘,002571,2025-10-17 22:57:39
09:46:51,8.36,-0.01,195,162954,中性盘,002571,2025-10-17 22:57:39
09:46:54,8.37,0.01,142,118772,买盘,002571,2025-10-17 22:57:39
09:46:57,8.37,0.0,27,22596,买盘,002571,2025-10-17 22:57:39
09:47:00,8.38,0.01,178,148998,买盘,002571,2025-10-17 22:57:39
09:47:03,8.37,-0.01,188,157362,卖盘,002571,2025-10-17 22:57:39
09:47:06,8.37,0.0,914,764057,买盘,002571,2025-10-17 22:57:39
09:47:09,8.35,-0.02,413,344528,中性盘,002571,2025-10-17 22:57:39
09:47:12,8.3,-0.05,2498,2078564,卖盘,002571,2025-10-17 22:57:39
09:47:15,8.32,0.02,211,175545,买盘,002571,2025-10-17 22:57:39
09:47:18,8.31,-0.01,258,214613,中性盘,002571,2025-10-17 22:57:39
09:47:21,8.32,0.01,249,207056,买盘,002571,2025-10-17 22:57:39
09:47:24,8.3,-0.02,1043,865704,卖盘,002571,2025-10-17 22:57:39
09:47:27,8.3,0.0,340,282012,买盘,002571,2025-10-17 22:57:39
09:47:30,8.3,0.0,356,295470,买盘,002571,2025-10-17 22:57:39
09:47:33,8.3,0.0,222,184186,买盘,002571,2025-10-17 22:57:39
09:47:36,8.3,0.0,131,108726,买盘,002571,2025-10-17 22:57:39
09:47:39,8.3,0.0,134,111207,买盘,002571,2025-10-17 22:57:39
09:47:42,8.3,0.0,144,119520,买盘,002571,2025-10-17 22:57:39
09:47:45,8.31,0.01,12,9972,买盘,002571,2025-10-17 22:57:39
09:47:48,8.31,0.0,913,757911,买盘,002571,2025-10-17 22:57:39
09:47:51,8.31,0.0,70,58170,买盘,002571,2025-10-17 22:57:39
09:47:54,8.3,-0.01,34,28233,卖盘,002571,2025-10-17 22:57:39
09:47:57,8.31,0.01,59,49029,买盘,002571,2025-10-17 22:57:39
09:48:00,8.31,0.0,75,62325,买盘,002571,2025-10-17 22:57:39
09:48:03,8.31,0.0,67,55664,买盘,002571,2025-10-17 22:57:39
09:48:06,8.29,-0.02,613,508675,卖盘,002571,2025-10-17 22:57:39
09:48:09,8.3,0.01,313,259474,买盘,002571,2025-10-17 22:57:39
09:48:12,8.29,-0.01,107,88709,卖盘,002571,2025-10-17 22:57:39
09:48:15,8.29,0.0,432,358424,卖盘,002571,2025-10-17 22:57:39
09:48:18,8.29,0.0,337,279407,卖盘,002571,2025-10-17 22:57:39
09:48:21,8.3,0.01,226,187336,买盘,002571,2025-10-17 22:57:39
09:48:24,8.3,0.0,327,271250,买盘,002571,2025-10-17 22:57:39
09:48:27,8.3,0.0,175,145252,卖盘,002571,2025-10-17 22:57:39
09:48:30,8.3,0.0,111,92144,买盘,002571,2025-10-17 22:57:39
09:48:33,8.3,0.0,106,88080,卖盘,002571,2025-10-17 22:57:39
09:48:36,8.31,0.01,135,112178,买盘,002571,2025-10-17 22:57:39
09:48:39,8.31,0.0,2,1662,买盘,002571,2025-10-17 22:57:39
09:48:42,8.31,0.0,59,49026,买盘,002571,2025-10-17 22:57:39
09:48:45,8.3,-0.01,111,92219,卖盘,002571,2025-10-17 22:57:39
09:48:48,8.31,0.01,488,405204,买盘,002571,2025-10-17 22:57:39
09:48:51,8.35,0.04,214,178095,买盘,002571,2025-10-17 22:57:39
09:48:54,8.35,0.0,99,82665,买盘,002571,2025-10-17 22:57:39
09:48:57,8.34,-0.01,142,118485,卖盘,002571,2025-10-17 22:57:39
09:49:00,8.34,0.0,186,155177,买盘,002571,2025-10-17 22:57:39
09:49:03,8.34,0.0,52,43363,买盘,002571,2025-10-17 22:57:39
09:49:06,8.35,0.01,73,60881,买盘,002571,2025-10-17 22:57:39
09:49:09,8.34,-0.01,95,79212,卖盘,002571,2025-10-17 22:57:39
09:49:12,8.34,0.0,101,84234,买盘,002571,2025-10-17 22:57:39
09:49:15,8.34,0.0,71,59214,买盘,002571,2025-10-17 22:57:39
09:49:18,8.34,0.0,43,35862,买盘,002571,2025-10-17 22:57:39
09:49:21,8.35,0.01,52,43394,买盘,002571,2025-10-17 22:57:39
09:49:24,8.35,0.0,21,17515,买盘,002571,2025-10-17 22:57:39
09:49:27,8.35,0.0,96,80160,买盘,002571,2025-10-17 22:57:39
09:49:30,8.35,0.0,55,45925,买盘,002571,2025-10-17 22:57:39
09:49:33,8.36,0.01,811,677566,买盘,002571,2025-10-17 22:57:39
09:49:36,8.35,-0.01,9,7515,卖盘,002571,2025-10-17 22:57:39
09:49:39,8.37,0.02,82,68586,买盘,002571,2025-10-17 22:57:39
09:49:42,8.37,0.0,179,149485,买盘,002571,2025-10-17 22:57:39
09:49:45,8.37,0.0,21,17564,买盘,002571,2025-10-17 22:57:39
09:49:48,8.37,0.0,342,286213,买盘,002571,2025-10-17 22:57:39
09:49:51,8.36,-0.01,294,245917,卖盘,002571,2025-10-17 22:57:39
09:49:54,8.38,0.02,560,468773,买盘,002571,2025-10-17 22:57:39
09:49:57,8.37,-0.01,65,54392,买盘,002571,2025-10-17 22:57:39
09:50:00,8.4,0.03,906,759975,买盘,002571,2025-10-17 22:57:39
09:50:03,8.38,-0.02,97,81320,中性盘,002571,2025-10-17 22:57:39
09:50:06,8.39,0.01,493,413459,买盘,002571,2025-10-17 22:57:39
09:50:09,8.4,0.01,20,16797,买盘,002571,2025-10-17 22:57:39
09:50:12,8.4,0.0,157,131880,买盘,002571,2025-10-17 22:57:39
09:50:15,8.41,0.01,49,41166,买盘,002571,2025-10-17 22:57:39
09:50:18,8.42,0.01,48,40380,买盘,002571,2025-10-17 22:57:39
09:50:21,8.43,0.01,266,223989,买盘,002571,2025-10-17 22:57:39
09:50:24,8.46,0.03,154,130098,买盘,002571,2025-10-17 22:57:39
09:50:27,8.47,0.01,79,66842,买盘,002571,2025-10-17 22:57:39
09:50:30,8.48,0.01,106,89805,买盘,002571,2025-10-17 22:57:39
09:50:33,8.49,0.01,177,150111,买盘,002571,2025-10-17 22:57:39
09:50:36,8.54,0.05,827,703117,买盘,002571,2025-10-17 22:57:39
09:50:39,8.53,-0.01,51,43428,买盘,002571,2025-10-17 22:57:39
09:50:42,8.52,-0.01,323,275535,卖盘,002571,2025-10-17 22:57:39
09:50:45,8.52,0.0,856,730210,买盘,002571,2025-10-17 22:57:39
09:50:48,8.53,0.01,1805,1536902,卖盘,002571,2025-10-17 22:57:39
09:50:51,8.49,-0.04,1050,891989,卖盘,002571,2025-10-17 22:57:39
09:50:54,8.5,0.01,450,381962,买盘,002571,2025-10-17 22:57:39
09:50:57,8.51,0.01,1073,913242,买盘,002571,2025-10-17 22:57:39
09:51:00,8.49,-0.02,422,358764,卖盘,002571,2025-10-17 22:57:39
09:51:03,8.48,-0.01,529,448867,卖盘,002571,2025-10-17 22:57:39
09:51:06,8.53,0.05,1678,1427398,买盘,002571,2025-10-17 22:57:39
09:51:09,8.5,-0.03,160,136108,卖盘,002571,2025-10-17 22:57:39
09:51:12,8.53,0.03,125,106548,买盘,002571,2025-10-17 22:57:39
09:51:15,8.53,0.0,602,513195,买盘,002571,2025-10-17 22:57:39
09:51:18,8.53,0.0,65,55468,买盘,002571,2025-10-17 22:57:39
09:51:21,8.53,0.0,256,218435,卖盘,002571,2025-10-17 22:57:39
09:51:24,8.53,0.0,320,272897,买盘,002571,2025-10-17 22:57:39
09:51:27,8.53,0.0,472,402195,买盘,002571,2025-10-17 22:57:39
09:51:30,8.5,-0.03,795,677916,卖盘,002571,2025-10-17 22:57:39
09:51:33,8.48,-0.02,647,549238,卖盘,002571,2025-10-17 22:57:39
09:51:36,8.47,-0.01,257,217681,中性盘,002571,2025-10-17 22:57:39
09:51:39,8.46,-0.01,141,119287,卖盘,002571,2025-10-17 22:57:39
09:51:42,8.47,0.01,244,206607,买盘,002571,2025-10-17 22:57:39
09:51:45,8.45,-0.02,61,51618,中性盘,002571,2025-10-17 22:57:39
09:51:48,8.47,0.02,212,179603,买盘,002571,2025-10-17 22:57:39
09:51:51,8.43,-0.04,290,245790,卖盘,002571,2025-10-17 22:57:39
09:51:54,8.48,0.05,5,4240,买盘,002571,2025-10-17 22:57:39
09:52:00,8.43,-0.05,17,14365,卖盘,002571,2025-10-17 22:57:39
09:52:03,8.43,0.0,8,6744,卖盘,002571,2025-10-17 22:57:39
09:52:06,8.44,0.01,27,22845,卖盘,002571,2025-10-17 22:57:39
09:52:09,8.44,0.0,25,21168,卖盘,002571,2025-10-17 22:57:39
09:52:12,8.46,0.02,5,4230,买盘,002571,2025-10-17 22:57:39
09:52:15,8.46,0.0,9,7614,买盘,002571,2025-10-17 22:57:39
09:52:18,8.47,0.01,197,166713,买盘,002571,2025-10-17 22:57:39
09:52:21,8.48,0.01,38,32224,买盘,002571,2025-10-17 22:57:39
09:52:24,8.48,0.0,57,48320,买盘,002571,2025-10-17 22:57:39
09:52:27,8.49,0.01,28,23768,买盘,002571,2025-10-17 22:57:39
09:52:30,8.49,0.0,108,91640,买盘,002571,2025-10-17 22:57:39
09:52:33,8.49,0.0,139,117910,买盘,002571,2025-10-17 22:57:39
09:52:36,8.49,0.0,153,129831,买盘,002571,2025-10-17 22:57:39
09:52:39,8.49,0.0,424,359868,买盘,002571,2025-10-17 22:57:39
09:52:42,8.49,0.0,669,567981,卖盘,002571,2025-10-17 22:57:39
09:52:45,8.48,-0.01,83,70411,卖盘,002571,2025-10-17 22:57:39
09:52:48,8.49,0.01,294,249214,买盘,002571,2025-10-17 22:57:39
09:52:51,8.48,-0.01,673,570443,中性盘,002571,2025-10-17 22:57:39
09:52:54,8.47,-0.01,378,319812,买盘,002571,2025-10-17 22:57:39
09:52:57,8.47,0.0,282,238679,买盘,002571,2025-10-17 22:57:39
09:53:00,8.45,-0.02,419,354407,卖盘,002571,2025-10-17 22:57:39
09:53:03,8.44,-0.01,413,348337,卖盘,002571,2025-10-17 22:57:39
09:53:06,8.44,0.0,261,220245,买盘,002571,2025-10-17 22:57:39
09:53:09,8.44,0.0,110,92779,卖盘,002571,2025-10-17 22:57:39
09:53:12,8.44,0.0,235,198414,买盘,002571,2025-10-17 22:57:39
09:53:15,8.44,0.0,1,844,买盘,002571,2025-10-17 22:57:39
09:53:18,8.44,0.0,363,306280,买盘,002571,2025-10-17 22:57:39
09:53:21,8.43,-0.01,26,21928,中性盘,002571,2025-10-17 22:57:39
09:53:24,8.42,-0.01,619,520648,卖盘,002571,2025-10-17 22:57:39
09:53:27,8.41,-0.01,113,94927,中性盘,002571,2025-10-17 22:57:39
09:53:33,8.4,-0.01,153,128524,卖盘,002571,2025-10-17 22:57:39
09:53:36,8.39,-0.01,214,179437,卖盘,002571,2025-10-17 22:57:39
09:53:39,8.39,0.0,41,34380,买盘,002571,2025-10-17 22:57:39
09:53:42,8.37,-0.02,52,43531,卖盘,002571,2025-10-17 22:57:39
09:53:45,8.39,0.02,32,26848,买盘,002571,2025-10-17 22:57:39
09:53:48,8.37,-0.02,14,11721,卖盘,002571,2025-10-17 22:57:39
09:53:51,8.37,0.0,2,1674,卖盘,002571,2025-10-17 22:57:39
09:53:54,8.39,0.02,21,17619,买盘,002571,2025-10-17 22:57:39
09:53:57,8.39,0.0,69,57889,买盘,002571,2025-10-17 22:57:39
09:54:00,8.4,0.01,75,62927,买盘,002571,2025-10-17 22:57:39
09:54:03,8.4,0.0,158,132609,买盘,002571,2025-10-17 22:57:39
09:54:06,8.4,0.0,184,154559,买盘,002571,2025-10-17 22:57:39
09:54:09,8.4,0.0,2,1680,卖盘,002571,2025-10-17 22:57:39
09:54:12,8.41,0.01,1,841,买盘,002571,2025-10-17 22:57:39
09:54:15,8.41,0.0,254,213533,买盘,002571,2025-10-17 22:57:39
09:54:18,8.41,0.0,227,190907,买盘,002571,2025-10-17 22:57:39
09:54:21,8.42,0.01,73,61463,买盘,002571,2025-10-17 22:57:39
09:54:24,8.42,0.0,14,11788,买盘,002571,2025-10-17 22:57:39
09:54:27,8.42,0.0,59,49716,买盘,002571,2025-10-17 22:57:39
09:54:30,8.43,0.01,52,43834,买盘,002571,2025-10-17 22:57:39
09:54:33,8.45,0.02,108,91101,买盘,002571,2025-10-17 22:57:39
09:54:36,8.45,0.0,113,95341,买盘,002571,2025-10-17 22:57:39
09:54:39,8.43,-0.02,16,13508,卖盘,002571,2025-10-17 22:57:39
09:54:42,8.45,0.02,64,54080,买盘,002571,2025-10-17 22:57:39
09:54:45,8.45,0.0,6,5070,买盘,002571,2025-10-17 22:57:39
09:54:48,8.46,0.01,7,5922,买盘,002571,2025-10-17 22:57:39
09:54:51,8.48,0.02,74,62672,买盘,002571,2025-10-17 22:57:39
09:54:57,8.46,-0.02,366,309671,卖盘,002571,2025-10-17 22:57:39
09:55:00,8.46,0.0,172,145512,买盘,002571,2025-10-17 22:57:39
09:55:03,8.46,0.0,160,135543,卖盘,002571,2025-10-17 22:57:39
09:55:06,8.46,0.0,251,212369,卖盘,002571,2025-10-17 22:57:39
09:55:09,8.48,0.02,131,110964,买盘,002571,2025-10-17 22:57:39
09:55:12,8.46,-0.02,105,88910,卖盘,002571,2025-10-17 22:57:39
09:55:15,8.46,0.0,494,418002,卖盘,002571,2025-10-17 22:57:39
09:55:18,8.47,0.01,143,120998,买盘,002571,2025-10-17 22:57:39
09:55:21,8.47,0.0,345,291896,买盘,002571,2025-10-17 22:57:39
09:55:24,8.46,-0.01,44,37223,中性盘,002571,2025-10-17 22:57:39
09:55:27,8.44,-0.02,416,351520,卖盘,002571,2025-10-17 22:57:39
09:55:30,8.44,0.0,100,84439,卖盘,002571,2025-10-17 22:57:39
09:55:33,8.44,0.0,317,267824,买盘,002571,2025-10-17 22:57:39
09:55:36,8.44,0.0,19,16036,买盘,002571,2025-10-17 22:57:39
09:55:39,8.43,-0.01,437,368630,卖盘,002571,2025-10-17 22:57:39
09:55:42,8.44,0.01,100,84400,中性盘,002571,2025-10-17 22:57:39
09:55:45,8.45,0.01,28,23655,买盘,002571,2025-10-17 22:57:39
09:55:48,8.45,0.0,313,264285,买盘,002571,2025-10-17 22:57:39
09:55:51,8.45,0.0,43,36335,买盘,002571,2025-10-17 22:57:39
09:55:54,8.44,-0.01,94,79429,卖盘,002571,2025-10-17 22:57:39
09:56:00,8.46,0.02,205,173420,买盘,002571,2025-10-17 22:57:39
09:56:03,8.47,0.01,5,4231,买盘,002571,2025-10-17 22:57:39
09:56:06,8.47,0.0,8,6775,买盘,002571,2025-10-17 22:57:39
09:56:09,8.47,0.0,14,11849,买盘,002571,2025-10-17 22:57:39
09:56:12,8.47,0.0,158,133775,买盘,002571,2025-10-17 22:57:39
09:56:15,8.47,0.0,99,83852,买盘,002571,2025-10-17 22:57:39
09:56:18,8.47,0.0,786,665165,买盘,002571,2025-10-17 22:57:39
09:56:21,8.47,0.0,34,28798,买盘,002571,2025-10-17 22:57:39
09:56:24,8.47,0.0,37,31304,买盘,002571,2025-10-17 22:57:39
09:56:27,8.47,0.0,63,53337,买盘,002571,2025-10-17 22:57:39
09:56:30,8.47,0.0,86,72839,买盘,002571,2025-10-17 22:57:39
09:56:33,8.47,0.0,10,8470,买盘,002571,2025-10-17 22:57:39
09:56:36,8.47,0.0,86,72821,买盘,002571,2025-10-17 22:57:39
09:56:39,8.47,0.0,20,16940,买盘,002571,2025-10-17 22:57:39
09:56:42,8.47,0.0,365,309029,买盘,002571,2025-10-17 22:57:39
09:56:45,8.47,0.0,427,361479,买盘,002571,2025-10-17 22:57:39
09:56:48,8.48,0.01,5,4236,买盘,002571,2025-10-17 22:57:39
09:56:51,8.48,0.0,4,3392,买盘,002571,2025-10-17 22:57:39
09:56:54,8.48,0.0,4,3389,买盘,002571,2025-10-17 22:57:39
09:56:57,8.46,-0.02,607,514016,卖盘,002571,2025-10-17 22:57:39
09:57:00,8.46,0.0,336,284010,卖盘,002571,2025-10-17 22:57:39
09:57:03,8.46,0.0,196,165658,买盘,002571,2025-10-17 22:57:39
09:57:06,8.44,-0.02,671,566334,卖盘,002571,2025-10-17 22:57:39
09:57:09,8.43,-0.01,307,258831,卖盘,002571,2025-10-17 22:57:39
09:57:12,8.44,0.01,356,300388,买盘,002571,2025-10-17 22:57:39
09:57:18,8.44,0.0,84,70823,买盘,002571,2025-10-17 22:57:39
09:57:21,8.44,0.0,67,56503,买盘,002571,2025-10-17 22:57:39
09:57:24,8.44,0.0,254,214077,买盘,002571,2025-10-17 22:57:39
09:57:27,8.42,-0.02,108,91001,卖盘,002571,2025-10-17 22:57:39
09:57:30,8.44,0.02,9,7596,买盘,002571,2025-10-17 22:57:39
09:57:33,8.43,-0.01,21,17709,卖盘,002571,2025-10-17 22:57:39
09:57:36,8.44,0.01,223,188212,买盘,002571,2025-10-17 22:57:39
09:57:39,8.44,0.0,9,7596,买盘,002571,2025-10-17 22:57:39
09:57:42,8.43,-0.01,37,31191,卖盘,002571,2025-10-17 22:57:39
09:57:45,8.44,0.01,35,29530,买盘,002571,2025-10-17 22:57:39
09:57:48,8.44,0.0,7,5908,买盘,002571,2025-10-17 22:57:39
09:57:51,8.43,-0.01,3,2529,卖盘,002571,2025-10-17 22:57:39
09:57:54,8.44,0.01,53,44732,买盘,002571,2025-10-17 22:57:39
09:57:57,8.44,0.0,7,5905,买盘,002571,2025-10-17 22:57:39
09:58:00,8.44,0.0,113,95372,买盘,002571,2025-10-17 22:57:39
09:58:03,8.44,0.0,6,5064,卖盘,002571,2025-10-17 22:57:39
09:58:06,8.44,0.0,0,169,卖盘,002571,2025-10-17 22:57:39
09:58:09,8.44,0.0,69,58265,卖盘,002571,2025-10-17 22:57:39
09:58:15,8.44,0.0,17,14348,卖盘,002571,2025-10-17 22:57:39
09:58:18,8.45,0.01,280,236600,买盘,002571,2025-10-17 22:57:39
09:58:27,8.45,0.0,1,845,卖盘,002571,2025-10-17 22:57:39
09:58:33,8.45,0.0,16,13520,卖盘,002571,2025-10-17 22:57:39
09:58:36,8.46,0.01,298,251825,买盘,002571,2025-10-17 22:57:39
09:58:39,8.46,0.0,4,3384,买盘,002571,2025-10-17 22:57:39
09:58:42,8.46,0.0,26,21996,买盘,002571,2025-10-17 22:57:39
09:58:45,8.46,0.0,173,146303,买盘,002571,2025-10-17 22:57:39
09:58:48,8.46,0.0,55,46530,卖盘,002571,2025-10-17 22:57:39
09:58:51,8.47,0.01,9,7616,买盘,002571,2025-10-17 22:57:39
09:58:54,8.47,0.0,142,120274,买盘,002571,2025-10-17 22:57:39
09:58:57,8.48,0.01,8,6777,买盘,002571,2025-10-17 22:57:39
09:59:00,8.48,0.0,436,369628,买盘,002571,2025-10-17 22:57:39
09:59:03,8.48,0.0,12,10175,买盘,002571,2025-10-17 22:57:39
09:59:06,8.48,0.0,206,174497,买盘,002571,2025-10-17 22:57:39
09:59:09,8.48,0.0,36,30528,买盘,002571,2025-10-17 22:57:39
09:59:12,8.48,0.0,94,79712,买盘,002571,2025-10-17 22:57:39
09:59:15,8.48,0.0,17,14416,买盘,002571,2025-10-17 22:57:39
09:59:18,8.48,0.0,18,15256,买盘,002571,2025-10-17 22:57:39
09:59:21,8.48,0.0,97,82256,买盘,002571,2025-10-17 22:57:39
09:59:24,8.48,0.0,35,29680,卖盘,002571,2025-10-17 22:57:39
09:59:27,8.48,0.0,181,153407,卖盘,002571,2025-10-17 22:57:39
09:59:30,8.48,0.0,279,236577,买盘,002571,2025-10-17 22:57:39
09:59:33,8.48,0.0,47,39856,买盘,002571,2025-10-17 22:57:39
09:59:36,8.47,-0.01,69,58460,卖盘,002571,2025-10-17 22:57:39
09:59:39,8.47,0.0,1175,996742,卖盘,002571,2025-10-17 22:57:39
09:59:42,8.46,-0.01,45,38093,卖盘,002571,2025-10-17 22:57:39
09:59:45,8.47,0.01,34,28780,买盘,002571,2025-10-17 22:57:39
09:59:48,8.46,-0.01,425,359281,卖盘,002571,2025-10-17 22:57:39
09:59:54,8.47,0.01,104,88270,卖盘,002571,2025-10-17 22:57:39
09:59:57,8.48,0.01,53,44944,买盘,002571,2025-10-17 22:57:39
10:00:00,8.48,0.0,21,17808,买盘,002571,2025-10-17 22:57:39
10:00:03,8.47,-0.01,109,92402,卖盘,002571,2025-10-17 22:57:39
10:00:06,8.47,0.0,301,254947,买盘,002571,2025-10-17 22:57:39
10:00:09,8.48,0.01,40,33909,买盘,002571,2025-10-17 22:57:39
10:00:12,8.47,-0.01,52,44040,卖盘,002571,2025-10-17 22:57:39
10:00:15,8.47,0.0,451,381896,中性盘,002571,2025-10-17 22:57:39
10:00:18,8.47,0.0,112,94869,卖盘,002571,2025-10-17 22:57:39
10:00:21,8.45,-0.02,143,121078,卖盘,002571,2025-10-17 22:57:39
10:00:24,8.45,0.0,66,55770,卖盘,002571,2025-10-17 22:57:39
10:00:27,8.43,-0.02,212,178769,卖盘,002571,2025-10-17 22:57:39
10:00:30,8.43,0.0,384,323558,卖盘,002571,2025-10-17 22:57:39
10:00:33,8.43,0.0,9,7587,买盘,002571,2025-10-17 22:57:39
10:00:36,8.42,-0.01,124,104432,卖盘,002571,2025-10-17 22:57:39
10:00:39,8.42,0.0,212,178616,卖盘,002571,2025-10-17 22:57:39
10:00:42,8.42,0.0,50,42100,买盘,002571,2025-10-17 22:57:39
10:00:45,8.41,-0.01,32,26934,卖盘,002571,2025-10-17 22:57:39
10:00:48,8.41,0.0,27,22707,卖盘,002571,2025-10-17 22:57:39
10:00:51,8.41,0.0,161,135486,卖盘,002571,2025-10-17 22:57:39
10:00:54,8.42,0.01,88,74083,买盘,002571,2025-10-17 22:57:39
10:00:57,8.43,0.01,212,178512,买盘,002571,2025-10-17 22:57:39
10:01:00,8.41,-0.02,223,187662,卖盘,002571,2025-10-17 22:57:39
10:01:03,8.44,0.03,18,15186,买盘,002571,2025-10-17 22:57:39
10:01:09,8.44,0.0,11,9280,买盘,002571,2025-10-17 22:57:39
10:01:12,8.43,-0.01,160,134878,卖盘,002571,2025-10-17 22:57:39
10:01:15,8.43,0.0,19,16017,买盘,002571,2025-10-17 22:57:39
10:01:18,8.43,0.0,15,12644,买盘,002571,2025-10-17 22:57:39
10:01:21,8.42,-0.01,89,74961,卖盘,002571,2025-10-17 22:57:39
10:01:24,8.42,0.0,1,842,买盘,002571,2025-10-17 22:57:39
10:01:27,8.42,0.0,163,137246,买盘,002571,2025-10-17 22:57:39
10:01:30,8.42,0.0,11,9262,卖盘,002571,2025-10-17 22:57:39
10:01:33,8.42,0.0,138,116196,卖盘,002571,2025-10-17 22:57:39
10:01:36,8.42,0.0,362,304715,卖盘,002571,2025-10-17 22:57:39
10:01:39,8.42,0.0,19,15982,买盘,002571,2025-10-17 22:57:39
10:01:42,8.42,0.0,24,20190,买盘,002571,2025-10-17 22:57:39
10:01:45,8.41,-0.01,25,21044,卖盘,002571,2025-10-17 22:57:39
10:01:48,8.42,0.01,33,27786,买盘,002571,2025-10-17 22:57:39
10:01:51,8.42,0.0,25,21050,买盘,002571,2025-10-17 22:57:39
10:01:54,8.42,0.0,23,19366,买盘,002571,2025-10-17 22:57:39
10:01:57,8.43,0.01,280,235745,买盘,002571,2025-10-17 22:57:39
10:02:00,8.43,0.0,26,21918,买盘,002571,2025-10-17 22:57:39
10:02:03,8.42,-0.01,1,842,卖盘,002571,2025-10-17 22:57:39
10:02:06,8.43,0.01,25,21075,买盘,002571,2025-10-17 22:57:39
10:02:12,8.42,-0.01,1,842,卖盘,002571,2025-10-17 22:57:39
10:02:15,8.43,0.01,74,62378,买盘,002571,2025-10-17 22:57:39
10:02:18,8.43,0.0,34,28662,买盘,002571,2025-10-17 22:57:39
10:02:21,8.43,0.0,7,5901,买盘,002571,2025-10-17 22:57:39
10:02:24,8.43,0.0,106,89358,买盘,002571,2025-10-17 22:57:39
10:02:27,8.43,0.0,14,11802,买盘,002571,2025-10-17 22:57:39
10:02:30,8.44,0.01,9,7596,买盘,002571,2025-10-17 22:57:39
10:02:33,8.43,-0.01,5,4215,卖盘,002571,2025-10-17 22:57:39
10:02:36,8.43,0.0,406,342570,卖盘,002571,2025-10-17 22:57:39
10:02:39,8.43,0.0,105,88465,买盘,002571,2025-10-17 22:57:39
10:02:42,8.43,0.0,21,17703,买盘,002571,2025-10-17 22:57:39
10:02:45,8.42,-0.01,53,44626,卖盘,002571,2025-10-17 22:57:39
10:02:48,8.42,0.0,717,603576,卖盘,002571,2025-10-17 22:57:39
10:02:51,8.42,0.0,36,30292,买盘,002571,2025-10-17 22:57:39
10:02:54,8.42,0.0,232,195344,买盘,002571,2025-10-17 22:57:39
10:02:57,8.41,-0.01,121,101761,卖盘,002571,2025-10-17 22:57:39
10:03:00,8.43,0.02,49,41280,买盘,002571,2025-10-17 22:57:39
10:03:03,8.42,-0.01,2,1684,卖盘,002571,2025-10-17 22:57:39
10:03:06,8.43,0.01,16,13482,买盘,002571,2025-10-17 22:57:39
10:03:09,8.43,0.0,181,152572,买盘,002571,2025-10-17 22:57:39
10:03:12,8.43,0.0,136,114660,卖盘,002571,2025-10-17 22:57:39
10:03:15,8.44,0.01,315,265557,买盘,002571,2025-10-17 22:57:39
10:03:18,8.44,0.0,3,2532,买盘,002571,2025-10-17 22:57:39
10:03:21,8.44,0.0,16,13503,买盘,002571,2025-10-17 22:57:39
10:03:24,8.43,-0.01,41,34563,中性盘,002571,2025-10-17 22:57:39
10:03:27,8.43,0.0,37,31182,买盘,002571,2025-10-17 22:57:39
10:03:30,8.43,0.0,19,16017,买盘,002571,2025-10-17 22:57:39
10:03:33,8.43,0.0,200,168600,买盘,002571,2025-10-17 22:57:39
10:03:36,8.43,0.0,62,52266,买盘,002571,2025-10-17 22:57:39
10:03:39,8.43,0.0,86,72498,买盘,002571,2025-10-17 22:57:39
10:03:42,8.43,0.0,22,18546,买盘,002571,2025-10-17 22:57:39
10:03:45,8.43,0.0,50,42150,卖盘,002571,2025-10-17 22:57:39
10:03:51,8.44,0.01,45,37970,买盘,002571,2025-10-17 22:57:39
10:03:54,8.44,0.0,12,10128,买盘,002571,2025-10-17 22:57:39
10:03:57,8.44,0.0,16,13504,买盘,002571,2025-10-17 22:57:39
10:04:00,8.43,-0.01,101,85153,卖盘,002571,2025-10-17 22:57:39
10:04:03,8.44,0.01,51,43043,买盘,002571,2025-10-17 22:57:39
10:04:06,8.44,0.0,1,844,买盘,002571,2025-10-17 22:57:39
10:04:09,8.43,-0.01,2,1686,卖盘,002571,2025-10-17 22:57:39
10:04:12,8.44,0.01,53,44732,买盘,002571,2025-10-17 22:57:39
10:04:18,8.44,0.0,2,1688,买盘,002571,2025-10-17 22:57:39
10:04:21,8.44,0.0,14,11816,买盘,002571,2025-10-17 22:57:39
10:04:24,8.44,0.0,13,10972,买盘,002571,2025-10-17 22:57:39
10:04:27,8.44,0.0,105,88520,买盘,002571,2025-10-17 22:57:39
10:04:30,8.44,0.0,54,45575,买盘,002571,2025-10-17 22:57:39
10:04:33,8.44,0.0,321,270613,买盘,002571,2025-10-17 22:57:39
10:04:36,8.42,-0.02,204,171837,卖盘,002571,2025-10-17 22:57:39
10:04:39,8.42,0.0,233,196186,卖盘,002571,2025-10-17 22:57:39
10:04:42,8.43,0.01,247,208221,买盘,002571,2025-10-17 22:57:39
10:04:45,8.41,-0.02,519,437054,卖盘,002571,2025-10-17 22:57:39
10:04:48,8.41,0.0,11,9254,卖盘,002571,2025-10-17 22:57:39
10:04:51,8.42,0.01,30,25233,买盘,002571,2025-10-17 22:57:39
10:04:54,8.41,-0.01,58,48778,卖盘,002571,2025-10-17 22:57:39
10:04:57,8.41,0.0,110,92510,卖盘,002571,2025-10-17 22:57:39
10:05:00,8.41,0.0,365,306965,卖盘,002571,2025-10-17 22:57:39
10:05:03,8.41,0.0,141,118549,买盘,002571,2025-10-17 22:57:39
10:05:06,8.4,-0.01,73,61326,卖盘,002571,2025-10-17 22:57:39
10:05:09,8.4,0.0,26,21840,卖盘,002571,2025-10-17 22:57:39
10:05:12,8.4,0.0,31,26048,卖盘,002571,2025-10-17 22:57:39
10:05:15,8.4,0.0,30,25200,卖盘,002571,2025-10-17 22:57:39
10:05:18,8.4,0.0,9,7560,卖盘,002571,2025-10-17 22:57:39
10:05:21,8.41,0.01,118,99134,买盘,002571,2025-10-17 22:57:39
10:05:24,8.4,-0.01,771,647640,卖盘,002571,2025-10-17 22:57:39
10:05:27,8.39,-0.01,65,54537,卖盘,002571,2025-10-17 22:57:39
10:05:30,8.4,0.01,26,21817,买盘,002571,2025-10-17 22:57:39
10:05:33,8.39,-0.01,275,230727,卖盘,002571,2025-10-17 22:57:39
10:05:36,8.39,0.0,156,130906,买盘,002571,2025-10-17 22:57:39
10:05:39,8.4,0.01,1,840,买盘,002571,2025-10-17 22:57:39
10:05:42,8.38,-0.02,602,504517,卖盘,002571,2025-10-17 22:57:39
10:05:45,8.39,0.01,197,165203,买盘,002571,2025-10-17 22:57:39
10:05:48,8.39,0.0,132,110633,买盘,002571,2025-10-17 22:57:39
10:05:51,8.38,-0.01,74,62044,卖盘,002571,2025-10-17 22:57:39
10:05:57,8.38,0.0,14,11732,买盘,002571,2025-10-17 22:57:39
10:06:00,8.38,0.0,15,12570,买盘,002571,2025-10-17 22:57:39
10:06:03,8.39,0.01,148,124034,买盘,002571,2025-10-17 22:57:39
10:06:06,8.37,-0.02,149,124751,卖盘,002571,2025-10-17 22:57:39
10:06:09,8.38,0.01,18,15084,买盘,002571,2025-10-17 22:57:39
10:06:12,8.38,0.0,224,187682,买盘,002571,2025-10-17 22:57:39
10:06:18,8.39,0.01,282,236421,买盘,002571,2025-10-17 22:57:39
10:06:21,8.38,-0.01,73,61174,卖盘,002571,2025-10-17 22:57:39
10:06:24,8.37,-0.01,200,167400,卖盘,002571,2025-10-17 22:57:39
10:06:27,8.38,0.01,4,3352,买盘,002571,2025-10-17 22:57:39
10:06:30,8.38,0.0,223,186874,买盘,002571,2025-10-17 22:57:39
10:06:36,8.38,0.0,10,8380,卖盘,002571,2025-10-17 22:57:39
10:06:42,8.38,0.0,36,30179,卖盘,002571,2025-10-17 22:57:39
10:06:45,8.38,0.0,231,193559,卖盘,002571,2025-10-17 22:57:39
10:06:48,8.38,0.0,11,9218,买盘,002571,2025-10-17 22:57:39
10:06:51,8.39,0.01,255,213695,买盘,002571,2025-10-17 22:57:39
10:06:54,8.38,-0.01,244,204486,卖盘,002571,2025-10-17 22:57:39
10:06:57,8.39,0.01,104,87256,买盘,002571,2025-10-17 22:57:39
10:07:00,8.39,0.0,6,5034,买盘,002571,2025-10-17 22:57:39
10:07:03,8.39,0.0,74,62084,买盘,002571,2025-10-17 22:57:39
10:07:06,8.39,0.0,115,96485,买盘,002571,2025-10-17 22:57:39
10:07:09,8.39,0.0,15,12595,卖盘,002571,2025-10-17 22:57:39
10:07:12,8.39,0.0,101,84739,卖盘,002571,2025-10-17 22:57:39
10:07:15,8.4,0.01,9,7556,买盘,002571,2025-10-17 22:57:39
10:07:18,8.4,0.0,16,13440,买盘,002571,2025-10-17 22:57:39
10:07:21,8.4,0.0,214,179760,买盘,002571,2025-10-17 22:57:39
10:07:24,8.4,0.0,149,125160,买盘,002571,2025-10-17 22:57:39
10:07:27,8.4,0.0,139,116760,买盘,002571,2025-10-17 22:57:39
10:07:30,8.41,0.01,22,18501,买盘,002571,2025-10-17 22:57:39
10:07:33,8.41,0.0,7,5887,买盘,002571,2025-10-17 22:57:39
10:07:36,8.41,0.0,99,83209,买盘,002571,2025-10-17 22:57:39
10:07:39,8.41,0.0,30,25230,买盘,002571,2025-10-17 22:57:39
10:07:42,8.4,-0.01,53,44536,卖盘,002571,2025-10-17 22:57:39
10:07:45,8.41,0.01,12,10092,买盘,002571,2025-10-17 22:57:39
10:07:48,8.41,0.0,5,4205,买盘,002571,2025-10-17 22:57:39
10:07:51,8.41,0.0,19,15979,买盘,002571,2025-10-17 22:57:39
10:07:54,8.41,0.0,100,84100,卖盘,002571,2025-10-17 22:57:39
10:07:57,8.42,0.01,11,9260,买盘,002571,2025-10-17 22:57:39
10:08:00,8.42,0.0,11,9262,买盘,002571,2025-10-17 22:57:39
10:08:03,8.42,0.0,23,19365,买盘,002571,2025-10-17 22:57:39
10:08:09,8.42,0.0,30,25260,买盘,002571,2025-10-17 22:57:39
10:08:12,8.43,0.01,34,28635,买盘,002571,2025-10-17 22:57:39
10:08:15,8.41,-0.02,82,69003,卖盘,002571,2025-10-17 22:57:39
10:08:18,8.41,0.0,230,193431,卖盘,002571,2025-10-17 22:57:39
10:08:21,8.4,-0.01,76,63840,卖盘,002571,2025-10-17 22:57:39
10:08:24,8.41,0.01,17,14281,买盘,002571,2025-10-17 22:57:39
10:08:27,8.4,-0.01,251,210840,卖盘,002571,2025-10-17 22:57:39
10:08:30,8.39,-0.01,95,79740,卖盘,002571,2025-10-17 22:57:39
10:08:33,8.4,0.01,49,41126,买盘,002571,2025-10-17 22:57:39
10:08:36,8.4,0.0,326,273840,买盘,002571,2025-10-17 22:57:39
10:08:39,8.4,0.0,64,53760,买盘,002571,2025-10-17 22:57:39
10:08:45,8.41,0.01,12,10092,买盘,002571,2025-10-17 22:57:39
10:08:51,8.4,-0.01,16,13451,卖盘,002571,2025-10-17 22:57:39
10:08:54,8.41,0.01,168,141288,买盘,002571,2025-10-17 22:57:39
10:08:57,8.41,0.0,16,13456,买盘,002571,2025-10-17 22:57:39
10:09:00,8.41,0.0,76,63906,买盘,002571,2025-10-17 22:57:39
10:09:03,8.41,0.0,7,5887,卖盘,002571,2025-10-17 22:57:39
10:09:06,8.41,0.0,18,15147,卖盘,002571,2025-10-17 22:57:39
10:09:09,8.41,0.0,56,47096,卖盘,002571,2025-10-17 22:57:39
10:09:15,8.42,0.01,15,12627,买盘,002571,2025-10-17 22:57:39
10:09:21,8.42,0.0,189,159138,买盘,002571,2025-10-17 22:57:39
10:09:24,8.41,-0.01,100,84100,卖盘,002571,2025-10-17 22:57:39
10:09:27,8.41,0.0,2,1683,卖盘,002571,2025-10-17 22:57:39
10:09:30,8.41,0.0,18,15139,卖盘,002571,2025-10-17 22:57:39
10:09:33,8.41,0.0,89,74920,卖盘,002571,2025-10-17 22:57:39
10:09:36,8.42,0.01,106,89252,买盘,002571,2025-10-17 22:57:39
10:09:39,8.42,0.0,1,842,卖盘,002571,2025-10-17 22:57:39
10:09:42,8.43,0.01,24,20209,买盘,002571,2025-10-17 22:57:39
10:09:45,8.42,-0.01,28,23576,卖盘,002571,2025-10-17 22:57:39
10:09:48,8.42,0.0,50,42100,卖盘,002571,2025-10-17 22:57:39
10:09:51,8.42,0.0,112,94280,买盘,002571,2025-10-17 22:57:39
10:09:54,8.41,-0.01,155,130357,卖盘,002571,2025-10-17 22:57:39
10:09:57,8.41,0.0,142,119440,卖盘,002571,2025-10-17 22:57:39
10:10:00,8.41,0.0,217,182479,买盘,002571,2025-10-17 22:57:39
10:10:03,8.41,0.0,10,8409,买盘,002571,2025-10-17 22:57:39
10:10:06,8.41,0.0,74,62226,买盘,002571,2025-10-17 22:57:39
10:10:09,8.41,0.0,134,112594,买盘,002571,2025-10-17 22:57:39
10:10:12,8.41,0.0,41,34481,买盘,002571,2025-10-17 22:57:39
10:10:15,8.42,0.01,6,5052,买盘,002571,2025-10-17 22:57:39
10:10:18,8.42,0.0,20,16840,买盘,002571,2025-10-17 22:57:39
10:10:21,8.42,0.0,143,120381,买盘,002571,2025-10-17 22:57:39
10:10:24,8.42,0.0,111,93462,买盘,002571,2025-10-17 22:57:39
10:10:27,8.42,0.0,3,2526,买盘,002571,2025-10-17 22:57:39
10:10:30,8.41,-0.01,141,118670,卖盘,002571,2025-10-17 22:57:39
10:10:36,8.42,0.01,15,12630,买盘,002571,2025-10-17 22:57:39
10:10:42,8.42,0.0,291,245022,买盘,002571,2025-10-17 22:57:39
10:10:45,8.42,0.0,64,53872,卖盘,002571,2025-10-17 22:57:39
10:10:51,8.42,0.0,43,36206,买盘,002571,2025-10-17 22:57:39
10:10:54,8.41,-0.01,290,243901,卖盘,002571,2025-10-17 22:57:39
10:10:57,8.42,0.01,57,47964,买盘,002571,2025-10-17 22:57:39
10:11:03,8.42,0.0,41,34498,买盘,002571,2025-10-17 22:57:39
10:11:06,8.41,-0.01,303,254834,卖盘,002571,2025-10-17 22:57:39
10:11:09,8.41,0.0,301,253149,卖盘,002571,2025-10-17 22:57:39
10:11:12,8.41,0.0,202,169882,卖盘,002571,2025-10-17 22:57:39
10:11:15,8.4,-0.01,334,280881,卖盘,002571,2025-10-17 22:57:39
10:11:18,8.41,0.01,3,2522,买盘,002571,2025-10-17 22:57:39
10:11:27,8.41,0.0,116,97556,买盘,002571,2025-10-17 22:57:39
10:11:30,8.42,0.01,99,83263,买盘,002571,2025-10-17 22:57:39
10:11:33,8.41,-0.01,86,72320,买盘,002571,2025-10-17 22:57:39
10:11:36,8.41,0.0,14,11772,买盘,002571,2025-10-17 22:57:39
10:11:39,8.4,-0.01,8,6720,卖盘,002571,2025-10-17 22:57:39
10:11:42,8.41,0.01,30,25230,买盘,002571,2025-10-17 22:57:39
10:11:45,8.41,0.0,11,9251,买盘,002571,2025-10-17 22:57:39
10:11:48,8.41,0.0,14,11763,买盘,002571,2025-10-17 22:57:39
10:11:51,8.4,-0.01,330,277299,卖盘,002571,2025-10-17 22:57:39
10:11:54,8.4,0.0,51,42841,卖盘,002571,2025-10-17 22:57:39
10:11:57,8.4,0.0,231,194040,卖盘,002571,2025-10-17 22:57:39
10:12:00,8.4,0.0,84,70560,买盘,002571,2025-10-17 22:57:39
10:12:03,8.4,0.0,26,21837,买盘,002571,2025-10-17 22:57:39
10:12:06,8.39,-0.01,4,3357,卖盘,002571,2025-10-17 22:57:39
10:12:09,8.4,0.01,13,10916,买盘,002571,2025-10-17 22:57:39
10:12:12,8.39,-0.01,34,28549,卖盘,002571,2025-10-17 22:57:39
10:12:15,8.39,0.0,15,12585,卖盘,002571,2025-10-17 22:57:39
10:12:18,8.4,0.01,50,42000,买盘,002571,2025-10-17 22:57:39
10:12:21,8.4,0.0,133,111720,买盘,002571,2025-10-17 22:57:39
10:12:24,8.39,-0.01,8,6712,卖盘,002571,2025-10-17 22:57:39
10:12:30,8.39,0.0,120,100782,卖盘,002571,2025-10-17 22:57:39
10:12:33,8.4,0.01,88,73920,中性盘,002571,2025-10-17 22:57:39
10:12:36,8.4,0.0,7,5880,卖盘,002571,2025-10-17 22:57:39
10:12:42,8.4,0.0,605,508774,卖盘,002571,2025-10-17 22:57:39
10:12:45,8.41,0.01,25,21025,买盘,002571,2025-10-17 22:57:39
10:12:48,8.4,-0.01,19,15968,卖盘,002571,2025-10-17 22:57:39
10:12:51,8.41,0.01,1,841,买盘,002571,2025-10-17 22:57:39
10:12:54,8.4,-0.01,2,1680,卖盘,002571,2025-10-17 22:57:39
10:12:57,8.41,0.01,69,58029,买盘,002571,2025-10-17 22:57:39
10:13:00,8.42,0.01,2,1684,买盘,002571,2025-10-17 22:57:39
10:13:03,8.41,-0.01,1,841,卖盘,002571,2025-10-17 22:57:39
10:13:06,8.42,0.01,2,1684,买盘,002571,2025-10-17 22:57:39
10:13:09,8.42,0.0,8,6736,买盘,002571,2025-10-17 22:57:39
10:13:12,8.42,0.0,6,5052,买盘,002571,2025-10-17 22:57:39
10:13:15,8.41,-0.01,168,141288,卖盘,002571,2025-10-17 22:57:39
10:13:18,8.42,0.01,15,12622,买盘,002571,2025-10-17 22:57:39
10:13:24,8.41,-0.01,19,15994,卖盘,002571,2025-10-17 22:57:39
10:13:27,8.4,-0.01,4,3360,卖盘,002571,2025-10-17 22:57:39
10:13:30,8.41,0.01,1,841,买盘,002571,2025-10-17 22:57:39
10:13:33,8.42,0.01,15,12624,买盘,002571,2025-10-17 22:57:39
10:13:36,8.42,0.0,15,12630,买盘,002571,2025-10-17 22:57:39
10:13:39,8.42,0.0,35,29461,买盘,002571,2025-10-17 22:57:39
10:13:42,8.41,-0.01,188,158190,卖盘,002571,2025-10-17 22:57:39
10:13:54,8.41,0.0,14,11774,卖盘,002571,2025-10-17 22:57:39
10:13:57,8.42,0.01,16,13472,买盘,002571,2025-10-17 22:57:39
10:14:00,8.41,-0.01,36,30307,卖盘,002571,2025-10-17 22:57:39
10:14:03,8.42,0.01,31,26101,买盘,002571,2025-10-17 22:57:39
10:14:06,8.42,0.0,7,5894,买盘,002571,2025-10-17 22:57:39
10:14:09,8.42,0.0,11,9262,买盘,002571,2025-10-17 22:57:39
10:14:12,8.42,0.0,40,33680,买盘,002571,2025-10-17 22:57:39
10:14:15,8.42,0.0,2,1684,买盘,002571,2025-10-17 22:57:39
10:14:21,8.42,0.0,7,5894,买盘,002571,2025-10-17 22:57:39
10:14:24,8.43,0.01,712,599522,买盘,002571,2025-10-17 22:57:39
10:14:27,8.42,-0.01,32,26958,卖盘,002571,2025-10-17 22:57:39
10:14:30,8.43,0.01,13,10951,买盘,002571,2025-10-17 22:57:39
10:14:33,8.42,-0.01,72,60671,卖盘,002571,2025-10-17 22:57:39
10:14:36,8.43,0.01,206,173657,买盘,002571,2025-10-17 22:57:39
10:14:39,8.43,0.0,22,18546,买盘,002571,2025-10-17 22:57:39
10:14:42,8.43,0.0,46,38778,买盘,002571,2025-10-17 22:57:39
10:14:51,8.45,0.02,445,375589,买盘,002571,2025-10-17 22:57:39
10:14:54,8.45,0.0,173,146185,买盘,002571,2025-10-17 22:57:39
10:14:57,8.45,0.0,160,135166,买盘,002571,2025-10-17 22:57:39
10:15:00,8.45,0.0,122,103090,买盘,002571,2025-10-17 22:57:39
10:15:03,8.45,0.0,34,28728,买盘,002571,2025-10-17 22:57:39
10:15:06,8.45,0.0,2,1690,买盘,002571,2025-10-17 22:57:39
10:15:09,8.44,-0.01,330,278597,卖盘,002571,2025-10-17 22:57:39
10:15:12,8.44,0.0,543,458242,卖盘,002571,2025-10-17 22:57:39
10:15:15,8.42,-0.02,625,526500,卖盘,002571,2025-10-17 22:57:39
10:15:18,8.41,-0.01,1544,1299914,卖盘,002571,2025-10-17 22:57:39
10:15:21,8.4,-0.01,338,283920,卖盘,002571,2025-10-17 22:57:39
10:15:24,8.39,-0.01,259,217414,卖盘,002571,2025-10-17 22:57:39
10:15:27,8.39,0.0,85,71316,卖盘,002571,2025-10-17 22:57:39
10:15:30,8.39,0.0,212,177875,卖盘,002571,2025-10-17 22:57:39
10:15:33,8.39,0.0,56,46984,卖盘,002571,2025-10-17 22:57:39
10:15:36,8.4,0.01,59,49549,买盘,002571,2025-10-17 22:57:39
10:15:39,8.39,-0.01,42,35260,卖盘,002571,2025-10-17 22:57:39
10:15:42,8.4,0.01,32,26880,买盘,002571,2025-10-17 22:57:39
10:15:45,8.4,0.0,51,42840,买盘,002571,2025-10-17 22:57:39
10:15:48,8.39,-0.01,340,285297,卖盘,002571,2025-10-17 22:57:39
10:15:51,8.39,0.0,30,25170,卖盘,002571,2025-10-17 22:57:39
10:15:54,8.39,0.0,134,112426,卖盘,002571,2025-10-17 22:57:39
10:15:57,8.39,0.0,27,22653,卖盘,002571,2025-10-17 22:57:39
10:16:00,8.39,0.0,215,180321,买盘,002571,2025-10-17 22:57:39
10:16:03,8.39,0.0,205,171869,买盘,002571,2025-10-17 22:57:39
10:16:06,8.39,0.0,15,12585,买盘,002571,2025-10-17 22:57:39
10:16:09,8.38,-0.01,27,22647,卖盘,002571,2025-10-17 22:57:39
10:16:12,8.39,0.01,27,22653,买盘,002571,2025-10-17 22:57:39
10:16:18,8.39,0.0,422,354058,买盘,002571,2025-10-17 22:57:39
10:16:21,8.4,0.01,8,6719,买盘,002571,2025-10-17 22:57:39
10:16:27,8.4,0.0,14,11760,买盘,002571,2025-10-17 22:57:39
10:16:30,8.4,0.0,463,388937,买盘,002571,2025-10-17 22:57:39
10:16:36,8.41,0.01,12,10092,买盘,002571,2025-10-17 22:57:39
10:16:39,8.41,0.0,56,47096,买盘,002571,2025-10-17 22:57:39
10:16:42,8.41,0.0,5,4205,买盘,002571,2025-10-17 22:57:39
10:16:45,8.41,0.0,51,42897,卖盘,002571,2025-10-17 22:57:39
10:16:48,8.42,0.01,54,45468,买盘,002571,2025-10-17 22:57:39
10:16:51,8.4,-0.02,21,17652,卖盘,002571,2025-10-17 22:57:39
10:16:54,8.4,0.0,91,76442,卖盘,002571,2025-10-17 22:57:39
10:16:57,8.4,0.0,78,65568,卖盘,002571,2025-10-17 22:57:39
10:17:00,8.4,0.0,20,16800,买盘,002571,2025-10-17 22:57:39
10:17:03,8.4,0.0,33,27719,买盘,002571,2025-10-17 22:57:39
10:17:06,8.41,0.01,11,9251,买盘,002571,2025-10-17 22:57:39
10:17:15,8.41,0.0,35,29435,买盘,002571,2025-10-17 22:57:39
10:17:18,8.41,0.0,65,54665,买盘,002571,2025-10-17 22:57:39
10:17:21,8.41,0.0,36,30276,买盘,002571,2025-10-17 22:57:39
10:17:24,8.41,0.0,20,16820,买盘,002571,2025-10-17 22:57:39
10:17:27,8.41,0.0,1,841,买盘,002571,2025-10-17 22:57:39
10:17:30,8.41,0.0,42,35322,买盘,002571,2025-10-17 22:57:39
10:17:33,8.41,0.0,10,8410,买盘,002571,2025-10-17 22:57:39
10:17:36,8.41,0.0,63,52983,买盘,002571,2025-10-17 22:57:39
10:17:39,8.41,0.0,16,13456,买盘,002571,2025-10-17 22:57:39
10:17:45,8.41,0.0,6,5046,买盘,002571,2025-10-17 22:57:39
10:17:48,8.41,0.0,46,38686,买盘,002571,2025-10-17 22:57:39
10:17:51,8.41,0.0,99,83259,买盘,002571,2025-10-17 22:57:39
10:17:54,8.41,0.0,26,21866,买盘,002571,2025-10-17 22:57:39
10:18:00,8.41,0.0,148,124468,买盘,002571,2025-10-17 22:57:39
10:18:03,8.41,0.0,135,113534,买盘,002571,2025-10-17 22:57:39
10:18:09,8.4,-0.01,59,49600,卖盘,002571,2025-10-17 22:57:39
10:18:15,8.41,0.01,31,26071,买盘,002571,2025-10-17 22:57:39
10:18:21,8.4,-0.01,20,16800,卖盘,002571,2025-10-17 22:57:39
10:18:39,8.4,0.0,53,44520,卖盘,002571,2025-10-17 22:57:39
10:18:42,8.4,0.0,197,165480,卖盘,002571,2025-10-17 22:57:39
10:18:45,8.4,0.0,278,233520,卖盘,002571,2025-10-17 22:57:39
10:18:48,8.4,0.0,47,39480,卖盘,002571,2025-10-17 22:57:39
10:18:51,8.4,0.0,72,60412,买盘,002571,2025-10-17 22:57:39
10:18:54,8.39,-0.01,14,11756,卖盘,002571,2025-10-17 22:57:39
10:18:57,8.4,0.01,16,13440,买盘,002571,2025-10-17 22:57:39
10:19:00,8.39,-0.01,25,20977,卖盘,002571,2025-10-17 22:57:39
10:19:03,8.4,0.01,117,98239,买盘,002571,2025-10-17 22:57:39
10:19:06,8.38,-0.02,785,658641,卖盘,002571,2025-10-17 22:57:39
10:19:09,8.39,0.01,53,44467,买盘,002571,2025-10-17 22:57:39
10:19:12,8.39,0.0,157,131723,买盘,002571,2025-10-17 22:57:39
10:19:15,8.39,0.0,6,5029,买盘,002571,2025-10-17 22:57:39
10:19:18,8.39,0.0,6,5034,买盘,002571,2025-10-17 22:57:39
10:19:21,8.39,0.0,31,26009,买盘,002571,2025-10-17 22:57:39
10:19:24,8.39,0.0,6,5034,买盘,002571,2025-10-17 22:57:39
10:19:27,8.39,0.0,1,839,买盘,002571,2025-10-17 22:57:39
10:19:30,8.38,-0.01,1,838,卖盘,002571,2025-10-17 22:57:39
10:19:33,8.39,0.01,15,12585,买盘,002571,2025-10-17 22:57:39
10:19:36,8.38,-0.01,83,69635,卖盘,002571,2025-10-17 22:57:39
10:19:39,8.4,0.02,6,5040,买盘,002571,2025-10-17 22:57:39
10:19:42,8.38,-0.02,83,69636,卖盘,002571,2025-10-17 22:57:39
10:19:48,8.39,0.01,236,197809,买盘,002571,2025-10-17 22:57:39
10:19:51,8.39,0.0,56,46929,买盘,002571,2025-10-17 22:57:39
10:19:54,8.39,0.0,20,16780,买盘,002571,2025-10-17 22:57:39
10:20:00,8.39,0.0,8,6712,买盘,002571,2025-10-17 22:57:39
10:20:03,8.39,0.0,220,184381,卖盘,002571,2025-10-17 22:57:39
10:20:06,8.39,0.0,42,35238,买盘,002571,2025-10-17 22:57:39
10:20:09,8.39,0.0,169,141791,买盘,002571,2025-10-17 22:57:39
10:20:12,8.39,0.0,2,1678,买盘,002571,2025-10-17 22:57:39
10:20:15,8.39,0.0,302,253112,买盘,002571,2025-10-17 22:57:39
10:20:18,8.38,-0.01,597,500249,卖盘,002571,2025-10-17 22:57:39
10:20:21,8.37,-0.01,161,134767,卖盘,002571,2025-10-17 22:57:39
10:20:24,8.37,0.0,68,56849,买盘,002571,2025-10-17 22:57:39
10:20:27,8.36,-0.01,28,23424,卖盘,002571,2025-10-17 22:57:39
10:20:30,8.36,0.0,187,156373,卖盘,002571,2025-10-17 22:57:39
10:20:33,8.36,0.0,134,112037,卖盘,002571,2025-10-17 22:57:39
10:20:36,8.36,0.0,38,31733,买盘,002571,2025-10-17 22:57:39
10:20:39,8.36,0.0,218,182248,买盘,002571,2025-10-17 22:57:39
10:20:42,8.35,-0.01,1,835,卖盘,002571,2025-10-17 22:57:39
10:20:45,8.35,0.0,639,533565,卖盘,002571,2025-10-17 22:57:39
10:20:48,8.34,-0.01,18,15012,卖盘,002571,2025-10-17 22:57:39
10:20:51,8.33,-0.01,206,171734,卖盘,002571,2025-10-17 22:57:39
10:20:54,8.35,0.02,30,25050,买盘,002571,2025-10-17 22:57:39
10:20:57,8.35,0.0,14,11690,买盘,002571,2025-10-17 22:57:39
10:21:00,8.35,0.0,5,4175,买盘,002571,2025-10-17 22:57:39
10:21:03,8.35,0.0,19,15850,买盘,002571,2025-10-17 22:57:39
10:21:06,8.35,0.0,2,1670,买盘,002571,2025-10-17 22:57:39
10:21:09,8.34,-0.01,8,6666,中性盘,002571,2025-10-17 22:57:39
10:21:12,8.33,-0.01,71,59263,卖盘,002571,2025-10-17 22:57:39
10:21:15,8.34,0.01,24,20013,买盘,002571,2025-10-17 22:57:39
10:21:21,8.34,0.0,50,41700,卖盘,002571,2025-10-17 22:57:39
10:21:24,8.34,0.0,113,94242,卖盘,002571,2025-10-17 22:57:39
10:21:27,8.34,0.0,11,9174,买盘,002571,2025-10-17 22:57:39
10:21:30,8.35,0.01,8,6680,买盘,002571,2025-10-17 22:57:39
10:21:33,8.34,-0.01,30,25020,卖盘,002571,2025-10-17 22:57:39
10:21:42,8.35,0.01,17,14195,买盘,002571,2025-10-17 22:57:39
10:21:45,8.35,0.0,109,90997,买盘,002571,2025-10-17 22:57:39
10:21:48,8.36,0.01,3,2508,买盘,002571,2025-10-17 22:57:39
10:21:54,8.36,0.0,2,1672,买盘,002571,2025-10-17 22:57:39
10:21:57,8.36,0.0,8,6688,买盘,002571,2025-10-17 22:57:39
10:22:00,8.35,-0.01,233,194562,卖盘,002571,2025-10-17 22:57:39
10:22:03,8.35,0.0,58,48487,卖盘,002571,2025-10-17 22:57:39
10:22:06,8.35,0.0,10,8350,卖盘,002571,2025-10-17 22:57:39
10:22:09,8.35,0.0,11,9185,买盘,002571,2025-10-17 22:57:39
10:22:12,8.35,0.0,178,148630,卖盘,002571,2025-10-17 22:57:39
10:22:15,8.35,0.0,27,22545,买盘,002571,2025-10-17 22:57:39
10:22:18,8.35,0.0,4,3340,买盘,002571,2025-10-17 22:57:39
10:22:21,8.35,0.0,301,251335,买盘,002571,2025-10-17 22:57:39
10:22:27,8.35,0.0,61,50935,卖盘,002571,2025-10-17 22:57:39
10:22:30,8.34,-0.01,10,8346,卖盘,002571,2025-10-17 22:57:39
10:22:33,8.35,0.01,12,10020,买盘,002571,2025-10-17 22:57:39
10:22:36,8.35,0.0,132,110220,买盘,002571,2025-10-17 22:57:39
10:22:42,8.35,0.0,2,1670,卖盘,002571,2025-10-17 22:57:39
10:22:48,8.36,0.01,10,8360,买盘,002571,2025-10-17 22:57:39
10:22:51,8.36,0.0,7,5851,买盘,002571,2025-10-17 22:57:39
10:22:54,8.35,-0.01,68,56780,卖盘,002571,2025-10-17 22:57:39
10:22:57,8.35,0.0,173,144455,卖盘,002571,2025-10-17 22:57:39
10:23:00,8.35,0.0,204,170302,卖盘,002571,2025-10-17 22:57:39
10:23:03,8.34,-0.01,194,161908,卖盘,002571,2025-10-17 22:57:39
10:23:06,8.35,0.01,786,656741,买盘,002571,2025-10-17 22:57:39
10:23:09,8.35,0.0,4,3340,买盘,002571,2025-10-17 22:57:39
10:23:12,8.35,0.0,137,114395,买盘,002571,2025-10-17 22:57:39
10:23:15,8.36,0.01,6,5016,买盘,002571,2025-10-17 22:57:39
10:23:18,8.35,-0.01,26,21710,卖盘,002571,2025-10-17 22:57:39
10:23:21,8.35,0.0,100,83500,卖盘,002571,2025-10-17 22:57:39
10:23:24,8.36,0.01,5,4180,买盘,002571,2025-10-17 22:57:39
10:23:27,8.36,0.0,82,68552,买盘,002571,2025-10-17 22:57:39
10:23:30,8.36,0.0,4,3344,卖盘,002571,2025-10-17 22:57:39
10:23:39,8.37,0.01,16,13392,买盘,002571,2025-10-17 22:57:39
10:23:42,8.37,0.0,64,53568,买盘,002571,2025-10-17 22:57:39
10:23:51,8.37,0.0,68,56921,卖盘,002571,2025-10-17 22:57:39
10:23:54,8.38,0.01,189,158376,买盘,002571,2025-10-17 22:57:39
10:23:57,8.38,0.0,27,22626,卖盘,002571,2025-10-17 22:57:39
10:24:00,8.39,0.01,60,50313,买盘,002571,2025-10-17 22:57:39
10:24:03,8.38,-0.01,107,89671,卖盘,002571,2025-10-17 22:57:39
10:24:06,8.39,0.01,45,37755,买盘,002571,2025-10-17 22:57:39
10:24:09,8.39,0.0,110,92290,买盘,002571,2025-10-17 22:57:39
10:24:12,8.39,0.0,88,73832,买盘,002571,2025-10-17 22:57:39
10:24:15,8.39,0.0,20,16780,买盘,002571,2025-10-17 22:57:39
10:24:18,8.39,0.0,15,12590,卖盘,002571,2025-10-17 22:57:39
10:24:21,8.38,-0.01,62,52002,卖盘,002571,2025-10-17 22:57:39
10:24:24,8.38,0.0,116,97239,卖盘,002571,2025-10-17 22:57:39
10:24:27,8.37,-0.01,568,475971,卖盘,002571,2025-10-17 22:57:39
10:24:30,8.36,-0.01,204,170704,卖盘,002571,2025-10-17 22:57:39
10:24:33,8.36,0.0,46,38461,卖盘,002571,2025-10-17 22:57:39
10:24:36,8.35,-0.01,1,835,卖盘,002571,2025-10-17 22:57:39
10:24:39,8.37,0.02,299,250016,买盘,002571,2025-10-17 22:57:39
10:24:42,8.37,0.0,68,56916,卖盘,002571,2025-10-17 22:57:39
10:24:51,8.37,0.0,5,4185,买盘,002571,2025-10-17 22:57:39
10:24:57,8.37,0.0,3,2511,买盘,002571,2025-10-17 22:57:39
10:25:00,8.37,0.0,135,112995,买盘,002571,2025-10-17 22:57:39
10:25:03,8.37,0.0,4,3346,买盘,002571,2025-10-17 22:57:39
10:25:09,8.38,0.01,13,10894,买盘,002571,2025-10-17 22:57:39
10:25:12,8.38,0.0,1,838,买盘,002571,2025-10-17 22:57:39
10:25:15,8.38,0.0,5,4190,买盘,002571,2025-10-17 22:57:39
10:25:18,8.38,0.0,36,30168,买盘,002571,2025-10-17 22:57:39
10:25:21,8.38,0.0,120,100444,买盘,002571,2025-10-17 22:57:39
10:25:24,8.37,-0.01,12,10044,卖盘,002571,2025-10-17 22:57:39
10:25:27,8.38,0.01,11,9218,买盘,002571,2025-10-17 22:57:39
10:25:30,8.37,-0.01,4,3348,卖盘,002571,2025-10-17 22:57:39
10:25:33,8.38,0.01,5,4190,买盘,002571,2025-10-17 22:57:39
10:25:42,8.38,0.0,2,1676,买盘,002571,2025-10-17 22:57:39
10:25:45,8.38,0.0,194,162572,买盘,002571,2025-10-17 22:57:39
10:25:48,8.38,0.0,8,6704,卖盘,002571,2025-10-17 22:57:39
10:26:03,8.38,0.0,205,171797,卖盘,002571,2025-10-17 22:57:39
10:26:06,8.39,0.01,421,353158,买盘,002571,2025-10-17 22:57:39
10:26:09,8.38,-0.01,40,33520,买盘,002571,2025-10-17 22:57:39
10:26:12,8.39,0.01,224,187936,买盘,002571,2025-10-17 22:57:39
10:26:15,8.39,0.0,31,25989,买盘,002571,2025-10-17 22:57:39
10:26:18,8.39,0.0,12,10068,买盘,002571,2025-10-17 22:57:39
10:26:21,8.39,0.0,148,124172,买盘,002571,2025-10-17 22:57:39
10:26:24,8.4,0.01,95,79691,买盘,002571,2025-10-17 22:57:39
10:26:27,8.39,-0.01,45,37755,卖盘,002571,2025-10-17 22:57:39
10:26:33,8.4,0.01,190,159600,买盘,002571,2025-10-17 22:57:39
10:26:39,8.4,0.0,259,217560,买盘,002571,2025-10-17 22:57:39
10:26:42,8.41,0.01,4,3364,买盘,002571,2025-10-17 22:57:39
10:26:45,8.41,0.0,47,39499,买盘,002571,2025-10-17 22:57:39
10:26:48,8.41,0.0,28,23548,买盘,002571,2025-10-17 22:57:39
10:26:51,8.4,-0.01,6,5045,卖盘,002571,2025-10-17 22:57:39
10:26:54,8.41,0.01,69,58029,买盘,002571,2025-10-17 22:57:39
10:26:57,8.41,0.0,6,5046,买盘,002571,2025-10-17 22:57:39
10:27:00,8.41,0.0,5,4205,买盘,002571,2025-10-17 22:57:39
10:27:03,8.4,-0.01,12,10091,卖盘,002571,2025-10-17 22:57:39
10:27:06,8.41,0.01,10,8410,买盘,002571,2025-10-17 22:57:39
10:27:09,8.41,0.0,28,23548,买盘,002571,2025-10-17 22:57:39
10:27:12,8.42,0.01,505,425112,买盘,002571,2025-10-17 22:57:39
10:27:15,8.41,-0.01,100,84109,卖盘,002571,2025-10-17 22:57:39
10:27:21,8.41,0.0,46,38686,卖盘,002571,2025-10-17 22:57:39
10:27:24,8.42,0.01,2,1684,买盘,002571,2025-10-17 22:57:39
10:27:27,8.42,0.0,4,3368,买盘,002571,2025-10-17 22:57:39
10:27:30,8.41,-0.01,87,73174,卖盘,002571,2025-10-17 22:57:39
10:27:33,8.41,0.0,20,16820,买盘,002571,2025-10-17 22:57:39
10:27:36,8.41,0.0,10,8410,买盘,002571,2025-10-17 22:57:39
10:27:39,8.4,-0.01,43,36121,卖盘,002571,2025-10-17 22:57:39
10:27:42,8.4,0.0,142,119266,卖盘,002571,2025-10-17 22:57:39
10:27:45,8.39,-0.01,61,51179,卖盘,002571,2025-10-17 22:57:39
10:27:48,8.4,0.01,141,118309,买盘,002571,2025-10-17 22:57:39
10:27:51,8.39,-0.01,6,5034,买盘,002571,2025-10-17 22:57:39
10:27:54,8.39,0.0,22,18458,买盘,002571,2025-10-17 22:57:39
10:27:57,8.39,0.0,17,14263,买盘,002571,2025-10-17 22:57:39
10:28:00,8.39,0.0,7,5873,买盘,002571,2025-10-17 22:57:39
10:28:03,8.39,0.0,2,1678,卖盘,002571,2025-10-17 22:57:39
10:28:06,8.38,-0.01,42,35216,卖盘,002571,2025-10-17 22:57:39
10:28:09,8.39,0.01,17,14269,卖盘,002571,2025-10-17 22:57:39
10:28:12,8.39,0.0,13,10895,买盘,002571,2025-10-17 22:57:39
10:28:15,8.38,-0.01,74,62012,卖盘,002571,2025-10-17 22:57:39
10:28:18,8.39,0.01,316,264919,买盘,002571,2025-10-17 22:57:39
10:28:21,8.37,-0.02,117,97947,卖盘,002571,2025-10-17 22:57:39
10:28:24,8.38,0.01,28,23452,买盘,002571,2025-10-17 22:57:39
10:28:27,8.37,-0.01,33,27621,卖盘,002571,2025-10-17 22:57:39
10:28:30,8.37,0.0,85,71194,买盘,002571,2025-10-17 22:57:39
10:28:33,8.37,0.0,9,7533,买盘,002571,2025-10-17 22:57:39
10:28:36,8.38,0.01,110,92017,买盘,002571,2025-10-17 22:57:39
10:28:39,8.36,-0.02,206,172354,卖盘,002571,2025-10-17 22:57:39
10:28:45,8.37,0.01,20,16740,买盘,002571,2025-10-17 22:57:39
10:28:48,8.37,0.0,6,5022,买盘,002571,2025-10-17 22:57:39
10:28:51,8.37,0.0,11,9207,买盘,002571,2025-10-17 22:57:39
10:28:54,8.36,-0.01,180,150720,卖盘,002571,2025-10-17 22:57:39
10:28:57,8.38,0.02,6,5028,买盘,002571,2025-10-17 22:57:39
10:29:00,8.38,0.0,27,22626,买盘,002571,2025-10-17 22:57:39
10:29:03,8.38,0.0,78,65364,卖盘,002571,2025-10-17 22:57:39
10:29:06,8.39,0.01,18,15096,买盘,002571,2025-10-17 22:57:39
10:29:09,8.38,-0.01,5,4190,卖盘,002571,2025-10-17 22:57:39
10:29:12,8.38,0.0,28,23464,卖盘,002571,2025-10-17 22:57:39
10:29:15,8.38,0.0,19,15922,买盘,002571,2025-10-17 22:57:39
10:29:18,8.39,0.01,58,48612,买盘,002571,2025-10-17 22:57:39
10:29:24,8.38,-0.01,5,4190,卖盘,002571,2025-10-17 22:57:39
10:29:27,8.39,0.01,10,8390,买盘,002571,2025-10-17 22:57:39
10:29:30,8.38,-0.01,26,21788,卖盘,002571,2025-10-17 22:57:39
10:29:33,8.38,0.0,130,109033,卖盘,002571,2025-10-17 22:57:39
10:29:36,8.38,0.0,125,104750,卖盘,002571,2025-10-17 22:57:39
10:29:39,8.37,-0.01,152,127311,卖盘,002571,2025-10-17 22:57:39
10:29:42,8.37,0.0,19,15906,卖盘,002571,2025-10-17 22:57:39
10:29:45,8.38,0.01,5,4190,买盘,002571,2025-10-17 22:57:39
10:29:48,8.38,0.0,49,41062,买盘,002571,2025-10-17 22:57:39
10:29:54,8.38,0.0,10,8380,买盘,002571,2025-10-17 22:57:39
10:29:57,8.39,0.01,12,10068,买盘,002571,2025-10-17 22:57:39
10:30:00,8.38,-0.01,1,838,卖盘,002571,2025-10-17 22:57:39
10:30:03,8.39,0.01,71,59531,买盘,002571,2025-10-17 22:57:39
10:30:06,8.37,-0.02,4,3348,卖盘,002571,2025-10-17 22:57:39
10:30:09,8.39,0.02,11,9229,买盘,002571,2025-10-17 22:57:39
10:30:15,8.38,-0.01,27,22627,卖盘,002571,2025-10-17 22:57:39
10:30:18,8.39,0.01,41,34387,买盘,002571,2025-10-17 22:57:39
10:30:27,8.39,0.0,26,21814,买盘,002571,2025-10-17 22:57:39
10:30:30,8.38,-0.01,3,2516,卖盘,002571,2025-10-17 22:57:39
10:30:36,8.38,0.0,232,194583,卖盘,002571,2025-10-17 22:57:39
10:30:42,8.38,0.0,17,14246,卖盘,002571,2025-10-17 22:57:39
10:30:45,8.39,0.01,8,6709,买盘,002571,2025-10-17 22:57:39
10:30:48,8.38,-0.01,103,86314,卖盘,002571,2025-10-17 22:57:39
10:30:51,8.38,0.0,5,4190,卖盘,002571,2025-10-17 22:57:39
10:31:00,8.39,0.01,1,839,买盘,002571,2025-10-17 22:57:39
10:31:09,8.39,0.0,269,225591,买盘,002571,2025-10-17 22:57:39
10:31:12,8.38,-0.01,59,49477,卖盘,002571,2025-10-17 22:57:39
10:31:15,8.38,0.0,48,40225,卖盘,002571,2025-10-17 22:57:39
10:31:18,8.38,0.0,72,60336,买盘,002571,2025-10-17 22:57:39
10:31:21,8.37,-0.01,1,837,卖盘,002571,2025-10-17 22:57:39
10:31:24,8.37,0.0,138,115605,卖盘,002571,2025-10-17 22:57:39
10:31:27,8.37,0.0,653,546561,卖盘,002571,2025-10-17 22:57:39
10:31:30,8.37,0.0,26,21762,卖盘,002571,2025-10-17 22:57:39
10:31:33,8.38,0.01,10,8380,买盘,002571,2025-10-17 22:57:39
10:31:36,8.38,0.0,34,28469,买盘,002571,2025-10-17 22:57:39
10:31:39,8.38,0.0,21,17598,买盘,002571,2025-10-17 22:57:39
10:31:42,8.38,0.0,114,95429,买盘,002571,2025-10-17 22:57:39
10:31:45,8.38,0.0,50,41900,买盘,002571,2025-10-17 22:57:39
10:31:48,8.38,0.0,91,76258,买盘,002571,2025-10-17 22:57:39
10:31:51,8.38,0.0,3,2514,买盘,002571,2025-10-17 22:57:39
10:31:54,8.38,0.0,43,36034,买盘,002571,2025-10-17 22:57:39
10:32:00,8.38,0.0,59,49498,卖盘,002571,2025-10-17 22:57:39
10:32:03,8.38,0.0,9,7542,卖盘,002571,2025-10-17 22:57:39
10:32:06,8.39,0.01,30,25170,买盘,002571,2025-10-17 22:57:39
10:32:12,8.38,-0.01,67,56154,卖盘,002571,2025-10-17 22:57:39
10:32:15,8.39,0.01,7,5873,买盘,002571,2025-10-17 22:57:39
10:32:18,8.38,-0.01,20,16760,卖盘,002571,2025-10-17 22:57:39
10:32:21,8.39,0.01,965,809600,买盘,002571,2025-10-17 22:57:39
10:32:24,8.4,0.01,8,6714,买盘,002571,2025-10-17 22:57:39
10:32:27,8.4,0.0,6,5040,买盘,002571,2025-10-17 22:57:39
10:32:30,8.4,0.0,218,183037,买盘,002571,2025-10-17 22:57:39
10:32:33,8.39,-0.01,27,22674,卖盘,002571,2025-10-17 22:57:39
10:32:36,8.4,0.01,62,52071,买盘,002571,2025-10-17 22:57:39
10:32:39,8.41,0.01,32,26912,买盘,002571,2025-10-17 22:57:39
10:32:42,8.39,-0.02,200,167974,卖盘,002571,2025-10-17 22:57:39
10:32:48,8.4,0.01,173,145290,卖盘,002571,2025-10-17 22:57:39
10:32:51,8.39,-0.01,16,13412,中性盘,002571,2025-10-17 22:57:39
10:32:54,8.4,0.01,150,126002,买盘,002571,2025-10-17 22:57:39
10:33:00,8.41,0.01,4,3364,买盘,002571,2025-10-17 22:57:39
10:33:06,8.41,0.0,86,72326,买盘,002571,2025-10-17 22:57:39
10:33:09,8.41,0.0,6,5045,买盘,002571,2025-10-17 22:57:39
10:33:12,8.41,0.0,6,5046,买盘,002571,2025-10-17 22:57:39
10:33:15,8.41,0.0,18,15138,买盘,002571,2025-10-17 22:57:39
10:33:18,8.41,0.0,91,76531,买盘,002571,2025-10-17 22:57:39
10:33:21,8.41,0.0,6,5046,买盘,002571,2025-10-17 22:57:39
10:33:27,8.4,-0.01,454,381622,卖盘,002571,2025-10-17 22:57:39
10:33:30,8.41,0.01,60,50460,买盘,002571,2025-10-17 22:57:39
10:33:33,8.4,-0.01,246,206653,卖盘,002571,2025-10-17 22:57:39
10:33:36,8.4,0.0,50,42000,买盘,002571,2025-10-17 22:57:39
10:33:39,8.4,0.0,17,14280,买盘,002571,2025-10-17 22:57:39
10:33:42,8.4,0.0,155,130200,买盘,002571,2025-10-17 22:57:39
10:33:45,8.4,0.0,61,51269,买盘,002571,2025-10-17 22:57:39
10:33:48,8.4,0.0,17,14280,卖盘,002571,2025-10-17 22:57:39
10:33:51,8.4,0.0,6,5040,买盘,002571,2025-10-17 22:57:39
10:33:54,8.39,-0.01,21,17619,卖盘,002571,2025-10-17 22:57:39
10:33:57,8.39,0.0,17,14263,卖盘,002571,2025-10-17 22:57:39
10:34:00,8.39,0.0,94,78866,卖盘,002571,2025-10-17 22:57:39
10:34:03,8.39,0.0,51,42789,买盘,002571,2025-10-17 22:57:39
10:34:06,8.39,0.0,30,25170,卖盘,002571,2025-10-17 22:57:39
10:34:09,8.39,0.0,6,5034,卖盘,002571,2025-10-17 22:57:39
10:34:12,8.39,0.0,48,40272,卖盘,002571,2025-10-17 22:57:39
10:34:15,8.39,0.0,15,12585,卖盘,002571,2025-10-17 22:57:39
10:34:18,8.39,0.0,51,42789,买盘,002571,2025-10-17 22:57:39
10:34:21,8.4,0.01,194,162894,买盘,002571,2025-10-17 22:57:39
10:34:24,8.39,-0.01,19,15940,中性盘,002571,2025-10-17 22:57:39
10:34:27,8.4,0.01,275,230974,买盘,002571,2025-10-17 22:57:39
10:34:33,8.39,-0.01,2,1678,卖盘,002571,2025-10-17 22:57:39
10:34:36,8.39,0.0,13,10917,卖盘,002571,2025-10-17 22:57:39
10:34:39,8.4,0.01,143,120116,买盘,002571,2025-10-17 22:57:39
10:34:42,8.4,0.0,22,18480,卖盘,002571,2025-10-17 22:57:39
10:34:48,8.41,0.01,14,11774,买盘,002571,2025-10-17 22:57:39
10:34:51,8.41,0.0,13,10933,买盘,002571,2025-10-17 22:57:39
10:35:00,8.41,0.0,54,45376,买盘,002571,2025-10-17 22:57:39
10:35:03,8.4,-0.01,675,566039,卖盘,002571,2025-10-17 22:57:39
10:35:06,8.39,-0.01,3,2518,卖盘,002571,2025-10-17 22:57:39
10:35:12,8.4,0.01,1,840,买盘,002571,2025-10-17 22:57:39
10:35:15,8.4,0.0,7,5878,买盘,002571,2025-10-17 22:57:39
10:35:18,8.4,0.0,133,111720,买盘,002571,2025-10-17 22:57:39
10:35:21,8.4,0.0,22,18480,卖盘,002571,2025-10-17 22:57:39
10:35:27,8.41,0.01,47,39527,买盘,002571,2025-10-17 22:57:39
10:35:30,8.4,-0.01,146,122640,卖盘,002571,2025-10-17 22:57:39
10:35:33,8.4,0.0,46,38640,卖盘,002571,2025-10-17 22:57:39
10:35:36,8.4,0.0,4,3360,卖盘,002571,2025-10-17 22:57:39
10:35:39,8.4,0.0,54,45360,卖盘,002571,2025-10-17 22:57:39
10:35:42,8.4,0.0,608,510720,卖盘,002571,2025-10-17 22:57:39
10:35:45,8.39,-0.01,242,203276,卖盘,002571,2025-10-17 22:57:39
10:35:48,8.4,0.01,62,52044,买盘,002571,2025-10-17 22:57:39
10:35:51,8.39,-0.01,2,1678,卖盘,002571,2025-10-17 22:57:39
10:35:54,8.4,0.01,37,31080,买盘,002571,2025-10-17 22:57:39
10:35:57,8.4,0.0,10,8400,买盘,002571,2025-10-17 22:57:39
10:36:00,8.39,-0.01,82,68804,卖盘,002571,2025-10-17 22:57:39
10:36:03,8.39,0.0,11,9233,卖盘,002571,2025-10-17 22:57:39
10:36:06,8.39,0.0,100,83900,卖盘,002571,2025-10-17 22:57:39
10:36:09,8.39,0.0,52,43628,卖盘,002571,2025-10-17 22:57:39
10:36:12,8.39,0.0,74,62017,买盘,002571,2025-10-17 22:57:39
10:36:15,8.38,-0.01,42,35225,卖盘,002571,2025-10-17 22:57:39
10:36:18,8.39,0.01,138,115782,买盘,002571,2025-10-17 22:57:39
10:36:21,8.39,0.0,2,1678,卖盘,002571,2025-10-17 22:57:39
10:36:24,8.39,0.0,9,7551,卖盘,002571,2025-10-17 22:57:39
10:36:30,8.4,0.01,17,14278,买盘,002571,2025-10-17 22:57:39
10:36:36,8.39,-0.01,4,3356,卖盘,002571,2025-10-17 22:57:39
10:36:39,8.39,0.0,231,193809,卖盘,002571,2025-10-17 22:57:39
10:36:42,8.38,-0.01,3,2516,卖盘,002571,2025-10-17 22:57:39
10:36:45,8.4,0.02,353,296429,买盘,002571,2025-10-17 22:57:39
10:36:51,8.41,0.01,66,55505,买盘,002571,2025-10-17 22:57:39
10:36:54,8.41,0.0,61,51251,买盘,002571,2025-10-17 22:57:39
10:36:57,8.41,0.0,51,42891,买盘,002571,2025-10-17 22:57:39
10:37:00,8.4,-0.01,7,5880,卖盘,002571,2025-10-17 22:57:39
10:37:03,8.39,-0.01,23,19297,卖盘,002571,2025-10-17 22:57:39
10:37:06,8.39,0.0,32,26851,卖盘,002571,2025-10-17 22:57:39
10:37:09,8.4,0.01,677,568680,买盘,002571,2025-10-17 22:57:39
10:37:12,8.4,0.0,2,1680,买盘,002571,2025-10-17 22:57:39
10:37:15,8.4,0.0,35,29400,买盘,002571,2025-10-17 22:57:39
10:37:21,8.41,0.01,11,9251,买盘,002571,2025-10-17 22:57:39
10:37:24,8.41,0.0,290,243890,买盘,002571,2025-10-17 22:57:39
10:37:27,8.41,0.0,37,31117,买盘,002571,2025-10-17 22:57:39
10:37:30,8.41,0.0,64,53824,买盘,002571,2025-10-17 22:57:39
10:37:33,8.42,0.01,12,10104,买盘,002571,2025-10-17 22:57:39
10:37:36,8.41,-0.01,198,166536,卖盘,002571,2025-10-17 22:57:39
10:37:39,8.42,0.01,319,268466,买盘,002571,2025-10-17 22:57:39
10:37:42,8.41,-0.01,188,158108,卖盘,002571,2025-10-17 22:57:39
10:37:45,8.42,0.01,23,19354,买盘,002571,2025-10-17 22:57:39
10:37:48,8.43,0.01,15,12636,买盘,002571,2025-10-17 22:57:39
10:37:51,8.41,-0.02,2,1682,卖盘,002571,2025-10-17 22:57:39
10:37:54,8.41,0.0,213,179267,卖盘,002571,2025-10-17 22:57:39
10:37:57,8.41,0.0,21,17661,买盘,002571,2025-10-17 22:57:39
10:38:00,8.41,0.0,14,11774,卖盘,002571,2025-10-17 22:57:39
10:38:03,8.41,0.0,154,129514,卖盘,002571,2025-10-17 22:57:39
10:38:06,8.42,0.01,60,50510,买盘,002571,2025-10-17 22:57:39
10:38:12,8.42,0.0,293,246458,买盘,002571,2025-10-17 22:57:39
10:38:15,8.42,0.0,52,43782,买盘,002571,2025-10-17 22:57:39
10:38:18,8.42,0.0,33,27786,买盘,002571,2025-10-17 22:57:39
10:38:21,8.42,0.0,10,8418,买盘,002571,2025-10-17 22:57:39
10:38:24,8.42,0.0,33,27786,买盘,002571,2025-10-17 22:57:39
10:38:27,8.41,-0.01,118,99261,卖盘,002571,2025-10-17 22:57:39
10:38:30,8.42,0.01,344,289648,买盘,002571,2025-10-17 22:57:39
10:38:36,8.43,0.01,49,41307,买盘,002571,2025-10-17 22:57:39
10:38:39,8.43,0.0,28,23604,买盘,002571,2025-10-17 22:57:39
10:38:42,8.43,0.0,420,353991,买盘,002571,2025-10-17 22:57:39
10:38:45,8.43,0.0,107,90201,买盘,002571,2025-10-17 22:57:39
10:38:48,8.42,-0.01,200,168480,卖盘,002571,2025-10-17 22:57:39
10:38:51,8.44,0.02,17,14348,买盘,002571,2025-10-17 22:57:39
10:38:54,8.44,0.0,68,57330,买盘,002571,2025-10-17 22:57:39
10:38:57,8.44,0.0,141,119004,买盘,002571,2025-10-17 22:57:39
10:39:00,8.43,-0.01,272,229330,卖盘,002571,2025-10-17 22:57:39
10:39:03,8.43,0.0,28,23604,买盘,002571,2025-10-17 22:57:39
10:39:06,8.42,-0.01,300,252600,卖盘,002571,2025-10-17 22:57:39
10:39:09,8.42,0.0,160,134773,卖盘,002571,2025-10-17 22:57:39
10:39:12,8.42,0.0,50,42112,卖盘,002571,2025-10-17 22:57:39
10:39:15,8.41,-0.01,418,352104,卖盘,002571,2025-10-17 22:57:39
10:39:18,8.42,0.01,70,58940,买盘,002571,2025-10-17 22:57:39
10:39:21,8.42,0.0,20,16840,买盘,002571,2025-10-17 22:57:39
10:39:24,8.42,0.0,6,5052,买盘,002571,2025-10-17 22:57:39
10:39:27,8.42,0.0,17,14314,买盘,002571,2025-10-17 22:57:39
10:39:30,8.42,0.0,53,44626,买盘,002571,2025-10-17 22:57:39
10:39:36,8.42,0.0,2,1684,卖盘,002571,2025-10-17 22:57:39
10:39:42,8.42,0.0,86,72412,卖盘,002571,2025-10-17 22:57:39
10:39:45,8.42,0.0,24,20208,买盘,002571,2025-10-17 22:57:39
10:39:48,8.41,-0.01,517,434817,卖盘,002571,2025-10-17 22:57:39
10:39:51,8.41,0.0,36,30276,买盘,002571,2025-10-17 22:57:39
10:39:54,8.41,0.0,145,121952,买盘,002571,2025-10-17 22:57:39
10:40:00,8.42,0.01,6,5050,买盘,002571,2025-10-17 22:57:39
10:40:06,8.41,-0.01,2,1682,卖盘,002571,2025-10-17 22:57:39
10:40:09,8.42,0.01,5,4210,买盘,002571,2025-10-17 22:57:39
10:40:12,8.42,0.0,28,23576,买盘,002571,2025-10-17 22:57:39
10:40:15,8.41,-0.01,100,84100,卖盘,002571,2025-10-17 22:57:39
10:40:21,8.41,0.0,51,42926,卖盘,002571,2025-10-17 22:57:39
10:40:24,8.41,0.0,139,116919,卖盘,002571,2025-10-17 22:57:39
10:40:27,8.41,0.0,120,101016,卖盘,002571,2025-10-17 22:57:39
10:40:33,8.42,0.01,7,5894,买盘,002571,2025-10-17 22:57:39
10:40:39,8.42,0.0,65,54730,买盘,002571,2025-10-17 22:57:39
10:40:42,8.42,0.0,55,46310,卖盘,002571,2025-10-17 22:57:39
10:40:48,8.41,-0.01,656,551622,卖盘,002571,2025-10-17 22:57:39
10:40:51,8.41,0.0,20,16820,买盘,002571,2025-10-17 22:57:39
10:40:54,8.41,0.0,6,5046,买盘,002571,2025-10-17 22:57:39
10:40:57,8.41,0.0,105,88305,买盘,002571,2025-10-17 22:57:39
10:41:00,8.4,-0.01,100,84000,卖盘,002571,2025-10-17 22:57:39
10:41:03,8.41,0.01,13,10933,买盘,002571,2025-10-17 22:57:39
10:41:06,8.41,0.0,10,8410,买盘,002571,2025-10-17 22:57:39
10:41:09,8.41,0.0,2,1682,买盘,002571,2025-10-17 22:57:39
10:41:15,8.41,0.0,310,260710,买盘,002571,2025-10-17 22:57:39
10:41:18,8.41,0.0,51,42891,买盘,002571,2025-10-17 22:57:39
10:41:21,8.41,0.0,2,1682,买盘,002571,2025-10-17 22:57:39
10:41:27,8.4,-0.01,453,380523,卖盘,002571,2025-10-17 22:57:39
10:41:30,8.4,0.0,375,315145,卖盘,002571,2025-10-17 22:57:39
10:41:33,8.4,0.0,107,89880,卖盘,002571,2025-10-17 22:57:39
10:41:36,8.4,0.0,61,51240,卖盘,002571,2025-10-17 22:57:39
10:41:39,8.4,0.0,247,207462,卖盘,002571,2025-10-17 22:57:39
10:41:42,8.39,-0.01,72,60408,卖盘,002571,2025-10-17 22:57:39
10:41:45,8.4,0.01,25,20994,买盘,002571,2025-10-17 22:57:39
10:41:48,8.4,0.0,17,14271,买盘,002571,2025-10-17 22:57:39
10:41:51,8.39,-0.01,13,10917,卖盘,002571,2025-10-17 22:57:39
10:41:54,8.39,0.0,274,229888,卖盘,002571,2025-10-17 22:57:39
10:41:57,8.4,0.01,27,22671,买盘,002571,2025-10-17 22:57:39
10:42:00,8.4,0.0,207,173876,买盘,002571,2025-10-17 22:57:39
10:42:03,8.39,-0.01,6,5035,卖盘,002571,2025-10-17 22:57:39
10:42:06,8.39,0.0,5,4195,卖盘,002571,2025-10-17 22:57:39
10:42:09,8.4,0.01,1,840,买盘,002571,2025-10-17 22:57:39
10:42:12,8.39,-0.01,27,22653,卖盘,002571,2025-10-17 22:57:39
10:42:18,8.4,0.01,93,78119,买盘,002571,2025-10-17 22:57:39
10:42:21,8.39,-0.01,42,35271,卖盘,002571,2025-10-17 22:57:39
10:42:24,8.4,0.01,28,23516,买盘,002571,2025-10-17 22:57:39
10:42:30,8.4,0.0,8,6720,买盘,002571,2025-10-17 22:57:39
10:42:33,8.4,0.0,20,16800,买盘,002571,2025-10-17 22:57:39
10:42:36,8.39,-0.01,242,203040,卖盘,002571,2025-10-17 22:57:39
10:42:39,8.4,0.01,156,131008,买盘,002571,2025-10-17 22:57:39
10:42:42,8.39,-0.01,1,839,卖盘,002571,2025-10-17 22:57:39
10:42:51,8.39,0.0,63,52857,卖盘,002571,2025-10-17 22:57:39
10:42:57,8.39,0.0,20,16780,卖盘,002571,2025-10-17 22:57:39
10:43:00,8.4,0.01,33,27708,买盘,002571,2025-10-17 22:57:39
10:43:03,8.4,0.0,24,20160,买盘,002571,2025-10-17 22:57:39
10:43:06,8.39,-0.01,82,68798,卖盘,002571,2025-10-17 22:57:39
10:43:09,8.39,0.0,7,5873,买盘,002571,2025-10-17 22:57:39
10:43:12,8.39,0.0,12,10068,买盘,002571,2025-10-17 22:57:39
10:43:15,8.39,0.0,12,10068,买盘,002571,2025-10-17 22:57:39
10:43:18,8.38,-0.01,101,84639,卖盘,002571,2025-10-17 22:57:39
10:43:21,8.38,0.0,3,2514,卖盘,002571,2025-10-17 22:57:39
10:43:24,8.39,0.01,264,221496,买盘,002571,2025-10-17 22:57:39
10:43:30,8.39,0.0,148,124172,卖盘,002571,2025-10-17 22:57:39
10:43:33,8.39,0.0,4,3356,买盘,002571,2025-10-17 22:57:39
10:43:39,8.39,0.0,1,839,买盘,002571,2025-10-17 22:57:39
10:43:42,8.39,0.0,1,839,买盘,002571,2025-10-17 22:57:39
10:43:45,8.38,-0.01,25,20950,卖盘,002571,2025-10-17 22:57:39
10:43:48,8.38,0.0,33,27685,卖盘,002571,2025-10-17 22:57:39
10:43:51,8.38,0.0,6,5028,卖盘,002571,2025-10-17 22:57:39
10:43:54,8.38,0.0,20,16760,卖盘,002571,2025-10-17 22:57:39
10:43:57,8.39,0.01,39,32693,买盘,002571,2025-10-17 22:57:39
10:44:00,8.38,-0.01,77,64551,卖盘,002571,2025-10-17 22:57:39
10:44:03,8.38,0.0,49,41062,卖盘,002571,2025-10-17 22:57:39
10:44:06,8.37,-0.01,370,309980,卖盘,002571,2025-10-17 22:57:39
10:44:09,8.37,0.0,585,489783,卖盘,002571,2025-10-17 22:57:39
10:44:12,8.37,0.0,159,133101,卖盘,002571,2025-10-17 22:57:39
10:44:15,8.37,0.0,159,132973,卖盘,002571,2025-10-17 22:57:39
10:44:18,8.37,0.0,30,25110,买盘,002571,2025-10-17 22:57:39
10:44:21,8.36,-0.01,147,122893,卖盘,002571,2025-10-17 22:57:39
10:44:24,8.36,0.0,8,6688,卖盘,002571,2025-10-17 22:57:39
10:44:27,8.36,0.0,29,24244,卖盘,002571,2025-10-17 22:57:39
10:44:30,8.35,-0.01,26,21719,卖盘,002571,2025-10-17 22:57:39
10:44:33,8.36,0.01,20,16715,买盘,002571,2025-10-17 22:57:39
10:44:36,8.36,0.0,5,4180,卖盘,002571,2025-10-17 22:57:39
10:44:39,8.36,0.0,16,13376,卖盘,002571,2025-10-17 22:57:39
10:44:45,8.36,0.0,144,120384,卖盘,002571,2025-10-17 22:57:39
10:44:48,8.37,0.01,41,34280,买盘,002571,2025-10-17 22:57:39
10:44:51,8.36,-0.01,18,15058,卖盘,002571,2025-10-17 22:57:39
10:44:54,8.36,0.0,35,29260,买盘,002571,2025-10-17 22:57:39
10:44:57,8.36,0.0,6,5016,买盘,002571,2025-10-17 22:57:39
10:45:06,8.36,0.0,8,6688,卖盘,002571,2025-10-17 22:57:39
10:45:12,8.36,0.0,17,14212,卖盘,002571,2025-10-17 22:57:39
10:45:18,8.36,0.0,31,25916,卖盘,002571,2025-10-17 22:57:39
10:45:24,8.36,0.0,27,22578,卖盘,002571,2025-10-17 22:57:39
10:45:27,8.36,0.0,97,81092,卖盘,002571,2025-10-17 22:57:39
10:45:30,8.36,0.0,341,285076,买盘,002571,2025-10-17 22:57:39
10:45:33,8.36,0.0,24,20064,买盘,002571,2025-10-17 22:57:39
10:45:36,8.36,0.0,107,89451,买盘,002571,2025-10-17 22:57:39
10:45:39,8.36,0.0,83,69306,买盘,002571,2025-10-17 22:57:39
10:45:42,8.35,-0.01,108,90287,卖盘,002571,2025-10-17 22:57:39
10:45:45,8.36,0.01,1,836,买盘,002571,2025-10-17 22:57:39
10:45:51,8.35,-0.01,17,14198,卖盘,002571,2025-10-17 22:57:39
10:45:54,8.36,0.01,45,37620,买盘,002571,2025-10-17 22:57:39
10:45:57,8.36,0.0,4,3344,买盘,002571,2025-10-17 22:57:39
10:46:00,8.35,-0.01,36,30063,卖盘,002571,2025-10-17 22:57:39
10:46:12,8.36,0.01,8,6688,买盘,002571,2025-10-17 22:57:39
10:46:15,8.35,-0.01,7,5851,卖盘,002571,2025-10-17 22:57:39
10:46:18,8.36,0.01,4,3344,买盘,002571,2025-10-17 22:57:39
10:46:21,8.36,0.0,12,10032,买盘,002571,2025-10-17 22:57:39
10:46:27,8.36,0.0,198,165528,买盘,002571,2025-10-17 22:57:39
10:46:30,8.35,-0.01,7,5845,卖盘,002571,2025-10-17 22:57:39
10:46:33,8.36,0.01,13,10868,买盘,002571,2025-10-17 22:57:39
10:46:39,8.37,0.01,8,6696,买盘,002571,2025-10-17 22:57:39
10:46:42,8.37,0.0,38,31806,买盘,002571,2025-10-17 22:57:39
10:46:45,8.37,0.0,32,26784,买盘,002571,2025-10-17 22:57:39
10:46:48,8.37,0.0,26,21762,买盘,002571,2025-10-17 22:57:39
10:46:51,8.37,0.0,93,77840,买盘,002571,2025-10-17 22:57:39
10:46:54,8.38,0.01,6,5028,买盘,002571,2025-10-17 22:57:39
10:46:57,8.38,0.0,13,10892,买盘,002571,2025-10-17 22:57:39
10:47:00,8.37,-0.01,117,97943,卖盘,002571,2025-10-17 22:57:39
10:47:03,8.38,0.01,69,57761,买盘,002571,2025-10-17 22:57:39
10:47:12,8.38,0.0,14,11732,买盘,002571,2025-10-17 22:57:39
10:47:15,8.38,0.0,14,11732,买盘,002571,2025-10-17 22:57:39
10:47:18,8.39,0.01,111,93100,买盘,002571,2025-10-17 22:57:39
10:47:27,8.38,-0.01,7,5866,卖盘,002571,2025-10-17 22:57:39
10:47:30,8.39,0.01,60,50322,买盘,002571,2025-10-17 22:57:39
10:47:33,8.39,0.0,53,44491,卖盘,002571,2025-10-17 22:57:39
10:47:39,8.38,-0.01,62,51959,卖盘,002571,2025-10-17 22:57:39
10:47:42,8.38,0.0,2,1676,买盘,002571,2025-10-17 22:57:39
10:47:45,8.38,0.0,6,5028,买盘,002571,2025-10-17 22:57:39
10:47:48,8.37,-0.01,37,30969,卖盘,002571,2025-10-17 22:57:39
10:47:51,8.38,0.01,22,18421,买盘,002571,2025-10-17 22:57:39
10:48:03,8.37,-0.01,62,51912,卖盘,002571,2025-10-17 22:57:39
10:48:06,8.38,0.01,13,10894,买盘,002571,2025-10-17 22:57:39
10:48:09,8.38,0.0,388,325144,买盘,002571,2025-10-17 22:57:39
10:48:12,8.38,0.0,73,61232,买盘,002571,2025-10-17 22:57:39
10:48:15,8.38,0.0,14,11732,买盘,002571,2025-10-17 22:57:39
10:48:18,8.38,0.0,4,3352,卖盘,002571,2025-10-17 22:57:39
10:48:21,8.38,0.0,4,3352,卖盘,002571,2025-10-17 22:57:39
10:48:27,8.38,0.0,24,20118,卖盘,002571,2025-10-17 22:57:39
10:48:30,8.38,0.0,8,6704,卖盘,002571,2025-10-17 22:57:39
10:48:36,8.38,0.0,140,117323,卖盘,002571,2025-10-17 22:57:39
10:48:39,8.38,0.0,28,23464,买盘,002571,2025-10-17 22:57:39
10:48:42,8.38,0.0,42,35196,买盘,002571,2025-10-17 22:57:39
10:48:45,8.38,0.0,7,5866,买盘,002571,2025-10-17 22:57:39
10:48:51,8.38,0.0,8,6704,买盘,002571,2025-10-17 22:57:39
10:48:54,8.37,-0.01,7,5859,卖盘,002571,2025-10-17 22:57:39
10:49:00,8.38,0.01,64,53632,买盘,002571,2025-10-17 22:57:39
10:49:03,8.37,-0.01,126,105462,卖盘,002571,2025-10-17 22:57:39
10:49:06,8.37,0.0,56,46877,卖盘,002571,2025-10-17 22:57:39
10:49:09,8.37,0.0,1,837,卖盘,002571,2025-10-17 22:57:39
10:49:12,8.38,0.01,20,16741,买盘,002571,2025-10-17 22:57:39
10:49:15,8.38,0.0,140,117320,买盘,002571,2025-10-17 22:57:39
10:49:18,8.38,0.0,53,44410,买盘,002571,2025-10-17 22:57:39
10:49:21,8.38,0.0,48,40224,买盘,002571,2025-10-17 22:57:39
10:49:24,8.38,0.0,32,26816,买盘,002571,2025-10-17 22:57:39
10:49:27,8.38,0.0,11,9218,买盘,002571,2025-10-17 22:57:39
10:49:30,8.38,0.0,59,49442,买盘,002571,2025-10-17 22:57:39
10:49:33,8.38,0.0,13,10894,买盘,002571,2025-10-17 22:57:39
10:49:36,8.38,0.0,8,6704,卖盘,002571,2025-10-17 22:57:39
10:49:39,8.38,0.0,42,35196,买盘,002571,2025-10-17 22:57:39
10:49:42,8.38,0.0,3,2514,卖盘,002571,2025-10-17 22:57:39
10:49:48,8.38,0.0,7,5866,卖盘,002571,2025-10-17 22:57:39
10:49:51,8.37,-0.01,36,30144,卖盘,002571,2025-10-17 22:57:39
10:49:54,8.39,0.02,7,5869,买盘,002571,2025-10-17 22:57:39
10:49:57,8.38,-0.01,16,13408,买盘,002571,2025-10-17 22:57:39
10:50:00,8.38,0.0,80,67040,买盘,002571,2025-10-17 22:57:39
10:50:03,8.38,0.0,159,133103,买盘,002571,2025-10-17 22:57:39
10:50:06,8.38,0.0,24,20112,买盘,002571,2025-10-17 22:57:39
10:50:09,8.38,0.0,5,4190,买盘,002571,2025-10-17 22:57:39
10:50:12,8.38,0.0,10,8380,买盘,002571,2025-10-17 22:57:39
10:50:15,8.38,0.0,60,50283,买盘,002571,2025-10-17 22:57:39
10:50:21,8.38,0.0,111,92970,买盘,002571,2025-10-17 22:57:39
10:50:24,8.37,-0.01,2,1674,卖盘,002571,2025-10-17 22:57:39
10:50:27,8.38,0.01,14,11728,买盘,002571,2025-10-17 22:57:39
10:50:30,8.36,-0.02,431,360725,卖盘,002571,2025-10-17 22:57:39
10:50:33,8.37,0.01,212,177462,买盘,002571,2025-10-17 22:57:39
10:50:39,8.36,-0.01,13,10868,卖盘,002571,2025-10-17 22:57:39
10:50:42,8.36,0.0,2,1672,卖盘,002571,2025-10-17 22:57:39
10:50:45,8.36,0.0,2,1672,卖盘,002571,2025-10-17 22:57:39
10:50:48,8.36,0.0,140,117147,卖盘,002571,2025-10-17 22:57:39
10:50:51,8.37,0.01,15,12555,买盘,002571,2025-10-17 22:57:39
10:50:57,8.36,-0.01,11,9196,卖盘,002571,2025-10-17 22:57:39
10:51:00,8.37,0.01,249,208249,买盘,002571,2025-10-17 22:57:39
10:51:03,8.37,0.0,7,5859,买盘,002571,2025-10-17 22:57:39
10:51:06,8.37,0.0,26,21762,买盘,002571,2025-10-17 22:57:39
10:51:09,8.37,0.0,6,5022,买盘,002571,2025-10-17 22:57:39
10:51:15,8.36,-0.01,35,29260,卖盘,002571,2025-10-17 22:57:39
10:51:18,8.37,0.01,83,69397,买盘,002571,2025-10-17 22:57:39
10:51:21,8.36,-0.01,252,210922,卖盘,002571,2025-10-17 22:57:39
10:51:24,8.37,0.01,17,14222,买盘,002571,2025-10-17 22:57:39
10:51:27,8.36,-0.01,27,22572,卖盘,002571,2025-10-17 22:57:39
10:51:36,8.36,0.0,9,7524,卖盘,002571,2025-10-17 22:57:39
10:51:39,8.37,0.01,36,30116,买盘,002571,2025-10-17 22:57:39
10:51:42,8.37,0.0,2,1674,买盘,002571,2025-10-17 22:57:39
10:51:48,8.37,0.0,23,19251,买盘,002571,2025-10-17 22:57:39
10:51:51,8.37,0.0,23,19251,买盘,002571,2025-10-17 22:57:39
10:51:54,8.37,0.0,21,17557,买盘,002571,2025-10-17 22:57:39
10:51:57,8.37,0.0,14,11717,买盘,002571,2025-10-17 22:57:39
10:52:00,8.37,0.0,8,6696,买盘,002571,2025-10-17 22:57:39
10:52:03,8.37,0.0,50,41841,买盘,002571,2025-10-17 22:57:39
10:52:06,8.36,-0.01,57,47692,卖盘,002571,2025-10-17 22:57:39
10:52:09,8.37,0.01,51,42687,买盘,002571,2025-10-17 22:57:39
10:52:12,8.37,0.0,41,34279,卖盘,002571,2025-10-17 22:57:39
10:52:15,8.37,0.0,11,9210,买盘,002571,2025-10-17 22:57:39
10:52:18,8.38,0.01,18,15080,买盘,002571,2025-10-17 22:57:39
10:52:24,8.37,-0.01,36,30119,买盘,002571,2025-10-17 22:57:39
10:52:27,8.36,-0.01,41,34325,卖盘,002571,2025-10-17 22:57:39
10:52:33,8.37,0.01,20,16746,卖盘,002571,2025-10-17 22:57:39
10:52:36,8.37,0.0,121,101277,卖盘,002571,2025-10-17 22:57:39
10:52:39,8.38,0.01,1,838,买盘,002571,2025-10-17 22:57:39
10:52:42,8.36,-0.02,52,43509,卖盘,002571,2025-10-17 22:57:39
10:52:48,8.37,0.01,9,7533,卖盘,002571,2025-10-17 22:57:39
10:52:51,8.37,0.0,117,97821,买盘,002571,2025-10-17 22:57:39
10:52:54,8.38,0.01,4,3349,买盘,002571,2025-10-17 22:57:39
10:52:57,8.37,-0.01,57,47693,卖盘,002571,2025-10-17 22:57:39
10:53:00,8.36,-0.01,79,66116,卖盘,002571,2025-10-17 22:57:39
10:53:06,8.37,0.01,3,2511,买盘,002571,2025-10-17 22:57:39
10:53:09,8.37,0.0,30,25110,买盘,002571,2025-10-17 22:57:39
10:53:15,8.37,0.0,45,37665,卖盘,002571,2025-10-17 22:57:39
10:53:21,8.37,0.0,57,47709,卖盘,002571,2025-10-17 22:57:39
10:53:24,8.37,0.0,7,5859,买盘,002571,2025-10-17 22:57:39
10:53:27,8.37,0.0,28,23436,买盘,002571,2025-10-17 22:57:39
10:53:30,8.36,-0.01,315,263340,卖盘,002571,2025-10-17 22:57:39
10:53:33,8.36,0.0,207,173255,卖盘,002571,2025-10-17 22:57:39
10:53:36,8.36,0.0,238,199019,卖盘,002571,2025-10-17 22:57:39
10:53:39,8.36,0.0,9,7524,卖盘,002571,2025-10-17 22:57:39
10:53:42,8.37,0.01,164,137250,买盘,002571,2025-10-17 22:57:39
10:53:45,8.37,0.0,100,83700,卖盘,002571,2025-10-17 22:57:39
10:53:51,8.37,0.0,154,128898,卖盘,002571,2025-10-17 22:57:39
10:53:54,8.37,0.0,201,168237,卖盘,002571,2025-10-17 22:57:39
10:53:57,8.36,-0.01,62,51834,卖盘,002571,2025-10-17 22:57:39
10:54:00,8.37,0.01,20,16740,买盘,002571,2025-10-17 22:57:39
10:54:06,8.37,0.0,17,14229,买盘,002571,2025-10-17 22:57:39
10:54:09,8.37,0.0,76,63612,买盘,002571,2025-10-17 22:57:39
10:54:12,8.36,-0.01,42,35126,卖盘,002571,2025-10-17 22:57:39
10:54:15,8.37,0.01,88,73656,买盘,002571,2025-10-17 22:57:39
10:54:24,8.38,0.01,1,838,买盘,002571,2025-10-17 22:57:39
10:54:27,8.37,-0.01,2,1674,卖盘,002571,2025-10-17 22:57:39
10:54:30,8.37,0.0,3,2511,卖盘,002571,2025-10-17 22:57:39
10:54:33,8.38,0.01,233,195236,买盘,002571,2025-10-17 22:57:39
10:54:42,8.38,0.0,10,8380,买盘,002571,2025-10-17 22:57:39
10:54:51,8.38,0.0,20,16760,买盘,002571,2025-10-17 22:57:39
10:54:54,8.38,0.0,21,17598,买盘,002571,2025-10-17 22:57:39
10:55:03,8.37,-0.01,100,83700,卖盘,002571,2025-10-17 22:57:39
10:55:06,8.38,0.01,15,12570,买盘,002571,2025-10-17 22:57:39
10:55:09,8.38,0.0,19,15907,买盘,002571,2025-10-17 22:57:39
10:55:12,8.38,0.0,11,9218,买盘,002571,2025-10-17 22:57:39
10:55:15,8.38,0.0,14,11725,买盘,002571,2025-10-17 22:57:39
10:55:18,8.38,0.0,7,5865,买盘,002571,2025-10-17 22:57:39
10:55:21,8.38,0.0,39,32682,买盘,002571,2025-10-17 22:57:39
10:55:24,8.38,0.0,5,4190,买盘,002571,2025-10-17 22:57:39
10:55:27,8.38,0.0,425,356150,买盘,002571,2025-10-17 22:57:39
10:55:30,8.38,0.0,4,3352,卖盘,002571,2025-10-17 22:57:39
10:55:36,8.38,0.0,1,838,卖盘,002571,2025-10-17 22:57:39
10:55:39,8.38,0.0,1,838,卖盘,002571,2025-10-17 22:57:39
10:55:45,8.38,0.0,2,1676,卖盘,002571,2025-10-17 22:57:39
10:55:48,8.38,0.0,186,155868,卖盘,002571,2025-10-17 22:57:39
10:55:51,8.38,0.0,1,838,中性盘,002571,2025-10-17 22:57:39
10:55:54,8.37,-0.01,166,139017,卖盘,002571,2025-10-17 22:57:39
10:55:57,8.38,0.01,190,159194,买盘,002571,2025-10-17 22:57:39
10:56:00,8.38,0.0,13,10902,卖盘,002571,2025-10-17 22:57:39
10:56:03,8.38,0.0,6,5028,卖盘,002571,2025-10-17 22:57:39
10:56:06,8.38,0.0,1,838,卖盘,002571,2025-10-17 22:57:39
10:56:09,8.38,0.0,61,51118,卖盘,002571,2025-10-17 22:57:39
10:56:15,8.38,0.0,4,3352,卖盘,002571,2025-10-17 22:57:39
10:56:18,8.38,0.0,210,175980,卖盘,002571,2025-10-17 22:57:39
10:56:21,8.39,0.01,3,2517,买盘,002571,2025-10-17 22:57:39
10:56:24,8.38,-0.01,23,19274,卖盘,002571,2025-10-17 22:57:39
10:56:30,8.38,0.0,45,37710,卖盘,002571,2025-10-17 22:57:39
10:56:33,8.38,0.0,6,5028,卖盘,002571,2025-10-17 22:57:39
10:56:42,8.38,0.0,30,25140,卖盘,002571,2025-10-17 22:57:39
10:56:45,8.38,0.0,3,2515,卖盘,002571,2025-10-17 22:57:39
10:56:48,8.39,0.01,25,20975,买盘,002571,2025-10-17 22:57:39
10:56:57,8.39,0.0,15,12585,买盘,002571,2025-10-17 22:57:39
10:57:00,8.39,0.0,48,40272,买盘,002571,2025-10-17 22:57:39
10:57:03,8.39,0.0,62,52018,买盘,002571,2025-10-17 22:57:39
10:57:06,8.39,0.0,31,26009,买盘,002571,2025-10-17 22:57:39
10:57:09,8.39,0.0,24,20122,买盘,002571,2025-10-17 22:57:39
10:57:12,8.39,0.0,9,7551,买盘,002571,2025-10-17 22:57:39
10:57:15,8.38,-0.01,74,62051,卖盘,002571,2025-10-17 22:57:39
10:57:18,8.38,0.0,10,8387,卖盘,002571,2025-10-17 22:57:39
10:57:21,8.39,0.01,33,27672,买盘,002571,2025-10-17 22:57:39
10:57:30,8.39,0.0,18,15089,买盘,002571,2025-10-17 22:57:39
10:57:33,8.38,-0.01,17,14251,卖盘,002571,2025-10-17 22:57:39
10:57:36,8.38,0.0,33,27667,卖盘,002571,2025-10-17 22:57:39
10:57:39,8.38,0.0,6,5028,卖盘,002571,2025-10-17 22:57:39
10:57:42,8.38,0.0,8,6704,卖盘,002571,2025-10-17 22:57:39
10:57:45,8.38,0.0,20,16760,卖盘,002571,2025-10-17 22:57:39
10:57:48,8.38,0.0,20,16760,卖盘,002571,2025-10-17 22:57:39
10:57:51,8.37,-0.01,637,533473,卖盘,002571,2025-10-17 22:57:39
10:57:54,8.36,-0.01,372,311331,卖盘,002571,2025-10-17 22:57:39
10:57:57,8.36,0.0,454,379544,卖盘,002571,2025-10-17 22:57:39
10:58:00,8.35,-0.01,123,102705,卖盘,002571,2025-10-17 22:57:39
10:58:03,8.35,0.0,293,244657,卖盘,002571,2025-10-17 22:57:39
10:58:06,8.34,-0.01,87,72643,卖盘,002571,2025-10-17 22:57:39
10:58:09,8.34,0.0,108,90072,卖盘,002571,2025-10-17 22:57:39
10:58:21,8.34,0.0,2,1668,卖盘,002571,2025-10-17 22:57:39
10:58:24,8.35,0.01,154,128590,买盘,002571,2025-10-17 22:57:39
10:58:30,8.36,0.01,17,14200,买盘,002571,2025-10-17 22:57:39
10:58:36,8.35,-0.01,1,835,卖盘,002571,2025-10-17 22:57:39
10:58:39,8.36,0.01,207,173052,买盘,002571,2025-10-17 22:57:39
10:58:51,8.37,0.01,21,17559,买盘,002571,2025-10-17 22:57:39
10:58:54,8.37,0.0,15,12555,买盘,002571,2025-10-17 22:57:39
10:58:57,8.36,-0.01,12,10032,卖盘,002571,2025-10-17 22:57:39
10:59:00,8.37,0.01,25,20905,买盘,002571,2025-10-17 22:57:39
10:59:03,8.37,0.0,29,24273,买盘,002571,2025-10-17 22:57:39
10:59:06,8.37,0.0,40,33480,买盘,002571,2025-10-17 22:57:39
10:59:09,8.37,0.0,95,79515,买盘,002571,2025-10-17 22:57:39
10:59:12,8.37,0.0,1,837,买盘,002571,2025-10-17 22:57:39
10:59:15,8.37,0.0,1,837,买盘,002571,2025-10-17 22:57:39
10:59:21,8.37,0.0,12,10044,买盘,002571,2025-10-17 22:57:39
10:59:27,8.37,0.0,57,47709,买盘,002571,2025-10-17 22:57:39
10:59:30,8.36,-0.01,216,180580,卖盘,002571,2025-10-17 22:57:39
10:59:33,8.37,0.01,73,61100,买盘,002571,2025-10-17 22:57:39
10:59:36,8.36,-0.01,158,132115,卖盘,002571,2025-10-17 22:57:39
10:59:39,8.36,0.0,158,131950,买盘,002571,2025-10-17 22:57:39
10:59:42,8.35,-0.01,28,23401,卖盘,002571,2025-10-17 22:57:39
10:59:45,8.37,0.02,192,160422,买盘,002571,2025-10-17 22:57:39
10:59:48,8.36,-0.01,23,19228,卖盘,002571,2025-10-17 22:57:39
10:59:57,8.37,0.01,33,27621,买盘,002571,2025-10-17 22:57:39
11:00:00,8.37,0.0,1,837,卖盘,002571,2025-10-17 22:57:39
11:00:03,8.37,0.0,2,1674,卖盘,002571,2025-10-17 22:57:39
11:00:06,8.37,0.0,34,28458,卖盘,002571,2025-10-17 22:57:39
11:00:09,8.37,0.0,11,9207,卖盘,002571,2025-10-17 22:57:39
11:00:12,8.37,0.0,15,12555,卖盘,002571,2025-10-17 22:57:39
11:00:15,8.36,-0.01,4,3344,卖盘,002571,2025-10-17 22:57:39
11:00:18,8.36,0.0,37,30932,卖盘,002571,2025-10-17 22:57:39
11:00:21,8.36,0.0,245,204671,卖盘,002571,2025-10-17 22:57:39
11:00:24,8.35,-0.01,39,32565,卖盘,002571,2025-10-17 22:57:39
11:00:27,8.35,0.0,1,835,买盘,002571,2025-10-17 22:57:39
11:00:30,8.34,-0.01,40,33398,卖盘,002571,2025-10-17 22:57:39
11:00:33,8.35,0.01,49,40914,买盘,002571,2025-10-17 22:57:39
11:00:36,8.34,-0.01,23,19182,卖盘,002571,2025-10-17 22:57:39
11:00:39,8.35,0.01,417,348195,买盘,002571,2025-10-17 22:57:39
11:00:42,8.35,0.0,6,5007,买盘,002571,2025-10-17 22:57:39
11:00:45,8.34,-0.01,5,4170,卖盘,002571,2025-10-17 22:57:39
11:00:51,8.34,0.0,3,2502,卖盘,002571,2025-10-17 22:57:39
11:00:54,8.35,0.01,68,56780,买盘,002571,2025-10-17 22:57:39
11:01:00,8.35,0.0,6,5010,买盘,002571,2025-10-17 22:57:39
11:01:03,8.34,-0.01,50,41700,卖盘,002571,2025-10-17 22:57:39
11:01:09,8.34,0.0,27,22518,卖盘,002571,2025-10-17 22:57:39
11:01:15,8.34,0.0,34,28370,卖盘,002571,2025-10-17 22:57:39
11:01:18,8.35,0.01,20,16700,买盘,002571,2025-10-17 22:57:39
11:01:21,8.35,0.0,12,10020,买盘,002571,2025-10-17 22:57:39
11:01:30,8.35,0.0,35,29225,买盘,002571,2025-10-17 22:57:39
11:01:33,8.35,0.0,12,10020,买盘,002571,2025-10-17 22:57:39
11:01:36,8.35,0.0,29,24215,买盘,002571,2025-10-17 22:57:39
11:01:42,8.35,0.0,27,22545,买盘,002571,2025-10-17 22:57:39
11:01:45,8.35,0.0,1,835,买盘,002571,2025-10-17 22:57:39
11:01:48,8.35,0.0,31,25885,买盘,002571,2025-10-17 22:57:39
11:01:51,8.34,-0.01,12,10008,卖盘,002571,2025-10-17 22:57:39
11:02:00,8.34,0.0,5,4171,卖盘,002571,2025-10-17 22:57:39
11:02:12,8.34,0.0,31,25854,卖盘,002571,2025-10-17 22:57:39
11:02:15,8.35,0.01,148,123580,买盘,002571,2025-10-17 22:57:39
11:02:21,8.35,0.0,100,83500,卖盘,002571,2025-10-17 22:57:39
11:02:27,8.36,0.01,3,2508,买盘,002571,2025-10-17 22:57:39
11:02:30,8.35,-0.01,26,21710,卖盘,002571,2025-10-17 22:57:39
11:02:33,8.35,0.0,19,15865,卖盘,002571,2025-10-17 22:57:39
11:02:36,8.36,0.01,111,92693,买盘,002571,2025-10-17 22:57:39
11:02:42,8.36,0.0,20,16704,买盘,002571,2025-10-17 22:57:39
11:02:45,8.36,0.0,2,1672,买盘,002571,2025-10-17 22:57:39
11:02:51,8.35,-0.01,18,15030,卖盘,002571,2025-10-17 22:57:39
11:02:54,8.35,0.0,143,119405,卖盘,002571,2025-10-17 22:57:39
11:02:57,8.34,-0.01,8,6685,卖盘,002571,2025-10-17 22:57:39
11:03:00,8.34,0.0,41,34231,卖盘,002571,2025-10-17 22:57:39
11:03:03,8.34,0.0,14,11678,卖盘,002571,2025-10-17 22:57:39
11:03:06,8.34,0.0,23,19182,卖盘,002571,2025-10-17 22:57:39
11:03:09,8.35,0.01,10,8348,买盘,002571,2025-10-17 22:57:39
11:03:12,8.34,-0.01,1,834,卖盘,002571,2025-10-17 22:57:39
11:03:18,8.35,0.01,2,1670,买盘,002571,2025-10-17 22:57:39
11:03:21,8.33,-0.02,1118,931972,卖盘,002571,2025-10-17 22:57:39
11:03:24,8.32,-0.01,29,24134,卖盘,002571,2025-10-17 22:57:39
11:03:27,8.32,0.0,244,203008,卖盘,002571,2025-10-17 22:57:39
11:03:30,8.32,0.0,517,430168,卖盘,002571,2025-10-17 22:57:39
11:03:33,8.31,-0.01,105,87354,卖盘,002571,2025-10-17 22:57:39
11:03:36,8.32,0.01,66,54877,买盘,002571,2025-10-17 22:57:39
11:03:39,8.31,-0.01,90,74863,卖盘,002571,2025-10-17 22:57:39
11:03:42,8.31,0.0,10,8310,卖盘,002571,2025-10-17 22:57:39
11:03:45,8.31,0.0,21,17451,卖盘,002571,2025-10-17 22:57:39
11:03:48,8.31,0.0,34,28254,卖盘,002571,2025-10-17 22:57:39
11:03:51,8.32,0.01,3,2496,买盘,002571,2025-10-17 22:57:39
11:03:57,8.32,0.0,135,112270,买盘,002571,2025-10-17 22:57:39
11:04:00,8.32,0.0,320,266240,买盘,002571,2025-10-17 22:57:39
11:04:06,8.33,0.01,21,17493,买盘,002571,2025-10-17 22:57:39
11:04:12,8.33,0.0,50,41650,买盘,002571,2025-10-17 22:57:39
11:04:15,8.34,0.01,72,59967,买盘,002571,2025-10-17 22:57:39
11:04:21,8.34,0.0,262,218349,买盘,002571,2025-10-17 22:57:39
11:04:24,8.34,0.0,6,5004,卖盘,002571,2025-10-17 22:57:39
11:04:27,8.35,0.01,11,9185,买盘,002571,2025-10-17 22:57:39
11:04:36,8.34,-0.01,150,125100,卖盘,002571,2025-10-17 22:57:39
11:04:42,8.35,0.01,37,30895,买盘,002571,2025-10-17 22:57:39
11:04:48,8.35,0.0,37,30895,买盘,002571,2025-10-17 22:57:39
11:04:51,8.35,0.0,16,13360,买盘,002571,2025-10-17 22:57:39
11:04:54,8.34,-0.01,84,70063,卖盘,002571,2025-10-17 22:57:39
11:04:57,8.33,-0.01,52,43329,卖盘,002571,2025-10-17 22:57:39
11:05:00,8.34,0.01,12,10008,买盘,002571,2025-10-17 22:57:39
11:05:09,8.34,0.0,9,7506,买盘,002571,2025-10-17 22:57:39
11:05:12,8.33,-0.01,1,833,卖盘,002571,2025-10-17 22:57:39
11:05:15,8.34,0.01,1,834,买盘,002571,2025-10-17 22:57:39
11:05:18,8.34,0.0,2,1668,买盘,002571,2025-10-17 22:57:39
11:05:24,8.33,-0.01,1,833,卖盘,002571,2025-10-17 22:57:39
11:05:33,8.34,0.01,1,834,买盘,002571,2025-10-17 22:57:39
11:05:36,8.34,0.0,18,15007,买盘,002571,2025-10-17 22:57:39
11:05:42,8.34,0.0,27,22517,买盘,002571,2025-10-17 22:57:39
11:05:45,8.33,-0.01,69,57477,卖盘,002571,2025-10-17 22:57:39
11:05:48,8.33,0.0,16,13328,卖盘,002571,2025-10-17 22:57:39
11:06:00,8.34,0.01,1,834,买盘,002571,2025-10-17 22:57:39
11:06:09,8.34,0.0,16,13337,买盘,002571,2025-10-17 22:57:39
11:06:12,8.34,0.0,38,31692,买盘,002571,2025-10-17 22:57:39
11:06:15,8.34,0.0,7,5838,买盘,002571,2025-10-17 22:57:39
11:06:18,8.34,0.0,51,42534,买盘,002571,2025-10-17 22:57:39
11:06:21,8.34,0.0,41,34194,买盘,002571,2025-10-17 22:57:39
11:06:24,8.34,0.0,41,34184,买盘,002571,2025-10-17 22:57:39
11:06:27,8.35,0.01,152,126872,买盘,002571,2025-10-17 22:57:39
11:06:30,8.35,0.0,6,5010,买盘,002571,2025-10-17 22:57:39
11:06:42,8.36,0.01,256,214016,买盘,002571,2025-10-17 22:57:39
11:06:45,8.36,0.0,6,5016,买盘,002571,2025-10-17 22:57:39
11:06:48,8.36,0.0,30,25080,买盘,002571,2025-10-17 22:57:39
11:06:51,8.36,0.0,47,39292,买盘,002571,2025-10-17 22:57:39
11:06:54,8.36,0.0,230,192151,买盘,002571,2025-10-17 22:57:39
11:06:57,8.36,0.0,23,19228,买盘,002571,2025-10-17 22:57:39
11:07:00,8.36,0.0,3,2508,买盘,002571,2025-10-17 22:57:39
11:07:06,8.36,0.0,12,10032,买盘,002571,2025-10-17 22:57:39
11:07:09,8.35,-0.01,82,68471,卖盘,002571,2025-10-17 22:57:39
11:07:15,8.35,0.0,90,75156,卖盘,002571,2025-10-17 22:57:39
11:07:18,8.35,0.0,27,22545,买盘,002571,2025-10-17 22:57:39
11:07:21,8.34,-0.01,19,15857,卖盘,002571,2025-10-17 22:57:39
11:07:24,8.34,0.0,30,25020,卖盘,002571,2025-10-17 22:57:39
11:07:30,8.34,0.0,5,4170,卖盘,002571,2025-10-17 22:57:39
11:07:36,8.34,0.0,3,2502,卖盘,002571,2025-10-17 22:57:39
11:07:42,8.34,0.0,125,104250,卖盘,002571,2025-10-17 22:57:39
11:07:48,8.34,0.0,53,44202,买盘,002571,2025-10-17 22:57:39
11:07:51,8.35,0.01,48,40053,买盘,002571,2025-10-17 22:57:39
