时间,成交价,价格变动,成交量,成交额,买卖盘性质,股票代码,采集时间
09:25:00,7.81,0.02,14940,11668140,买盘,002513,2025-10-17 23:00:05
09:30:00,7.79,-0.02,7910,6171284,卖盘,002513,2025-10-17 23:00:05
09:30:03,7.81,0.02,8082,6300126,买盘,002513,2025-10-17 23:00:05
09:30:06,7.81,0.0,1594,1241151,买盘,002513,2025-10-17 23:00:05
09:30:09,7.79,-0.02,2218,1730172,卖盘,002513,2025-10-17 23:00:05
09:30:12,7.79,0.0,771,600334,买盘,002513,2025-10-17 23:00:05
09:30:15,7.79,0.0,1066,830021,卖盘,002513,2025-10-17 23:00:05
09:30:18,7.8,0.01,810,631448,买盘,002513,2025-10-17 23:00:05
09:30:21,7.82,0.02,3009,2349555,买盘,002513,2025-10-17 23:00:05
09:30:24,7.83,0.01,783,612952,买盘,002513,2025-10-17 23:00:05
09:30:27,7.86,0.03,2091,1641114,买盘,002513,2025-10-17 23:00:05
09:30:30,7.88,0.02,1079,849316,买盘,002513,2025-10-17 23:00:05
09:30:33,7.87,-0.01,1449,1141705,卖盘,002513,2025-10-17 23:00:05
09:30:36,7.88,0.01,1606,1266955,卖盘,002513,2025-10-17 23:00:05
09:30:39,7.88,0.0,1115,878233,买盘,002513,2025-10-17 23:00:05
09:30:42,7.87,-0.01,1770,1395876,卖盘,002513,2025-10-17 23:00:05
09:30:45,7.89,0.02,1091,860402,买盘,002513,2025-10-17 23:00:05
09:30:48,7.94,0.05,2698,2135977,买盘,002513,2025-10-17 23:00:05
09:30:51,7.91,-0.03,858,680466,卖盘,002513,2025-10-17 23:00:05
09:30:54,7.91,0.0,502,398975,卖盘,002513,2025-10-17 23:00:05
09:30:57,7.91,0.0,657,520623,卖盘,002513,2025-10-17 23:00:05
09:31:00,7.94,0.03,1393,1102883,买盘,002513,2025-10-17 23:00:05
09:31:03,7.93,-0.01,844,667956,买盘,002513,2025-10-17 23:00:05
09:31:06,7.94,0.01,4042,3212396,买盘,002513,2025-10-17 23:00:05
09:31:09,7.94,0.0,569,451453,卖盘,002513,2025-10-17 23:00:05
09:31:12,7.96,0.02,989,786649,买盘,002513,2025-10-17 23:00:05
09:31:15,7.95,-0.01,858,682413,卖盘,002513,2025-10-17 23:00:05
09:31:18,7.95,0.0,826,656674,买盘,002513,2025-10-17 23:00:05
09:31:21,7.95,0.0,1590,1264208,卖盘,002513,2025-10-17 23:00:05
09:31:24,7.93,-0.02,1219,967944,卖盘,002513,2025-10-17 23:00:05
09:31:27,7.93,0.0,812,644248,卖盘,002513,2025-10-17 23:00:05
09:31:30,7.92,-0.01,955,756577,卖盘,002513,2025-10-17 23:00:05
09:31:33,7.91,-0.01,644,509844,卖盘,002513,2025-10-17 23:00:05
09:31:36,7.93,0.02,8795,6983893,买盘,002513,2025-10-17 23:00:05
09:31:39,8.01,0.08,3735,2978645,买盘,002513,2025-10-17 23:00:05
09:31:42,8.05,0.04,1367,1097573,买盘,002513,2025-10-17 23:00:05
09:31:45,8.01,-0.04,596,478203,卖盘,002513,2025-10-17 23:00:05
09:31:48,8.04,0.03,1256,1008044,买盘,002513,2025-10-17 23:00:05
09:31:51,8.01,-0.03,980,781809,卖盘,002513,2025-10-17 23:00:05
09:31:54,8.01,0.0,1900,1524765,卖盘,002513,2025-10-17 23:00:05
09:31:57,8.01,0.0,667,535512,买盘,002513,2025-10-17 23:00:05
09:32:00,8.02,0.01,1368,1096570,买盘,002513,2025-10-17 23:00:05
09:32:03,8.02,0.0,480,384886,卖盘,002513,2025-10-17 23:00:05
09:32:06,8.01,-0.01,1503,1204873,卖盘,002513,2025-10-17 23:00:05
09:32:09,8.0,-0.01,879,704261,卖盘,002513,2025-10-17 23:00:05
09:32:12,7.99,-0.01,547,437044,卖盘,002513,2025-10-17 23:00:05
09:32:15,7.99,0.0,3071,2452707,买盘,002513,2025-10-17 23:00:05
09:32:18,8.0,0.01,3329,2661732,买盘,002513,2025-10-17 23:00:05
09:32:21,7.99,-0.01,1482,1183918,卖盘,002513,2025-10-17 23:00:05
09:32:24,7.99,0.0,785,627576,卖盘,002513,2025-10-17 23:00:05
09:32:27,7.99,0.0,407,325172,卖盘,002513,2025-10-17 23:00:05
09:32:30,7.97,-0.02,641,511825,卖盘,002513,2025-10-17 23:00:05
09:32:33,7.97,0.0,86,68581,卖盘,002513,2025-10-17 23:00:05
09:32:36,7.97,0.0,1048,835594,卖盘,002513,2025-10-17 23:00:05
09:32:39,7.96,-0.01,526,419235,卖盘,002513,2025-10-17 23:00:05
09:32:42,7.97,0.01,1106,881577,买盘,002513,2025-10-17 23:00:05
09:32:45,7.97,0.0,718,571838,买盘,002513,2025-10-17 23:00:05
09:32:48,7.97,0.0,299,238105,买盘,002513,2025-10-17 23:00:05
09:32:51,7.97,0.0,870,692997,买盘,002513,2025-10-17 23:00:05
09:32:54,7.96,-0.01,1455,1158728,买盘,002513,2025-10-17 23:00:05
09:32:57,7.96,0.0,696,554722,卖盘,002513,2025-10-17 23:00:05
09:33:00,7.99,0.03,1108,884723,买盘,002513,2025-10-17 23:00:05
09:33:03,8.14,0.15,6213,5025537,买盘,002513,2025-10-17 23:00:05
09:33:06,8.18,0.04,1739,1416650,买盘,002513,2025-10-17 23:00:05
09:33:09,8.17,-0.01,1014,826563,中性盘,002513,2025-10-17 23:00:05
09:33:12,8.14,-0.03,1256,1025193,卖盘,002513,2025-10-17 23:00:05
09:33:15,8.12,-0.02,579,471340,卖盘,002513,2025-10-17 23:00:05
09:33:18,8.11,-0.01,467,379312,卖盘,002513,2025-10-17 23:00:05
09:33:21,8.12,0.01,1059,859409,买盘,002513,2025-10-17 23:00:05
09:33:24,8.11,-0.01,3331,2698230,卖盘,002513,2025-10-17 23:00:05
09:33:27,8.09,-0.02,523,424075,卖盘,002513,2025-10-17 23:00:05
09:33:30,8.09,0.0,1843,1488514,卖盘,002513,2025-10-17 23:00:05
09:33:33,8.09,0.0,916,741492,卖盘,002513,2025-10-17 23:00:05
09:33:36,8.08,-0.01,405,327480,中性盘,002513,2025-10-17 23:00:05
09:33:39,8.08,0.0,507,409601,买盘,002513,2025-10-17 23:00:05
09:33:42,8.06,-0.02,844,680686,卖盘,002513,2025-10-17 23:00:05
09:33:45,8.06,0.0,312,251642,买盘,002513,2025-10-17 23:00:05
09:33:48,8.05,-0.01,408,328665,卖盘,002513,2025-10-17 23:00:05
09:33:51,8.05,0.0,1167,939872,卖盘,002513,2025-10-17 23:00:05
09:33:54,8.06,0.01,376,302842,买盘,002513,2025-10-17 23:00:05
09:33:57,8.05,-0.01,665,535659,卖盘,002513,2025-10-17 23:00:05
09:34:00,8.05,0.0,338,272099,买盘,002513,2025-10-17 23:00:05
09:34:03,8.06,0.01,454,365647,买盘,002513,2025-10-17 23:00:05
09:34:06,8.07,0.01,549,442297,买盘,002513,2025-10-17 23:00:05
09:34:09,8.06,-0.01,542,436885,卖盘,002513,2025-10-17 23:00:05
09:34:12,8.03,-0.03,579,465503,卖盘,002513,2025-10-17 23:00:05
09:34:15,8.03,0.0,536,429746,买盘,002513,2025-10-17 23:00:05
09:34:18,8.01,-0.02,664,531586,卖盘,002513,2025-10-17 23:00:05
09:34:21,8.01,0.0,365,292222,买盘,002513,2025-10-17 23:00:05
09:34:24,8.0,-0.01,213,170391,买盘,002513,2025-10-17 23:00:05
09:34:27,7.97,-0.03,262,209202,卖盘,002513,2025-10-17 23:00:05
09:34:30,7.95,-0.02,599,477121,卖盘,002513,2025-10-17 23:00:05
09:34:33,7.94,-0.01,1056,839685,卖盘,002513,2025-10-17 23:00:05
09:34:36,7.91,-0.03,403,319798,卖盘,002513,2025-10-17 23:00:05
09:34:39,7.92,0.01,180,142786,中性盘,002513,2025-10-17 23:00:05
09:34:42,7.94,0.02,514,407515,买盘,002513,2025-10-17 23:00:05
09:34:45,7.92,-0.02,414,328584,卖盘,002513,2025-10-17 23:00:05
09:34:48,7.96,0.04,540,428956,买盘,002513,2025-10-17 23:00:05
09:34:51,7.92,-0.04,286,227258,卖盘,002513,2025-10-17 23:00:05
09:34:54,7.96,0.04,462,366984,买盘,002513,2025-10-17 23:00:05
09:34:57,7.95,-0.01,279,221781,卖盘,002513,2025-10-17 23:00:05
09:35:00,7.93,-0.02,720,572190,卖盘,002513,2025-10-17 23:00:05
09:35:03,7.95,0.02,139,110431,买盘,002513,2025-10-17 23:00:05
09:35:06,7.95,0.0,533,423177,买盘,002513,2025-10-17 23:00:05
09:35:09,7.96,0.01,669,531709,买盘,002513,2025-10-17 23:00:05
09:35:12,7.93,-0.03,709,563374,卖盘,002513,2025-10-17 23:00:05
09:35:15,7.95,0.02,118,94026,卖盘,002513,2025-10-17 23:00:05
09:35:18,7.96,0.01,216,171858,中性盘,002513,2025-10-17 23:00:05
09:35:21,7.97,0.01,403,320690,买盘,002513,2025-10-17 23:00:05
09:35:24,7.98,0.01,210,167458,买盘,002513,2025-10-17 23:00:05
09:35:27,7.97,-0.01,131,104483,卖盘,002513,2025-10-17 23:00:05
09:35:30,7.98,0.01,296,236160,买盘,002513,2025-10-17 23:00:05
09:35:33,7.99,0.01,201,160426,买盘,002513,2025-10-17 23:00:05
09:35:36,7.99,0.0,590,470306,买盘,002513,2025-10-17 23:00:05
09:35:39,7.99,0.0,529,422512,买盘,002513,2025-10-17 23:00:05
09:35:42,7.98,-0.01,383,305713,买盘,002513,2025-10-17 23:00:05
09:35:45,7.97,-0.01,417,332672,卖盘,002513,2025-10-17 23:00:05
09:35:48,7.96,-0.01,297,236803,卖盘,002513,2025-10-17 23:00:05
09:35:51,7.98,0.02,811,646404,买盘,002513,2025-10-17 23:00:05
09:35:54,7.96,-0.02,400,319126,卖盘,002513,2025-10-17 23:00:05
09:35:57,7.98,0.02,187,149146,买盘,002513,2025-10-17 23:00:05
09:36:00,7.95,-0.03,615,489587,卖盘,002513,2025-10-17 23:00:05
09:36:03,7.95,0.0,858,682657,卖盘,002513,2025-10-17 23:00:05
09:36:06,7.94,-0.01,1100,873382,卖盘,002513,2025-10-17 23:00:05
09:36:09,7.95,0.01,550,436910,买盘,002513,2025-10-17 23:00:05
09:36:12,7.95,0.0,254,201941,卖盘,002513,2025-10-17 23:00:05
09:36:15,7.95,0.0,111,88228,卖盘,002513,2025-10-17 23:00:05
09:36:18,7.95,0.0,213,169342,卖盘,002513,2025-10-17 23:00:05
09:36:21,7.94,-0.01,229,182017,卖盘,002513,2025-10-17 23:00:05
09:36:24,7.96,0.02,392,311957,买盘,002513,2025-10-17 23:00:05
09:36:27,7.95,-0.01,138,109739,卖盘,002513,2025-10-17 23:00:05
09:36:30,7.96,0.01,247,196252,买盘,002513,2025-10-17 23:00:05
09:36:33,7.96,0.0,157,124859,买盘,002513,2025-10-17 23:00:05
09:36:36,7.95,-0.01,274,217941,卖盘,002513,2025-10-17 23:00:05
09:36:39,7.95,0.0,130,103413,卖盘,002513,2025-10-17 23:00:05
09:36:42,7.95,0.0,277,220200,卖盘,002513,2025-10-17 23:00:05
09:36:45,7.94,-0.01,118,93759,卖盘,002513,2025-10-17 23:00:05
09:36:48,7.95,0.01,347,275889,买盘,002513,2025-10-17 23:00:05
09:36:51,7.95,0.0,346,274882,卖盘,002513,2025-10-17 23:00:05
09:36:54,7.95,0.0,256,203520,卖盘,002513,2025-10-17 23:00:05
09:36:57,7.95,0.0,537,427108,买盘,002513,2025-10-17 23:00:05
09:37:00,7.95,0.0,355,281916,买盘,002513,2025-10-17 23:00:05
09:37:03,7.95,0.0,291,231155,买盘,002513,2025-10-17 23:00:05
09:37:06,7.95,0.0,73,58025,买盘,002513,2025-10-17 23:00:05
09:37:09,7.95,0.0,201,159696,买盘,002513,2025-10-17 23:00:05
09:37:12,7.95,0.0,408,324384,卖盘,002513,2025-10-17 23:00:05
09:37:15,7.95,0.0,463,368376,卖盘,002513,2025-10-17 23:00:05
09:37:18,7.95,0.0,275,218751,卖盘,002513,2025-10-17 23:00:05
09:37:21,7.95,0.0,263,209104,卖盘,002513,2025-10-17 23:00:05
09:37:24,7.95,0.0,248,197179,买盘,002513,2025-10-17 23:00:05
09:37:27,7.95,0.0,61,48459,买盘,002513,2025-10-17 23:00:05
09:37:30,7.94,-0.01,369,293090,卖盘,002513,2025-10-17 23:00:05
09:37:33,7.95,0.01,147,116741,买盘,002513,2025-10-17 23:00:05
09:37:36,7.93,-0.02,105,83387,卖盘,002513,2025-10-17 23:00:05
09:37:39,7.93,0.0,48,38101,卖盘,002513,2025-10-17 23:00:05
09:37:42,7.93,0.0,1530,1213144,卖盘,002513,2025-10-17 23:00:05
09:37:45,7.92,-0.01,104,82422,卖盘,002513,2025-10-17 23:00:05
09:37:48,7.92,0.0,266,210706,卖盘,002513,2025-10-17 23:00:05
09:37:51,7.91,-0.01,973,769836,卖盘,002513,2025-10-17 23:00:05
09:37:54,7.91,0.0,460,363650,卖盘,002513,2025-10-17 23:00:05
09:37:57,7.9,-0.01,682,539081,卖盘,002513,2025-10-17 23:00:05
09:38:00,7.9,0.0,900,711139,卖盘,002513,2025-10-17 23:00:05
09:38:03,7.9,0.0,745,588156,卖盘,002513,2025-10-17 23:00:05
09:38:06,7.9,0.0,268,211634,买盘,002513,2025-10-17 23:00:05
09:38:09,7.89,-0.01,448,353670,卖盘,002513,2025-10-17 23:00:05
09:38:12,7.88,-0.01,334,263529,卖盘,002513,2025-10-17 23:00:05
09:38:15,7.89,0.01,1964,1551219,买盘,002513,2025-10-17 23:00:05
09:38:18,7.9,0.01,461,363973,买盘,002513,2025-10-17 23:00:05
09:38:21,7.92,0.02,195,154112,买盘,002513,2025-10-17 23:00:05
09:38:24,7.92,0.0,447,353491,买盘,002513,2025-10-17 23:00:05
09:38:27,7.92,0.0,287,227233,买盘,002513,2025-10-17 23:00:05
09:38:30,7.92,0.0,349,276043,买盘,002513,2025-10-17 23:00:05
09:38:33,7.92,0.0,217,171888,卖盘,002513,2025-10-17 23:00:05
09:38:36,7.92,0.0,279,221039,卖盘,002513,2025-10-17 23:00:05
09:38:39,7.92,0.0,192,152113,卖盘,002513,2025-10-17 23:00:05
09:38:42,7.92,0.0,179,141815,卖盘,002513,2025-10-17 23:00:05
09:38:45,7.92,0.0,196,155283,卖盘,002513,2025-10-17 23:00:05
09:38:48,7.92,0.0,109,86312,买盘,002513,2025-10-17 23:00:05
09:38:51,7.92,0.0,360,285186,买盘,002513,2025-10-17 23:00:05
09:38:54,7.92,0.0,256,202746,卖盘,002513,2025-10-17 23:00:05
09:38:57,7.92,0.0,182,144130,买盘,002513,2025-10-17 23:00:05
09:39:00,7.92,0.0,174,137954,卖盘,002513,2025-10-17 23:00:05
09:39:03,7.92,0.0,78,61807,卖盘,002513,2025-10-17 23:00:05
09:39:06,7.92,0.0,236,186946,卖盘,002513,2025-10-17 23:00:05
09:39:09,7.92,0.0,151,119608,卖盘,002513,2025-10-17 23:00:05
09:39:12,7.92,0.0,128,101415,卖盘,002513,2025-10-17 23:00:05
09:39:15,7.92,0.0,132,104588,卖盘,002513,2025-10-17 23:00:05
09:39:18,7.93,0.01,80,63377,买盘,002513,2025-10-17 23:00:05
09:39:21,7.92,-0.01,330,261357,卖盘,002513,2025-10-17 23:00:05
09:39:24,7.93,0.01,162,128412,买盘,002513,2025-10-17 23:00:05
09:39:27,7.93,0.0,309,244771,买盘,002513,2025-10-17 23:00:05
09:39:30,7.92,-0.01,154,122017,卖盘,002513,2025-10-17 23:00:05
09:39:33,7.91,-0.01,54,42757,卖盘,002513,2025-10-17 23:00:05
09:39:36,7.91,0.0,205,162232,卖盘,002513,2025-10-17 23:00:05
09:39:39,7.91,0.0,572,452461,卖盘,002513,2025-10-17 23:00:05
09:39:42,7.91,0.0,63,49820,买盘,002513,2025-10-17 23:00:05
09:39:45,7.91,0.0,91,71951,卖盘,002513,2025-10-17 23:00:05
09:39:48,7.91,0.0,1286,1015973,买盘,002513,2025-10-17 23:00:05
09:39:51,7.9,-0.01,168,132699,买盘,002513,2025-10-17 23:00:05
09:39:54,7.89,-0.01,393,310110,卖盘,002513,2025-10-17 23:00:05
09:39:57,7.88,-0.01,831,654888,卖盘,002513,2025-10-17 23:00:05
09:40:00,7.87,-0.01,165,129873,卖盘,002513,2025-10-17 23:00:05
09:40:03,7.86,-0.01,551,433373,卖盘,002513,2025-10-17 23:00:05
09:40:06,7.86,0.0,317,249126,卖盘,002513,2025-10-17 23:00:05
09:40:09,7.85,-0.01,389,305494,卖盘,002513,2025-10-17 23:00:05
09:40:12,7.86,0.01,496,389386,买盘,002513,2025-10-17 23:00:05
09:40:15,7.86,0.0,2888,2272110,买盘,002513,2025-10-17 23:00:05
09:40:18,7.86,0.0,917,721414,卖盘,002513,2025-10-17 23:00:05
09:40:21,7.86,0.0,529,416610,卖盘,002513,2025-10-17 23:00:05
09:40:24,7.86,0.0,564,443272,买盘,002513,2025-10-17 23:00:05
09:40:27,7.87,0.01,580,455955,买盘,002513,2025-10-17 23:00:05
09:40:30,7.9,0.03,548,430603,买盘,002513,2025-10-17 23:00:05
09:40:33,7.87,-0.03,247,194467,卖盘,002513,2025-10-17 23:00:05
09:40:36,7.9,0.03,150,118185,买盘,002513,2025-10-17 23:00:05
09:40:39,7.87,-0.03,88,69281,卖盘,002513,2025-10-17 23:00:05
09:40:42,7.88,0.01,38,29944,买盘,002513,2025-10-17 23:00:05
09:40:45,7.88,0.0,25,19719,卖盘,002513,2025-10-17 23:00:05
09:40:48,7.9,0.02,80,63080,买盘,002513,2025-10-17 23:00:05
09:40:51,7.88,-0.02,164,129432,卖盘,002513,2025-10-17 23:00:05
09:40:54,7.9,0.02,426,336134,买盘,002513,2025-10-17 23:00:05
09:40:57,7.9,0.0,211,166511,卖盘,002513,2025-10-17 23:00:05
09:41:00,7.9,0.0,490,387026,卖盘,002513,2025-10-17 23:00:05
09:41:03,7.9,0.0,222,175493,卖盘,002513,2025-10-17 23:00:05
09:41:06,7.89,-0.01,388,306464,卖盘,002513,2025-10-17 23:00:05
09:41:09,7.89,0.0,130,102653,卖盘,002513,2025-10-17 23:00:05
09:41:12,7.89,0.0,259,204497,卖盘,002513,2025-10-17 23:00:05
09:41:15,7.9,0.01,456,360006,买盘,002513,2025-10-17 23:00:05
09:41:18,7.88,-0.02,139,109549,卖盘,002513,2025-10-17 23:00:05
09:41:21,7.88,0.0,265,209022,卖盘,002513,2025-10-17 23:00:05
09:41:24,7.9,0.02,133,104873,买盘,002513,2025-10-17 23:00:05
09:41:27,7.88,-0.02,791,623402,卖盘,002513,2025-10-17 23:00:05
09:41:30,7.89,0.01,225,177371,买盘,002513,2025-10-17 23:00:05
09:41:33,7.88,-0.01,107,84364,卖盘,002513,2025-10-17 23:00:05
09:41:36,7.88,0.0,147,115908,卖盘,002513,2025-10-17 23:00:05
09:41:39,7.87,-0.01,616,485925,卖盘,002513,2025-10-17 23:00:05
09:41:42,7.9,0.03,100,78827,买盘,002513,2025-10-17 23:00:05
09:41:45,7.88,-0.02,174,137170,卖盘,002513,2025-10-17 23:00:05
09:41:48,7.88,0.0,162,127671,卖盘,002513,2025-10-17 23:00:05
09:41:51,7.88,0.0,117,92250,卖盘,002513,2025-10-17 23:00:05
09:41:54,7.88,0.0,248,195432,卖盘,002513,2025-10-17 23:00:05
09:41:57,7.88,0.0,290,228737,卖盘,002513,2025-10-17 23:00:05
09:42:00,7.9,0.02,405,319343,买盘,002513,2025-10-17 23:00:05
09:42:03,7.89,-0.01,113,89157,卖盘,002513,2025-10-17 23:00:05
09:42:06,7.89,0.0,184,145265,卖盘,002513,2025-10-17 23:00:05
09:42:09,7.89,0.0,218,172077,卖盘,002513,2025-10-17 23:00:05
09:42:12,7.89,0.0,158,124731,卖盘,002513,2025-10-17 23:00:05
09:42:15,7.9,0.01,262,206981,买盘,002513,2025-10-17 23:00:05
09:42:18,7.9,0.0,182,143780,卖盘,002513,2025-10-17 23:00:05
09:42:21,7.9,0.0,137,108288,卖盘,002513,2025-10-17 23:00:05
09:42:24,7.92,0.02,243,192078,买盘,002513,2025-10-17 23:00:05
09:42:27,7.92,0.0,85,67259,买盘,002513,2025-10-17 23:00:05
09:42:30,7.92,0.0,88,69694,买盘,002513,2025-10-17 23:00:05
09:42:33,7.92,0.0,175,138610,卖盘,002513,2025-10-17 23:00:05
09:42:36,7.92,0.0,90,71331,卖盘,002513,2025-10-17 23:00:05
09:42:39,7.92,0.0,517,409561,卖盘,002513,2025-10-17 23:00:05
09:42:42,7.92,0.0,688,545482,买盘,002513,2025-10-17 23:00:05
09:42:45,7.92,0.0,507,401204,买盘,002513,2025-10-17 23:00:05
09:42:48,7.91,-0.01,166,131317,买盘,002513,2025-10-17 23:00:05
09:42:51,7.91,0.0,130,102867,买盘,002513,2025-10-17 23:00:05
09:42:54,7.9,-0.01,685,542368,卖盘,002513,2025-10-17 23:00:05
09:42:57,7.91,0.01,173,136826,买盘,002513,2025-10-17 23:00:05
09:43:00,7.92,0.01,99,78301,买盘,002513,2025-10-17 23:00:05
09:43:03,7.91,-0.01,212,167573,卖盘,002513,2025-10-17 23:00:05
09:43:06,7.92,0.01,281,222311,买盘,002513,2025-10-17 23:00:05
09:43:09,7.92,0.0,62,49078,买盘,002513,2025-10-17 23:00:05
09:43:12,7.92,0.0,346,273967,买盘,002513,2025-10-17 23:00:05
09:43:15,7.92,0.0,76,60202,卖盘,002513,2025-10-17 23:00:05
09:43:18,7.91,-0.01,313,248034,卖盘,002513,2025-10-17 23:00:05
09:43:21,7.93,0.02,184,145855,买盘,002513,2025-10-17 23:00:05
09:43:24,7.92,-0.01,347,275001,卖盘,002513,2025-10-17 23:00:05
09:43:27,7.93,0.01,72,57041,中性盘,002513,2025-10-17 23:00:05
09:43:30,7.93,0.0,63,49953,买盘,002513,2025-10-17 23:00:05
09:43:33,7.92,-0.01,449,355993,卖盘,002513,2025-10-17 23:00:05
09:43:36,7.94,0.02,215,170544,买盘,002513,2025-10-17 23:00:05
09:43:39,7.93,-0.01,116,91948,买盘,002513,2025-10-17 23:00:05
09:43:42,7.94,0.01,76,60269,买盘,002513,2025-10-17 23:00:05
09:43:45,7.94,0.0,307,243655,买盘,002513,2025-10-17 23:00:05
09:43:48,7.93,-0.01,237,188036,卖盘,002513,2025-10-17 23:00:05
09:43:51,7.94,0.01,564,447854,买盘,002513,2025-10-17 23:00:05
09:43:54,7.94,0.0,26,20669,卖盘,002513,2025-10-17 23:00:05
09:43:57,7.95,0.01,254,201796,买盘,002513,2025-10-17 23:00:05
09:44:00,7.95,0.0,62,49281,买盘,002513,2025-10-17 23:00:05
09:44:03,7.96,0.01,143,113799,买盘,002513,2025-10-17 23:00:05
09:44:06,7.96,0.0,289,230048,买盘,002513,2025-10-17 23:00:05
09:44:09,7.96,0.0,132,105130,卖盘,002513,2025-10-17 23:00:05
09:44:12,7.96,0.0,77,61316,卖盘,002513,2025-10-17 23:00:05
09:44:15,7.97,0.01,333,265608,中性盘,002513,2025-10-17 23:00:05
09:44:18,7.97,0.0,795,633593,卖盘,002513,2025-10-17 23:00:05
09:44:21,7.97,0.0,65,51872,卖盘,002513,2025-10-17 23:00:05
09:44:24,7.99,0.02,161,128562,买盘,002513,2025-10-17 23:00:05
09:44:27,7.99,0.0,138,110251,买盘,002513,2025-10-17 23:00:05
09:44:30,8.0,0.01,109,87118,买盘,002513,2025-10-17 23:00:05
09:44:33,8.0,0.0,389,311013,买盘,002513,2025-10-17 23:00:05
09:44:36,8.0,0.0,561,448816,买盘,002513,2025-10-17 23:00:05
09:44:39,8.01,0.01,248,198621,买盘,002513,2025-10-17 23:00:05
09:44:42,8.01,0.0,411,329392,买盘,002513,2025-10-17 23:00:05
09:44:45,8.02,0.01,683,548583,买盘,002513,2025-10-17 23:00:05
09:44:48,8.06,0.04,272,219012,买盘,002513,2025-10-17 23:00:05
09:44:51,8.06,0.0,765,615895,买盘,002513,2025-10-17 23:00:05
09:44:54,7.99,-0.07,1309,1050748,卖盘,002513,2025-10-17 23:00:05
09:44:57,8.0,0.01,1191,953939,买盘,002513,2025-10-17 23:00:05
09:45:00,8.0,0.0,320,256330,卖盘,002513,2025-10-17 23:00:05
09:45:03,8.02,0.02,801,640811,买盘,002513,2025-10-17 23:00:05
09:45:06,8.0,-0.02,393,313857,卖盘,002513,2025-10-17 23:00:05
09:45:09,8.0,0.0,262,209841,买盘,002513,2025-10-17 23:00:05
09:45:12,8.0,0.0,279,222476,买盘,002513,2025-10-17 23:00:05
09:45:15,7.95,-0.05,1099,874227,卖盘,002513,2025-10-17 23:00:05
09:45:18,7.96,0.01,210,167294,中性盘,002513,2025-10-17 23:00:05
09:45:21,7.96,0.0,604,480278,卖盘,002513,2025-10-17 23:00:05
09:45:24,7.96,0.0,708,563299,卖盘,002513,2025-10-17 23:00:05
09:45:27,7.96,0.0,148,117818,卖盘,002513,2025-10-17 23:00:05
09:45:30,7.95,-0.01,90,71665,卖盘,002513,2025-10-17 23:00:05
09:45:33,7.96,0.01,133,105811,买盘,002513,2025-10-17 23:00:05
09:45:36,7.99,0.03,1980,1580065,买盘,002513,2025-10-17 23:00:05
09:45:39,8.08,0.09,5621,4526781,买盘,002513,2025-10-17 23:00:05
09:45:42,8.07,-0.01,141,113884,卖盘,002513,2025-10-17 23:00:05
09:45:45,8.04,-0.03,790,635699,卖盘,002513,2025-10-17 23:00:05
09:45:48,8.04,0.0,1277,1029757,卖盘,002513,2025-10-17 23:00:05
09:45:51,8.06,0.02,330,265609,买盘,002513,2025-10-17 23:00:05
09:45:54,8.06,0.0,194,156202,买盘,002513,2025-10-17 23:00:05
09:45:57,8.04,-0.02,104,83724,卖盘,002513,2025-10-17 23:00:05
09:46:00,8.06,0.02,393,316975,中性盘,002513,2025-10-17 23:00:05
09:46:03,8.06,0.0,954,767147,买盘,002513,2025-10-17 23:00:05
09:46:06,8.02,-0.04,871,699277,卖盘,002513,2025-10-17 23:00:05
09:46:09,8.07,0.05,1044,840734,买盘,002513,2025-10-17 23:00:05
09:46:12,8.03,-0.04,185,148518,中性盘,002513,2025-10-17 23:00:05
09:46:15,8.02,-0.01,325,260775,卖盘,002513,2025-10-17 23:00:05
09:46:18,8.04,0.02,347,278757,买盘,002513,2025-10-17 23:00:05
09:46:21,8.03,-0.01,426,342477,卖盘,002513,2025-10-17 23:00:05
09:46:24,8.04,0.01,1009,810781,买盘,002513,2025-10-17 23:00:05
09:46:27,8.02,-0.02,639,513562,卖盘,002513,2025-10-17 23:00:05
09:46:30,8.03,0.01,289,231836,买盘,002513,2025-10-17 23:00:05
09:46:33,8.03,0.0,641,513747,买盘,002513,2025-10-17 23:00:05
09:46:36,8.01,-0.02,452,361640,卖盘,002513,2025-10-17 23:00:05
09:46:39,8.0,-0.01,51,40836,卖盘,002513,2025-10-17 23:00:05
09:46:42,7.99,-0.01,61,48800,卖盘,002513,2025-10-17 23:00:05
09:46:45,7.99,0.0,272,217654,卖盘,002513,2025-10-17 23:00:05
09:46:48,7.99,0.0,59,47133,买盘,002513,2025-10-17 23:00:05
09:46:51,7.98,-0.01,76,60670,卖盘,002513,2025-10-17 23:00:05
09:46:54,7.96,-0.02,7,5584,卖盘,002513,2025-10-17 23:00:05
09:46:57,7.96,0.0,291,231661,卖盘,002513,2025-10-17 23:00:05
09:47:00,7.95,-0.01,397,315899,卖盘,002513,2025-10-17 23:00:05
09:47:03,7.96,0.01,110,87579,中性盘,002513,2025-10-17 23:00:05
09:47:06,7.97,0.01,106,84485,买盘,002513,2025-10-17 23:00:05
09:47:09,7.98,0.01,861,685439,买盘,002513,2025-10-17 23:00:05
09:47:12,7.99,0.01,54,43095,买盘,002513,2025-10-17 23:00:05
09:47:15,7.98,-0.01,246,196537,卖盘,002513,2025-10-17 23:00:05
09:47:18,7.98,0.0,245,195799,卖盘,002513,2025-10-17 23:00:05
09:47:21,7.99,0.01,62,49573,中性盘,002513,2025-10-17 23:00:05
09:47:24,7.99,0.0,226,180850,卖盘,002513,2025-10-17 23:00:05
09:47:27,8.0,0.01,20,16002,卖盘,002513,2025-10-17 23:00:05
09:47:30,8.01,0.01,38,30437,买盘,002513,2025-10-17 23:00:05
09:47:33,8.02,0.01,77,61739,买盘,002513,2025-10-17 23:00:05
09:47:36,8.01,-0.01,161,129074,卖盘,002513,2025-10-17 23:00:05
09:47:39,8.02,0.01,605,485142,买盘,002513,2025-10-17 23:00:05
09:47:42,8.03,0.01,66,52955,买盘,002513,2025-10-17 23:00:05
09:47:45,8.03,0.0,80,64228,买盘,002513,2025-10-17 23:00:05
09:47:48,8.03,0.0,388,311491,买盘,002513,2025-10-17 23:00:05
09:47:51,8.03,0.0,128,102729,买盘,002513,2025-10-17 23:00:05
09:47:54,8.03,0.0,162,130065,买盘,002513,2025-10-17 23:00:05
09:47:57,8.03,0.0,194,155727,买盘,002513,2025-10-17 23:00:05
09:48:00,8.02,-0.01,254,203758,卖盘,002513,2025-10-17 23:00:05
09:48:03,8.02,0.0,676,541468,买盘,002513,2025-10-17 23:00:05
09:48:06,8.01,-0.01,185,148295,中性盘,002513,2025-10-17 23:00:05
09:48:09,8.0,-0.01,850,679042,卖盘,002513,2025-10-17 23:00:05
09:48:12,7.97,-0.03,223,177943,卖盘,002513,2025-10-17 23:00:05
09:48:15,7.95,-0.02,2363,1876997,卖盘,002513,2025-10-17 23:00:05
09:48:18,7.94,-0.01,316,250352,买盘,002513,2025-10-17 23:00:05
09:48:21,7.92,-0.02,140,110986,卖盘,002513,2025-10-17 23:00:05
09:48:24,7.92,0.0,82,64946,卖盘,002513,2025-10-17 23:00:05
09:48:27,7.92,0.0,52,41238,卖盘,002513,2025-10-17 23:00:05
09:48:30,7.94,0.02,24,19038,买盘,002513,2025-10-17 23:00:05
09:48:33,7.92,-0.02,325,257426,卖盘,002513,2025-10-17 23:00:05
09:48:36,7.94,0.02,149,118218,买盘,002513,2025-10-17 23:00:05
09:48:39,7.95,0.01,123,97674,买盘,002513,2025-10-17 23:00:05
09:48:42,7.95,0.0,127,100859,买盘,002513,2025-10-17 23:00:05
09:48:45,7.95,0.0,151,119985,卖盘,002513,2025-10-17 23:00:05
09:48:48,7.95,0.0,154,122401,买盘,002513,2025-10-17 23:00:05
09:48:51,7.95,0.0,38,30193,买盘,002513,2025-10-17 23:00:05
09:48:54,7.94,-0.01,28,22236,卖盘,002513,2025-10-17 23:00:05
09:48:57,7.95,0.01,92,73085,买盘,002513,2025-10-17 23:00:05
09:49:00,7.94,-0.01,109,86624,卖盘,002513,2025-10-17 23:00:05
09:49:03,7.94,0.0,60,47682,卖盘,002513,2025-10-17 23:00:05
09:49:06,7.94,0.0,165,131037,卖盘,002513,2025-10-17 23:00:05
09:49:09,7.95,0.01,182,144534,买盘,002513,2025-10-17 23:00:05
09:49:12,7.95,0.0,320,254122,买盘,002513,2025-10-17 23:00:05
09:49:15,7.95,0.0,27,21465,卖盘,002513,2025-10-17 23:00:05
09:49:18,7.95,0.0,60,47701,卖盘,002513,2025-10-17 23:00:05
09:49:21,7.97,0.02,90,71611,买盘,002513,2025-10-17 23:00:05
09:49:24,7.97,0.0,49,39005,买盘,002513,2025-10-17 23:00:05
09:49:27,7.95,-0.02,633,504478,卖盘,002513,2025-10-17 23:00:05
09:49:30,7.97,0.02,161,128163,买盘,002513,2025-10-17 23:00:05
09:49:33,7.98,0.01,261,208136,买盘,002513,2025-10-17 23:00:05
09:49:36,7.96,-0.02,163,129910,中性盘,002513,2025-10-17 23:00:05
09:49:39,7.95,-0.01,95,75629,卖盘,002513,2025-10-17 23:00:05
09:49:42,7.95,0.0,433,344673,卖盘,002513,2025-10-17 23:00:05
09:49:45,7.96,0.01,82,65282,卖盘,002513,2025-10-17 23:00:05
09:49:48,7.97,0.01,78,62167,买盘,002513,2025-10-17 23:00:05
09:49:51,7.98,0.01,248,197887,买盘,002513,2025-10-17 23:00:05
09:49:54,7.97,-0.01,291,232131,卖盘,002513,2025-10-17 23:00:05
09:49:57,7.97,0.0,193,153877,卖盘,002513,2025-10-17 23:00:05
09:50:00,7.97,0.0,457,364461,卖盘,002513,2025-10-17 23:00:05
09:50:03,7.97,0.0,40,31880,买盘,002513,2025-10-17 23:00:05
09:50:06,7.97,0.0,397,316107,买盘,002513,2025-10-17 23:00:05
09:50:09,7.97,0.0,222,176974,买盘,002513,2025-10-17 23:00:05
09:50:12,7.98,0.01,16,12753,买盘,002513,2025-10-17 23:00:05
09:50:15,7.97,-0.01,76,60576,卖盘,002513,2025-10-17 23:00:05
09:50:18,7.97,0.0,86,68574,卖盘,002513,2025-10-17 23:00:05
09:50:21,7.96,-0.01,364,289963,卖盘,002513,2025-10-17 23:00:05
09:50:24,7.97,0.01,57,45423,买盘,002513,2025-10-17 23:00:05
09:50:27,7.97,0.0,130,103565,卖盘,002513,2025-10-17 23:00:05
09:50:30,7.96,-0.01,46,36650,卖盘,002513,2025-10-17 23:00:05
09:50:33,7.97,0.01,86,68546,中性盘,002513,2025-10-17 23:00:05
09:50:36,7.96,-0.01,50,39850,卖盘,002513,2025-10-17 23:00:05
09:50:39,7.96,0.0,66,52596,卖盘,002513,2025-10-17 23:00:05
09:50:42,7.97,0.01,137,109018,买盘,002513,2025-10-17 23:00:05
09:50:45,7.95,-0.02,689,547941,卖盘,002513,2025-10-17 23:00:05
09:50:48,7.97,0.02,218,173552,买盘,002513,2025-10-17 23:00:05
09:50:51,7.95,-0.02,7,5577,中性盘,002513,2025-10-17 23:00:05
09:50:54,7.95,0.0,63,50046,买盘,002513,2025-10-17 23:00:05
09:50:57,7.95,0.0,92,73071,买盘,002513,2025-10-17 23:00:05
09:51:00,7.95,0.0,333,264419,买盘,002513,2025-10-17 23:00:05
09:51:03,7.94,-0.01,82,65111,中性盘,002513,2025-10-17 23:00:05
09:51:06,7.93,-0.01,98,77744,卖盘,002513,2025-10-17 23:00:05
09:51:09,7.93,0.0,304,241133,卖盘,002513,2025-10-17 23:00:05
09:51:12,7.94,0.01,145,115135,买盘,002513,2025-10-17 23:00:05
09:51:15,7.93,-0.01,284,225376,卖盘,002513,2025-10-17 23:00:05
09:51:18,7.92,-0.01,267,211647,卖盘,002513,2025-10-17 23:00:05
09:51:21,7.92,0.0,309,244737,卖盘,002513,2025-10-17 23:00:05
09:51:24,7.92,0.0,279,221009,卖盘,002513,2025-10-17 23:00:05
09:51:27,7.93,0.01,225,178255,买盘,002513,2025-10-17 23:00:05
09:51:30,7.92,-0.01,159,126026,卖盘,002513,2025-10-17 23:00:05
09:51:33,7.92,0.0,198,156793,买盘,002513,2025-10-17 23:00:05
09:51:36,7.92,0.0,140,110910,卖盘,002513,2025-10-17 23:00:05
09:51:39,7.92,0.0,225,178145,卖盘,002513,2025-10-17 23:00:05
09:51:42,7.92,0.0,98,77629,卖盘,002513,2025-10-17 23:00:05
09:51:45,7.92,0.0,228,180634,卖盘,002513,2025-10-17 23:00:05
09:51:48,7.92,0.0,105,83168,卖盘,002513,2025-10-17 23:00:05
09:51:51,7.94,0.02,124,98313,买盘,002513,2025-10-17 23:00:05
09:51:54,7.92,-0.02,267,211519,卖盘,002513,2025-10-17 23:00:05
09:51:57,7.92,0.0,134,106144,买盘,002513,2025-10-17 23:00:05
09:52:00,7.93,0.01,79,62695,中性盘,002513,2025-10-17 23:00:05
09:52:03,7.93,0.0,38,30134,卖盘,002513,2025-10-17 23:00:05
09:52:06,7.95,0.02,154,122249,买盘,002513,2025-10-17 23:00:05
09:52:09,7.93,-0.02,37,29341,买盘,002513,2025-10-17 23:00:05
09:52:12,7.95,0.02,49,38855,买盘,002513,2025-10-17 23:00:05
09:52:15,7.93,-0.02,35,27757,卖盘,002513,2025-10-17 23:00:05
09:52:18,7.95,0.02,89,70691,买盘,002513,2025-10-17 23:00:05
09:52:21,7.95,0.0,82,65120,买盘,002513,2025-10-17 23:00:05
09:52:24,7.95,0.0,61,48496,买盘,002513,2025-10-17 23:00:05
09:52:27,7.96,0.01,97,77146,买盘,002513,2025-10-17 23:00:05
09:52:30,7.95,-0.01,95,75592,卖盘,002513,2025-10-17 23:00:05
09:52:33,7.95,0.0,29,23059,卖盘,002513,2025-10-17 23:00:05
09:52:36,7.95,0.0,82,65176,卖盘,002513,2025-10-17 23:00:05
09:52:39,7.96,0.01,75,59635,买盘,002513,2025-10-17 23:00:05
09:52:42,7.95,-0.01,76,60420,卖盘,002513,2025-10-17 23:00:05
09:52:45,7.96,0.01,666,529478,买盘,002513,2025-10-17 23:00:05
09:52:48,7.96,0.0,72,57311,买盘,002513,2025-10-17 23:00:05
09:52:51,7.96,0.0,36,28656,买盘,002513,2025-10-17 23:00:05
09:52:54,7.99,0.03,476,379523,买盘,002513,2025-10-17 23:00:05
09:52:57,8.0,0.01,648,517930,买盘,002513,2025-10-17 23:00:05
09:53:00,8.01,0.01,86,68860,买盘,002513,2025-10-17 23:00:05
09:53:03,8.0,-0.01,59,47245,卖盘,002513,2025-10-17 23:00:05
09:53:06,8.01,0.01,190,152161,买盘,002513,2025-10-17 23:00:05
09:53:09,8.06,0.05,2354,1891615,买盘,002513,2025-10-17 23:00:05
09:53:12,8.04,-0.02,100,80498,卖盘,002513,2025-10-17 23:00:05
09:53:15,8.07,0.03,590,475490,买盘,002513,2025-10-17 23:00:05
09:53:18,8.08,0.01,183,147568,买盘,002513,2025-10-17 23:00:05
09:53:21,8.09,0.01,1524,1232011,买盘,002513,2025-10-17 23:00:05
09:53:24,8.1,0.01,1151,934380,买盘,002513,2025-10-17 23:00:05
09:53:27,8.19,0.09,5873,4795411,买盘,002513,2025-10-17 23:00:05
09:53:30,8.2,0.01,1749,1433993,买盘,002513,2025-10-17 23:00:05
09:53:33,8.2,0.0,1178,966116,买盘,002513,2025-10-17 23:00:05
09:53:36,8.21,0.01,1441,1182686,买盘,002513,2025-10-17 23:00:05
09:53:39,8.21,0.0,2116,1736821,买盘,002513,2025-10-17 23:00:05
09:53:42,8.22,0.01,1445,1186756,买盘,002513,2025-10-17 23:00:05
09:53:45,8.2,-0.02,2113,1734537,卖盘,002513,2025-10-17 23:00:05
09:53:48,8.18,-0.02,1129,926038,卖盘,002513,2025-10-17 23:00:05
09:53:51,8.17,-0.01,1525,1248247,卖盘,002513,2025-10-17 23:00:05
09:53:54,8.15,-0.02,761,621083,中性盘,002513,2025-10-17 23:00:05
09:53:57,8.17,0.02,1066,870119,买盘,002513,2025-10-17 23:00:05
09:54:00,8.16,-0.01,1273,1037869,卖盘,002513,2025-10-17 23:00:05
09:54:03,8.14,-0.02,1068,872675,卖盘,002513,2025-10-17 23:00:05
09:54:06,8.15,0.01,568,463458,卖盘,002513,2025-10-17 23:00:05
09:54:09,8.16,0.01,298,242925,买盘,002513,2025-10-17 23:00:05
09:54:12,8.17,0.01,991,808929,买盘,002513,2025-10-17 23:00:05
09:54:15,8.17,0.0,604,493333,买盘,002513,2025-10-17 23:00:05
09:54:18,8.18,0.01,521,425807,买盘,002513,2025-10-17 23:00:05
09:54:21,8.18,0.0,535,437778,卖盘,002513,2025-10-17 23:00:05
09:54:24,8.2,0.02,526,430949,买盘,002513,2025-10-17 23:00:05
09:54:27,8.2,0.0,324,265609,买盘,002513,2025-10-17 23:00:05
09:54:30,8.2,0.0,877,719439,买盘,002513,2025-10-17 23:00:05
09:54:33,8.22,0.02,499,409541,买盘,002513,2025-10-17 23:00:05
09:54:36,8.22,0.0,656,539357,买盘,002513,2025-10-17 23:00:05
09:54:39,8.23,0.01,1187,976692,买盘,002513,2025-10-17 23:00:05
09:54:42,8.24,0.01,768,632545,买盘,002513,2025-10-17 23:00:05
09:54:45,8.24,0.0,942,776887,卖盘,002513,2025-10-17 23:00:05
09:54:48,8.25,0.01,857,707414,买盘,002513,2025-10-17 23:00:05
09:54:51,8.27,0.02,1221,1007651,买盘,002513,2025-10-17 23:00:05
09:54:54,8.28,0.01,4430,3672908,买盘,002513,2025-10-17 23:00:05
09:54:57,8.29,0.01,370,306653,买盘,002513,2025-10-17 23:00:05
09:55:00,8.3,0.01,1656,1373385,买盘,002513,2025-10-17 23:00:05
09:55:03,8.31,0.01,965,801439,买盘,002513,2025-10-17 23:00:05
09:55:06,8.32,0.01,855,711508,买盘,002513,2025-10-17 23:00:05
09:55:09,8.33,0.01,603,502262,买盘,002513,2025-10-17 23:00:05
09:55:12,8.35,0.02,2931,2444807,买盘,002513,2025-10-17 23:00:05
09:55:15,8.35,0.0,1547,1291421,买盘,002513,2025-10-17 23:00:05
09:55:18,8.35,0.0,3972,3313035,卖盘,002513,2025-10-17 23:00:05
09:55:21,8.32,-0.03,2461,2052352,卖盘,002513,2025-10-17 23:00:05
09:55:24,8.3,-0.02,2260,1882493,卖盘,002513,2025-10-17 23:00:05
09:55:27,8.28,-0.02,2996,2488843,卖盘,002513,2025-10-17 23:00:05
09:55:30,8.28,0.0,909,752423,买盘,002513,2025-10-17 23:00:05
09:55:33,8.26,-0.02,1290,1066338,卖盘,002513,2025-10-17 23:00:05
09:55:36,8.24,-0.02,1740,1436322,卖盘,002513,2025-10-17 23:00:05
09:55:39,8.24,0.0,1197,986582,卖盘,002513,2025-10-17 23:00:05
09:55:42,8.23,-0.01,946,778746,卖盘,002513,2025-10-17 23:00:05
09:55:45,8.23,0.0,658,541131,卖盘,002513,2025-10-17 23:00:05
09:55:48,8.22,-0.01,964,792756,卖盘,002513,2025-10-17 23:00:05
09:55:51,8.21,-0.01,540,443803,卖盘,002513,2025-10-17 23:00:05
09:55:54,8.21,0.0,1810,1485945,卖盘,002513,2025-10-17 23:00:05
09:55:57,8.2,-0.01,801,657761,卖盘,002513,2025-10-17 23:00:05
09:56:00,8.21,0.01,1830,1501865,买盘,002513,2025-10-17 23:00:05
09:56:03,8.24,0.03,3204,2641370,买盘,002513,2025-10-17 23:00:05
09:56:06,8.28,0.04,693,572147,买盘,002513,2025-10-17 23:00:05
09:56:09,8.29,0.01,195,161610,买盘,002513,2025-10-17 23:00:05
09:56:12,8.3,0.01,1069,886684,买盘,002513,2025-10-17 23:00:05
09:56:15,8.31,0.01,1220,1012340,买盘,002513,2025-10-17 23:00:05
09:56:18,8.31,0.0,908,754797,卖盘,002513,2025-10-17 23:00:05
09:56:21,8.31,0.0,2650,2205859,卖盘,002513,2025-10-17 23:00:05
09:56:24,8.28,-0.03,5031,4172750,卖盘,002513,2025-10-17 23:00:05
09:56:27,8.24,-0.04,642,531547,卖盘,002513,2025-10-17 23:00:05
09:56:30,8.24,0.0,509,420364,卖盘,002513,2025-10-17 23:00:05
09:56:33,8.22,-0.02,953,784369,卖盘,002513,2025-10-17 23:00:05
09:56:36,8.21,-0.01,751,617309,卖盘,002513,2025-10-17 23:00:05
09:56:39,8.2,-0.01,793,651609,卖盘,002513,2025-10-17 23:00:05
09:56:42,8.23,0.03,258,212158,中性盘,002513,2025-10-17 23:00:05
09:56:45,8.24,0.01,461,379834,买盘,002513,2025-10-17 23:00:05
09:56:48,8.28,0.04,446,367562,买盘,002513,2025-10-17 23:00:05
09:56:51,8.28,0.0,403,333166,买盘,002513,2025-10-17 23:00:05
09:56:54,8.29,0.01,267,221223,买盘,002513,2025-10-17 23:00:05
09:56:57,8.31,0.02,850,705418,买盘,002513,2025-10-17 23:00:05
09:57:00,8.29,-0.02,2967,2461840,卖盘,002513,2025-10-17 23:00:05
09:57:03,8.28,-0.01,2316,1914109,卖盘,002513,2025-10-17 23:00:05
09:57:06,8.28,0.0,615,507323,买盘,002513,2025-10-17 23:00:05
09:57:09,8.24,-0.04,1342,1110209,中性盘,002513,2025-10-17 23:00:05
09:57:12,8.24,0.0,668,551014,卖盘,002513,2025-10-17 23:00:05
09:57:15,8.23,-0.01,1296,1067048,中性盘,002513,2025-10-17 23:00:05
09:57:18,8.23,0.0,404,332172,买盘,002513,2025-10-17 23:00:05
09:57:21,8.24,0.01,1135,936118,买盘,002513,2025-10-17 23:00:05
09:57:24,8.23,-0.01,279,229906,卖盘,002513,2025-10-17 23:00:05
09:57:27,8.24,0.01,167,137764,中性盘,002513,2025-10-17 23:00:05
09:57:30,8.27,0.03,120,99183,卖盘,002513,2025-10-17 23:00:05
09:57:33,8.32,0.05,2537,2105891,买盘,002513,2025-10-17 23:00:05
09:57:36,8.34,0.02,468,389768,买盘,002513,2025-10-17 23:00:05
09:57:39,8.34,0.0,341,284349,买盘,002513,2025-10-17 23:00:05
09:57:42,8.34,0.0,1693,1411687,买盘,002513,2025-10-17 23:00:05
09:57:45,8.34,0.0,2805,2338612,买盘,002513,2025-10-17 23:00:05
09:57:48,8.34,0.0,1553,1296615,卖盘,002513,2025-10-17 23:00:05
09:57:51,8.38,0.04,1884,1574844,买盘,002513,2025-10-17 23:00:05
09:57:54,8.36,-0.02,1277,1066497,卖盘,002513,2025-10-17 23:00:05
09:57:57,8.38,0.02,1095,916449,买盘,002513,2025-10-17 23:00:05
09:58:00,8.37,-0.01,2283,1909754,买盘,002513,2025-10-17 23:00:05
09:58:03,8.37,0.0,795,665726,卖盘,002513,2025-10-17 23:00:05
09:58:06,8.38,0.01,2733,2288849,买盘,002513,2025-10-17 23:00:05
09:58:09,8.39,0.01,2007,1680612,买盘,002513,2025-10-17 23:00:05
09:58:12,8.36,-0.03,2008,1682699,卖盘,002513,2025-10-17 23:00:05
09:58:15,8.34,-0.02,774,647208,卖盘,002513,2025-10-17 23:00:05
09:58:18,8.35,0.01,345,287650,买盘,002513,2025-10-17 23:00:05
09:58:21,8.34,-0.01,1778,1483168,卖盘,002513,2025-10-17 23:00:05
09:58:24,8.36,0.02,4622,3875785,买盘,002513,2025-10-17 23:00:05
09:58:27,8.35,-0.01,915,765179,卖盘,002513,2025-10-17 23:00:05
09:58:30,8.4,0.05,1346,1128650,买盘,002513,2025-10-17 23:00:05
09:58:33,8.41,0.01,651,546652,买盘,002513,2025-10-17 23:00:05
09:58:36,8.4,-0.01,555,466252,卖盘,002513,2025-10-17 23:00:05
09:58:39,8.41,0.01,2367,1993673,买盘,002513,2025-10-17 23:00:05
09:58:42,8.4,-0.01,969,813871,卖盘,002513,2025-10-17 23:00:05
09:58:45,8.44,0.04,1439,1211417,买盘,002513,2025-10-17 23:00:05
09:58:48,8.42,-0.02,742,624281,卖盘,002513,2025-10-17 23:00:05
09:58:51,8.42,0.0,725,611306,买盘,002513,2025-10-17 23:00:05
09:58:54,8.44,0.02,1327,1119765,买盘,002513,2025-10-17 23:00:05
09:58:57,8.44,0.0,740,624286,买盘,002513,2025-10-17 23:00:05
09:59:00,8.45,0.01,721,608836,买盘,002513,2025-10-17 23:00:05
09:59:03,8.44,-0.01,1676,1415662,卖盘,002513,2025-10-17 23:00:05
09:59:06,8.44,0.0,1313,1108696,卖盘,002513,2025-10-17 23:00:05
09:59:09,8.43,-0.01,1337,1128031,卖盘,002513,2025-10-17 23:00:05
09:59:12,8.42,-0.01,1574,1327417,卖盘,002513,2025-10-17 23:00:05
09:59:15,8.41,-0.01,618,519958,卖盘,002513,2025-10-17 23:00:05
09:59:18,8.42,0.01,2374,1998588,买盘,002513,2025-10-17 23:00:05
09:59:21,8.43,0.01,1370,1153018,买盘,002513,2025-10-17 23:00:05
09:59:24,8.43,0.0,1943,1638265,买盘,002513,2025-10-17 23:00:05
09:59:27,8.43,0.0,1366,1151032,卖盘,002513,2025-10-17 23:00:05
09:59:30,8.5,0.07,10016,8499923,买盘,002513,2025-10-17 23:00:05
09:59:33,8.51,0.01,858,729612,买盘,002513,2025-10-17 23:00:05
09:59:36,8.51,0.0,2009,1713650,买盘,002513,2025-10-17 23:00:05
09:59:39,8.55,0.04,1373,1172790,买盘,002513,2025-10-17 23:00:05
09:59:42,8.55,0.0,1614,1379800,买盘,002513,2025-10-17 23:00:05
09:59:45,8.56,0.01,1368,1171662,买盘,002513,2025-10-17 23:00:05
09:59:48,8.62,0.06,3026,2600410,买盘,002513,2025-10-17 23:00:05
09:59:51,8.63,0.01,809,695939,买盘,002513,2025-10-17 23:00:05
09:59:54,8.65,0.02,1173,1012452,买盘,002513,2025-10-17 23:00:05
09:59:57,8.65,0.0,2005,1732900,买盘,002513,2025-10-17 23:00:05
10:00:00,8.64,-0.01,2965,2562777,卖盘,002513,2025-10-17 23:00:05
10:00:03,8.63,-0.01,2304,1989651,卖盘,002513,2025-10-17 23:00:05
10:00:06,8.59,-0.04,2046,1761915,卖盘,002513,2025-10-17 23:00:05
10:00:09,8.58,-0.01,840,720846,卖盘,002513,2025-10-17 23:00:05
10:00:12,8.55,-0.03,1416,1212909,卖盘,002513,2025-10-17 23:00:05
10:00:15,8.51,-0.04,1230,1051609,卖盘,002513,2025-10-17 23:00:05
10:00:18,8.51,0.0,417,355220,卖盘,002513,2025-10-17 23:00:05
10:00:21,8.51,0.0,1035,881288,买盘,002513,2025-10-17 23:00:05
10:00:24,8.54,0.03,1463,1247116,买盘,002513,2025-10-17 23:00:05
10:00:27,8.54,0.0,1242,1060524,卖盘,002513,2025-10-17 23:00:05
10:00:30,8.54,0.0,2191,1870960,卖盘,002513,2025-10-17 23:00:05
10:00:33,8.54,0.0,1405,1200126,买盘,002513,2025-10-17 23:00:05
10:00:36,8.52,-0.02,1305,1113022,卖盘,002513,2025-10-17 23:00:05
10:00:39,8.52,0.0,490,417456,买盘,002513,2025-10-17 23:00:05
10:00:42,8.52,0.0,1411,1201464,卖盘,002513,2025-10-17 23:00:05
10:00:45,8.52,0.0,1662,1415850,买盘,002513,2025-10-17 23:00:05
10:00:48,8.51,-0.01,378,321645,卖盘,002513,2025-10-17 23:00:05
10:00:51,8.51,0.0,239,203308,买盘,002513,2025-10-17 23:00:05
10:00:54,8.5,-0.01,588,499906,卖盘,002513,2025-10-17 23:00:05
10:00:57,8.5,0.0,517,439698,买盘,002513,2025-10-17 23:00:05
10:01:00,8.5,0.0,714,606522,买盘,002513,2025-10-17 23:00:05
10:01:03,8.49,-0.01,1209,1026601,卖盘,002513,2025-10-17 23:00:05
10:01:06,8.48,-0.01,276,234274,中性盘,002513,2025-10-17 23:00:05
10:01:09,8.48,0.0,330,279623,买盘,002513,2025-10-17 23:00:05
10:01:12,8.47,-0.01,335,283631,中性盘,002513,2025-10-17 23:00:05
10:01:15,8.45,-0.02,450,380768,卖盘,002513,2025-10-17 23:00:05
10:01:18,8.44,-0.01,332,280320,卖盘,002513,2025-10-17 23:00:05
10:01:21,8.44,0.0,862,727651,卖盘,002513,2025-10-17 23:00:05
10:01:24,8.43,-0.01,257,216840,卖盘,002513,2025-10-17 23:00:05
10:01:27,8.43,0.0,451,380327,卖盘,002513,2025-10-17 23:00:05
10:01:30,8.43,0.0,882,743437,卖盘,002513,2025-10-17 23:00:05
10:01:33,8.52,0.09,4548,3862189,买盘,002513,2025-10-17 23:00:05
10:01:36,8.53,0.01,754,642524,买盘,002513,2025-10-17 23:00:05
10:01:39,8.54,0.01,822,701220,买盘,002513,2025-10-17 23:00:05
10:01:42,8.54,0.0,814,695114,买盘,002513,2025-10-17 23:00:05
10:01:45,8.54,0.0,369,315328,卖盘,002513,2025-10-17 23:00:05
10:01:48,8.54,0.0,1391,1189571,卖盘,002513,2025-10-17 23:00:05
10:01:51,8.56,0.02,466,398386,买盘,002513,2025-10-17 23:00:05
10:01:54,8.57,0.01,535,458043,买盘,002513,2025-10-17 23:00:05
10:01:57,8.56,-0.01,695,595121,中性盘,002513,2025-10-17 23:00:05
10:02:00,8.56,0.0,991,848315,买盘,002513,2025-10-17 23:00:05
10:02:03,8.55,-0.01,1382,1181176,卖盘,002513,2025-10-17 23:00:05
10:02:06,8.54,-0.01,1074,918023,卖盘,002513,2025-10-17 23:00:05
10:02:09,8.53,-0.01,896,765150,卖盘,002513,2025-10-17 23:00:05
10:02:12,8.53,0.0,327,278980,卖盘,002513,2025-10-17 23:00:05
10:02:15,8.52,-0.01,1797,1530396,卖盘,002513,2025-10-17 23:00:05
10:02:18,8.55,0.03,9600,8206894,买盘,002513,2025-10-17 23:00:05
10:02:21,8.56,0.01,529,452345,中性盘,002513,2025-10-17 23:00:05
10:02:24,8.56,0.0,947,810486,卖盘,002513,2025-10-17 23:00:05
10:02:27,8.55,-0.01,716,612501,卖盘,002513,2025-10-17 23:00:05
10:02:30,8.55,0.0,828,707929,买盘,002513,2025-10-17 23:00:05
10:02:33,8.55,0.0,930,795389,买盘,002513,2025-10-17 23:00:05
10:02:36,8.55,0.0,669,572254,卖盘,002513,2025-10-17 23:00:05
10:02:39,8.55,0.0,1054,901081,卖盘,002513,2025-10-17 23:00:05
10:02:42,8.55,0.0,290,247733,买盘,002513,2025-10-17 23:00:05
10:02:45,8.54,-0.01,521,445312,卖盘,002513,2025-10-17 23:00:05
10:02:48,8.54,0.0,1118,954835,卖盘,002513,2025-10-17 23:00:05
10:02:51,8.53,-0.01,460,392637,卖盘,002513,2025-10-17 23:00:05
10:02:54,8.52,-0.01,192,163679,卖盘,002513,2025-10-17 23:00:05
10:02:57,8.52,0.0,402,342688,卖盘,002513,2025-10-17 23:00:05
10:03:00,8.52,0.0,471,401305,卖盘,002513,2025-10-17 23:00:05
10:03:03,8.51,-0.01,580,493659,卖盘,002513,2025-10-17 23:00:05
10:03:06,8.5,-0.01,351,298613,卖盘,002513,2025-10-17 23:00:05
10:03:09,8.5,0.0,388,330015,卖盘,002513,2025-10-17 23:00:05
10:03:12,8.5,0.0,768,652823,卖盘,002513,2025-10-17 23:00:05
10:03:15,8.5,0.0,1403,1193578,卖盘,002513,2025-10-17 23:00:05
10:03:18,8.49,-0.01,142,120637,卖盘,002513,2025-10-17 23:00:05
10:03:21,8.48,-0.01,46,38982,卖盘,002513,2025-10-17 23:00:05
10:03:24,8.48,0.0,136,115296,买盘,002513,2025-10-17 23:00:05
10:03:27,8.46,-0.02,425,359993,卖盘,002513,2025-10-17 23:00:05
10:03:30,8.46,0.0,447,377838,卖盘,002513,2025-10-17 23:00:05
10:03:33,8.45,-0.01,264,222935,中性盘,002513,2025-10-17 23:00:05
10:03:36,8.43,-0.02,488,411505,卖盘,002513,2025-10-17 23:00:05
10:03:39,8.42,-0.01,545,459168,卖盘,002513,2025-10-17 23:00:05
10:03:42,8.42,0.0,124,104358,买盘,002513,2025-10-17 23:00:05
10:03:45,8.41,-0.01,458,385298,卖盘,002513,2025-10-17 23:00:05
10:03:48,8.4,-0.01,393,330425,卖盘,002513,2025-10-17 23:00:05
10:03:51,8.4,0.0,292,245403,卖盘,002513,2025-10-17 23:00:05
10:03:54,8.4,0.0,360,302492,卖盘,002513,2025-10-17 23:00:05
10:03:57,8.4,0.0,687,577289,卖盘,002513,2025-10-17 23:00:05
10:04:00,8.41,0.01,513,431421,买盘,002513,2025-10-17 23:00:05
10:04:03,8.43,0.02,996,838443,买盘,002513,2025-10-17 23:00:05
10:04:06,8.42,-0.01,501,422328,卖盘,002513,2025-10-17 23:00:05
10:04:09,8.45,0.03,209,176356,买盘,002513,2025-10-17 23:00:05
10:04:12,8.46,0.01,116,98107,买盘,002513,2025-10-17 23:00:05
10:04:15,8.48,0.02,380,321769,买盘,002513,2025-10-17 23:00:05
10:04:18,8.48,0.0,328,278296,买盘,002513,2025-10-17 23:00:05
10:04:21,8.5,0.02,449,381398,买盘,002513,2025-10-17 23:00:05
10:04:24,8.5,0.0,212,180143,买盘,002513,2025-10-17 23:00:05
10:04:27,8.51,0.01,176,149720,买盘,002513,2025-10-17 23:00:05
10:04:30,8.52,0.01,533,453253,买盘,002513,2025-10-17 23:00:05
10:04:33,8.52,0.0,185,157647,买盘,002513,2025-10-17 23:00:05
10:04:36,8.53,0.01,197,167943,买盘,002513,2025-10-17 23:00:05
10:04:39,8.53,0.0,538,458451,买盘,002513,2025-10-17 23:00:05
10:04:42,8.53,0.0,513,437687,买盘,002513,2025-10-17 23:00:05
10:04:45,8.53,0.0,393,335453,卖盘,002513,2025-10-17 23:00:05
10:04:48,8.51,-0.02,479,408318,卖盘,002513,2025-10-17 23:00:05
10:04:51,8.51,0.0,440,374120,买盘,002513,2025-10-17 23:00:05
10:04:54,8.49,-0.02,259,220315,卖盘,002513,2025-10-17 23:00:05
10:04:57,8.49,0.0,181,153761,卖盘,002513,2025-10-17 23:00:05
10:05:00,8.47,-0.02,217,183931,卖盘,002513,2025-10-17 23:00:05
10:05:03,8.47,0.0,47,39819,卖盘,002513,2025-10-17 23:00:05
10:05:06,8.47,0.0,230,194789,卖盘,002513,2025-10-17 23:00:05
10:05:09,8.46,-0.01,157,132895,卖盘,002513,2025-10-17 23:00:05
10:05:12,8.45,-0.01,357,301864,卖盘,002513,2025-10-17 23:00:05
10:05:15,8.44,-0.01,68,57407,卖盘,002513,2025-10-17 23:00:05
10:05:18,8.44,0.0,497,419460,买盘,002513,2025-10-17 23:00:05
10:05:21,8.43,-0.01,243,204946,卖盘,002513,2025-10-17 23:00:05
10:05:24,8.43,0.0,205,172752,买盘,002513,2025-10-17 23:00:05
10:05:27,8.43,0.0,356,299877,买盘,002513,2025-10-17 23:00:05
10:05:30,8.42,-0.01,561,472406,卖盘,002513,2025-10-17 23:00:05
10:05:33,8.42,0.0,153,128826,买盘,002513,2025-10-17 23:00:05
10:05:36,8.42,0.0,695,585089,买盘,002513,2025-10-17 23:00:05
10:05:39,8.42,0.0,1039,874607,买盘,002513,2025-10-17 23:00:05
10:05:42,8.42,0.0,464,390698,卖盘,002513,2025-10-17 23:00:05
10:05:45,8.44,0.02,228,192148,买盘,002513,2025-10-17 23:00:05
10:05:48,8.45,0.01,150,126397,买盘,002513,2025-10-17 23:00:05
10:05:51,8.44,-0.01,183,154483,卖盘,002513,2025-10-17 23:00:05
10:05:54,8.45,0.01,457,386131,买盘,002513,2025-10-17 23:00:05
10:05:57,8.45,0.0,411,347624,卖盘,002513,2025-10-17 23:00:05
10:06:00,8.46,0.01,352,297759,卖盘,002513,2025-10-17 23:00:05
10:06:03,8.46,0.0,119,100692,卖盘,002513,2025-10-17 23:00:05
10:06:06,8.47,0.01,282,238680,买盘,002513,2025-10-17 23:00:05
10:06:09,8.49,0.02,217,184074,买盘,002513,2025-10-17 23:00:05
10:06:12,8.49,0.0,381,323442,买盘,002513,2025-10-17 23:00:05
10:06:15,8.5,0.01,233,197836,买盘,002513,2025-10-17 23:00:05
10:06:18,8.5,0.0,614,521866,买盘,002513,2025-10-17 23:00:05
10:06:21,8.52,0.02,612,520934,买盘,002513,2025-10-17 23:00:05
10:06:24,8.53,0.01,99,84417,买盘,002513,2025-10-17 23:00:05
10:06:27,8.53,0.0,377,321303,买盘,002513,2025-10-17 23:00:05
10:06:30,8.54,0.01,110,93851,买盘,002513,2025-10-17 23:00:05
10:06:33,8.53,-0.01,258,220278,卖盘,002513,2025-10-17 23:00:05
10:06:36,8.53,0.0,213,181798,卖盘,002513,2025-10-17 23:00:05
10:06:39,8.53,0.0,313,267068,卖盘,002513,2025-10-17 23:00:05
10:06:42,8.52,-0.01,401,342020,卖盘,002513,2025-10-17 23:00:05
10:06:45,8.53,0.01,440,374691,买盘,002513,2025-10-17 23:00:05
10:06:48,8.5,-0.03,146,124154,卖盘,002513,2025-10-17 23:00:05
10:06:51,8.5,0.0,180,153052,卖盘,002513,2025-10-17 23:00:05
10:06:54,8.51,0.01,542,461247,买盘,002513,2025-10-17 23:00:05
10:06:57,8.5,-0.01,375,318937,卖盘,002513,2025-10-17 23:00:05
10:07:00,8.5,0.0,251,213350,买盘,002513,2025-10-17 23:00:05
10:07:03,8.5,0.0,238,202312,买盘,002513,2025-10-17 23:00:05
10:07:06,8.49,-0.01,110,93433,卖盘,002513,2025-10-17 23:00:05
10:07:09,8.5,0.01,340,288689,买盘,002513,2025-10-17 23:00:05
10:07:12,8.49,-0.01,349,296035,中性盘,002513,2025-10-17 23:00:05
10:07:15,8.48,-0.01,151,128091,卖盘,002513,2025-10-17 23:00:05
10:07:18,8.47,-0.01,455,386040,卖盘,002513,2025-10-17 23:00:05
10:07:21,8.47,0.0,51,43212,卖盘,002513,2025-10-17 23:00:05
10:07:24,8.46,-0.01,163,137907,卖盘,002513,2025-10-17 23:00:05
10:07:27,8.45,-0.01,416,351860,卖盘,002513,2025-10-17 23:00:05
10:07:30,8.46,0.01,485,410341,中性盘,002513,2025-10-17 23:00:05
10:07:33,8.47,0.01,317,267961,买盘,002513,2025-10-17 23:00:05
10:07:36,8.46,-0.01,262,221482,中性盘,002513,2025-10-17 23:00:05
10:07:39,8.45,-0.01,220,186163,卖盘,002513,2025-10-17 23:00:05
10:07:42,8.46,0.01,223,188658,买盘,002513,2025-10-17 23:00:05
10:07:45,8.46,0.0,316,267341,卖盘,002513,2025-10-17 23:00:05
10:07:48,8.47,0.01,648,549360,买盘,002513,2025-10-17 23:00:05
10:07:51,8.46,-0.01,207,175161,卖盘,002513,2025-10-17 23:00:05
10:07:54,8.47,0.01,250,211607,买盘,002513,2025-10-17 23:00:05
10:07:57,8.47,0.0,98,82933,买盘,002513,2025-10-17 23:00:05
10:08:00,8.46,-0.01,113,95584,买盘,002513,2025-10-17 23:00:05
10:08:03,8.47,0.01,338,285790,买盘,002513,2025-10-17 23:00:05
10:08:06,8.45,-0.02,115,97261,卖盘,002513,2025-10-17 23:00:05
10:08:09,8.47,0.02,63,53338,买盘,002513,2025-10-17 23:00:05
10:08:12,8.47,0.0,86,72758,买盘,002513,2025-10-17 23:00:05
10:08:15,8.46,-0.01,200,169231,卖盘,002513,2025-10-17 23:00:05
10:08:18,8.46,0.0,973,824009,卖盘,002513,2025-10-17 23:00:05
10:08:21,8.46,0.0,24,20298,买盘,002513,2025-10-17 23:00:05
10:08:24,8.46,0.0,186,157339,买盘,002513,2025-10-17 23:00:05
10:08:27,8.46,0.0,189,159800,买盘,002513,2025-10-17 23:00:05
10:08:30,8.46,0.0,116,98040,买盘,002513,2025-10-17 23:00:05
10:08:33,8.45,-0.01,413,349070,卖盘,002513,2025-10-17 23:00:05
10:08:36,8.45,0.0,172,145376,卖盘,002513,2025-10-17 23:00:05
10:08:39,8.45,0.0,535,452075,卖盘,002513,2025-10-17 23:00:05
10:08:42,8.44,-0.01,66,55744,卖盘,002513,2025-10-17 23:00:05
10:08:45,8.44,0.0,438,369694,卖盘,002513,2025-10-17 23:00:05
10:08:48,8.44,0.0,118,99591,卖盘,002513,2025-10-17 23:00:05
10:08:51,8.44,0.0,24,20249,买盘,002513,2025-10-17 23:00:05
10:08:54,8.43,-0.01,65,54797,卖盘,002513,2025-10-17 23:00:05
10:08:57,8.43,0.0,2608,2202618,卖盘,002513,2025-10-17 23:00:05
10:09:00,8.43,0.0,34,28637,买盘,002513,2025-10-17 23:00:05
10:09:03,8.48,0.05,1369,1157245,买盘,002513,2025-10-17 23:00:05
10:09:06,8.49,0.01,304,257244,买盘,002513,2025-10-17 23:00:05
10:09:09,8.49,0.0,520,440588,买盘,002513,2025-10-17 23:00:05
10:09:12,8.5,0.01,1301,1105848,买盘,002513,2025-10-17 23:00:05
10:09:15,8.51,0.01,257,218669,买盘,002513,2025-10-17 23:00:05
10:09:18,8.52,0.01,271,230817,买盘,002513,2025-10-17 23:00:05
10:09:21,8.52,0.0,38,32348,买盘,002513,2025-10-17 23:00:05
10:09:24,8.52,0.0,141,120093,买盘,002513,2025-10-17 23:00:05
10:09:27,8.51,-0.01,344,292925,卖盘,002513,2025-10-17 23:00:05
10:09:30,8.51,0.0,149,126799,买盘,002513,2025-10-17 23:00:05
10:09:33,8.51,0.0,218,185433,买盘,002513,2025-10-17 23:00:05
10:09:36,8.49,-0.02,458,389295,卖盘,002513,2025-10-17 23:00:05
10:09:39,8.51,0.02,1506,1281688,买盘,002513,2025-10-17 23:00:05
10:09:42,8.5,-0.01,34,28925,卖盘,002513,2025-10-17 23:00:05
10:09:45,8.49,-0.01,56,47603,卖盘,002513,2025-10-17 23:00:05
10:09:48,8.51,0.02,188,159902,买盘,002513,2025-10-17 23:00:05
10:09:51,8.5,-0.01,133,112991,中性盘,002513,2025-10-17 23:00:05
10:09:54,8.5,0.0,99,84132,卖盘,002513,2025-10-17 23:00:05
10:09:57,8.51,0.01,145,123253,买盘,002513,2025-10-17 23:00:05
10:10:00,8.5,-0.01,188,159904,卖盘,002513,2025-10-17 23:00:05
10:10:03,8.51,0.01,503,427791,买盘,002513,2025-10-17 23:00:05
10:10:06,8.5,-0.01,131,111373,卖盘,002513,2025-10-17 23:00:05
10:10:09,8.51,0.01,190,161615,买盘,002513,2025-10-17 23:00:05
10:10:12,8.5,-0.01,111,94362,卖盘,002513,2025-10-17 23:00:05
10:10:15,8.51,0.01,556,473085,买盘,002513,2025-10-17 23:00:05
10:10:18,8.51,0.0,777,661950,卖盘,002513,2025-10-17 23:00:05
10:10:21,8.52,0.01,236,200990,中性盘,002513,2025-10-17 23:00:05
10:10:24,8.52,0.0,147,125195,卖盘,002513,2025-10-17 23:00:05
10:10:27,8.53,0.01,258,219980,买盘,002513,2025-10-17 23:00:05
10:10:30,8.52,-0.01,511,435705,卖盘,002513,2025-10-17 23:00:05
10:10:33,8.53,0.01,478,407563,买盘,002513,2025-10-17 23:00:05
10:10:36,8.54,0.01,245,209037,买盘,002513,2025-10-17 23:00:05
10:10:39,8.53,-0.01,113,96439,卖盘,002513,2025-10-17 23:00:05
10:10:42,8.53,0.0,216,184431,卖盘,002513,2025-10-17 23:00:05
10:10:45,8.53,0.0,219,187136,卖盘,002513,2025-10-17 23:00:05
10:10:48,8.53,0.0,94,80177,买盘,002513,2025-10-17 23:00:05
10:10:51,8.53,0.0,229,195231,买盘,002513,2025-10-17 23:00:05
10:10:54,8.52,-0.01,240,204649,卖盘,002513,2025-10-17 23:00:05
10:10:57,8.52,0.0,79,67250,买盘,002513,2025-10-17 23:00:05
10:11:00,8.52,0.0,80,68130,买盘,002513,2025-10-17 23:00:05
10:11:03,8.52,0.0,153,130266,买盘,002513,2025-10-17 23:00:05
10:11:06,8.5,-0.02,181,154003,卖盘,002513,2025-10-17 23:00:05
10:11:09,8.52,0.02,924,787526,买盘,002513,2025-10-17 23:00:05
10:11:12,8.53,0.01,220,187480,买盘,002513,2025-10-17 23:00:05
10:11:15,8.52,-0.01,31,26408,中性盘,002513,2025-10-17 23:00:05
10:11:18,8.53,0.01,410,349538,买盘,002513,2025-10-17 23:00:05
10:11:21,8.53,0.0,775,661314,卖盘,002513,2025-10-17 23:00:05
10:11:24,8.54,0.01,249,212517,买盘,002513,2025-10-17 23:00:05
10:11:27,8.53,-0.01,159,135551,买盘,002513,2025-10-17 23:00:05
10:11:30,8.53,0.0,99,84404,买盘,002513,2025-10-17 23:00:05
10:11:33,8.53,0.0,98,83589,买盘,002513,2025-10-17 23:00:05
10:11:36,8.53,0.0,137,116842,卖盘,002513,2025-10-17 23:00:05
10:11:39,8.54,0.01,472,403001,买盘,002513,2025-10-17 23:00:05
10:11:42,8.54,0.0,135,115290,卖盘,002513,2025-10-17 23:00:05
10:11:45,8.55,0.01,336,286975,买盘,002513,2025-10-17 23:00:05
10:11:48,8.54,-0.01,64,54656,中性盘,002513,2025-10-17 23:00:05
10:11:51,8.54,0.0,76,64867,买盘,002513,2025-10-17 23:00:05
10:11:54,8.54,0.0,226,193002,买盘,002513,2025-10-17 23:00:05
10:11:57,8.55,0.01,351,299791,买盘,002513,2025-10-17 23:00:05
10:12:00,8.54,-0.01,187,159741,卖盘,002513,2025-10-17 23:00:05
10:12:03,8.53,-0.01,83,70875,卖盘,002513,2025-10-17 23:00:05
10:12:06,8.54,0.01,147,125628,买盘,002513,2025-10-17 23:00:05
10:12:09,8.54,0.0,67,57183,买盘,002513,2025-10-17 23:00:05
10:12:12,8.54,0.0,220,187698,买盘,002513,2025-10-17 23:00:05
10:12:15,8.54,0.0,273,232975,买盘,002513,2025-10-17 23:00:05
10:12:18,8.53,-0.01,304,259378,卖盘,002513,2025-10-17 23:00:05
10:12:21,8.53,0.0,190,162066,买盘,002513,2025-10-17 23:00:05
10:12:24,8.52,-0.01,178,151749,卖盘,002513,2025-10-17 23:00:05
10:12:27,8.51,-0.01,98,83418,卖盘,002513,2025-10-17 23:00:05
10:12:30,8.51,0.0,763,649796,卖盘,002513,2025-10-17 23:00:05
10:12:33,8.51,0.0,292,248211,买盘,002513,2025-10-17 23:00:05
10:12:36,8.5,-0.01,305,259362,卖盘,002513,2025-10-17 23:00:05
10:12:39,8.49,-0.01,248,210738,卖盘,002513,2025-10-17 23:00:05
10:12:42,8.5,0.01,563,478491,买盘,002513,2025-10-17 23:00:05
10:12:45,8.5,0.0,804,683363,买盘,002513,2025-10-17 23:00:05
10:12:48,8.5,0.0,132,112221,卖盘,002513,2025-10-17 23:00:05
10:12:51,8.5,0.0,163,138570,卖盘,002513,2025-10-17 23:00:05
10:12:54,8.5,0.0,485,412475,买盘,002513,2025-10-17 23:00:05
10:12:57,8.49,-0.01,178,151389,卖盘,002513,2025-10-17 23:00:05
10:13:00,8.5,0.01,131,111372,买盘,002513,2025-10-17 23:00:05
10:13:03,8.51,0.01,447,379715,中性盘,002513,2025-10-17 23:00:05
10:13:06,8.52,0.01,328,279630,买盘,002513,2025-10-17 23:00:05
10:13:09,8.53,0.01,236,201186,买盘,002513,2025-10-17 23:00:05
10:13:12,8.52,-0.01,97,82725,卖盘,002513,2025-10-17 23:00:05
10:13:15,8.52,0.0,180,153366,卖盘,002513,2025-10-17 23:00:05
10:13:18,8.5,-0.02,178,151406,卖盘,002513,2025-10-17 23:00:05
10:13:21,8.49,-0.01,334,283715,卖盘,002513,2025-10-17 23:00:05
10:13:24,8.5,0.01,115,97765,卖盘,002513,2025-10-17 23:00:05
10:13:27,8.48,-0.02,524,445131,卖盘,002513,2025-10-17 23:00:05
10:13:30,8.48,0.0,213,180735,卖盘,002513,2025-10-17 23:00:05
10:13:33,8.49,0.01,40,33958,买盘,002513,2025-10-17 23:00:05
10:13:36,8.48,-0.01,3,2545,卖盘,002513,2025-10-17 23:00:05
10:13:39,8.48,0.0,166,140910,卖盘,002513,2025-10-17 23:00:05
10:13:42,8.48,0.0,398,337749,卖盘,002513,2025-10-17 23:00:05
10:13:45,8.48,0.0,188,159436,卖盘,002513,2025-10-17 23:00:05
10:13:48,8.49,0.01,149,126468,卖盘,002513,2025-10-17 23:00:05
10:13:51,8.49,0.0,309,262415,卖盘,002513,2025-10-17 23:00:05
10:13:54,8.48,-0.01,122,103621,卖盘,002513,2025-10-17 23:00:05
10:13:57,8.49,0.01,83,70467,中性盘,002513,2025-10-17 23:00:05
10:14:00,8.48,-0.01,548,464891,卖盘,002513,2025-10-17 23:00:05
10:14:03,8.49,0.01,42,35649,买盘,002513,2025-10-17 23:00:05
10:14:06,8.5,0.01,176,149496,买盘,002513,2025-10-17 23:00:05
10:14:09,8.49,-0.01,81,68773,卖盘,002513,2025-10-17 23:00:05
10:14:12,8.5,0.01,23,19543,买盘,002513,2025-10-17 23:00:05
10:14:15,8.49,-0.01,215,182676,卖盘,002513,2025-10-17 23:00:05
10:14:18,8.5,0.01,19,16147,买盘,002513,2025-10-17 23:00:05
10:14:21,8.49,-0.01,53,44997,卖盘,002513,2025-10-17 23:00:05
10:14:24,8.49,0.0,115,97744,卖盘,002513,2025-10-17 23:00:05
10:14:27,8.5,0.01,120,101993,买盘,002513,2025-10-17 23:00:05
10:14:30,8.5,0.0,15,12750,买盘,002513,2025-10-17 23:00:05
10:14:33,8.5,0.0,132,112193,买盘,002513,2025-10-17 23:00:05
10:14:36,8.5,0.0,128,108794,买盘,002513,2025-10-17 23:00:05
10:14:39,8.49,-0.01,15,12736,卖盘,002513,2025-10-17 23:00:05
10:14:42,8.49,0.0,366,310800,卖盘,002513,2025-10-17 23:00:05
10:14:45,8.49,0.0,212,180111,卖盘,002513,2025-10-17 23:00:05
10:14:48,8.49,0.0,317,269227,卖盘,002513,2025-10-17 23:00:05
10:14:51,8.49,0.0,351,297787,买盘,002513,2025-10-17 23:00:05
10:14:54,8.49,0.0,602,510633,买盘,002513,2025-10-17 23:00:05
10:14:57,8.47,-0.02,315,266921,卖盘,002513,2025-10-17 23:00:05
10:15:00,8.47,0.0,74,62720,卖盘,002513,2025-10-17 23:00:05
10:15:03,8.47,0.0,225,190684,卖盘,002513,2025-10-17 23:00:05
10:15:06,8.47,0.0,38,32194,卖盘,002513,2025-10-17 23:00:05
10:15:09,8.47,0.0,88,74588,卖盘,002513,2025-10-17 23:00:05
10:15:12,8.48,0.01,326,276465,买盘,002513,2025-10-17 23:00:05
10:15:15,8.48,0.0,39,33088,卖盘,002513,2025-10-17 23:00:05
10:15:18,8.48,0.0,117,99222,卖盘,002513,2025-10-17 23:00:05
10:15:21,8.49,0.01,120,101771,买盘,002513,2025-10-17 23:00:05
10:15:24,8.49,0.0,266,225670,买盘,002513,2025-10-17 23:00:05
10:15:27,8.49,0.0,281,238803,买盘,002513,2025-10-17 23:00:05
10:15:30,8.51,0.02,657,558276,买盘,002513,2025-10-17 23:00:05
10:15:33,8.51,0.0,105,89341,买盘,002513,2025-10-17 23:00:05
10:15:36,8.51,0.0,87,74009,买盘,002513,2025-10-17 23:00:05
10:15:39,8.51,0.0,63,53588,买盘,002513,2025-10-17 23:00:05
10:15:42,8.51,0.0,259,220379,买盘,002513,2025-10-17 23:00:05
10:15:45,8.5,-0.01,178,151303,卖盘,002513,2025-10-17 23:00:05
10:15:48,8.5,0.0,17,14449,买盘,002513,2025-10-17 23:00:05
10:15:51,8.5,0.0,1499,1274363,买盘,002513,2025-10-17 23:00:05
10:15:54,8.5,0.0,84,71390,买盘,002513,2025-10-17 23:00:05
10:15:57,8.5,0.0,101,85837,买盘,002513,2025-10-17 23:00:05
10:16:00,8.49,-0.01,89,75665,卖盘,002513,2025-10-17 23:00:05
10:16:03,8.49,0.0,137,116313,买盘,002513,2025-10-17 23:00:05
10:16:06,8.49,0.0,168,142630,买盘,002513,2025-10-17 23:00:05
10:16:09,8.48,-0.01,110,93283,卖盘,002513,2025-10-17 23:00:05
10:16:12,8.49,0.01,329,279298,买盘,002513,2025-10-17 23:00:05
10:16:15,8.48,-0.01,83,70398,卖盘,002513,2025-10-17 23:00:05
10:16:18,8.48,0.0,151,128052,卖盘,002513,2025-10-17 23:00:05
10:16:21,8.48,0.0,151,128048,卖盘,002513,2025-10-17 23:00:05
10:16:24,8.48,0.0,29,24601,卖盘,002513,2025-10-17 23:00:05
10:16:27,8.48,0.0,58,49210,卖盘,002513,2025-10-17 23:00:05
10:16:30,8.48,0.0,126,106838,卖盘,002513,2025-10-17 23:00:05
10:16:33,8.49,0.01,1289,1093462,买盘,002513,2025-10-17 23:00:05
10:16:36,8.48,-0.01,68,57718,卖盘,002513,2025-10-17 23:00:05
10:16:39,8.47,-0.01,412,349757,卖盘,002513,2025-10-17 23:00:05
10:16:42,8.48,0.01,203,171961,买盘,002513,2025-10-17 23:00:05
10:16:45,8.47,-0.01,57,48280,卖盘,002513,2025-10-17 23:00:05
10:16:48,8.47,0.0,58,49126,买盘,002513,2025-10-17 23:00:05
10:16:51,8.46,-0.01,329,278347,卖盘,002513,2025-10-17 23:00:05
10:16:54,8.46,0.0,48,40607,买盘,002513,2025-10-17 23:00:05
10:16:57,8.46,0.0,9,7610,买盘,002513,2025-10-17 23:00:05
10:17:00,8.45,-0.01,322,272140,卖盘,002513,2025-10-17 23:00:05
10:17:03,8.45,0.0,172,145347,卖盘,002513,2025-10-17 23:00:05
10:17:06,8.45,0.0,145,122484,买盘,002513,2025-10-17 23:00:05
10:17:09,8.45,0.0,322,271892,买盘,002513,2025-10-17 23:00:05
10:17:12,8.44,-0.01,308,259963,卖盘,002513,2025-10-17 23:00:05
10:17:15,8.44,0.0,1001,843962,买盘,002513,2025-10-17 23:00:05
10:17:18,8.44,0.0,198,167056,买盘,002513,2025-10-17 23:00:05
10:17:21,8.43,-0.01,140,118114,卖盘,002513,2025-10-17 23:00:05
10:17:24,8.44,0.01,26,21935,卖盘,002513,2025-10-17 23:00:05
10:17:27,8.43,-0.01,524,441626,卖盘,002513,2025-10-17 23:00:05
10:17:30,8.42,-0.01,150,126349,卖盘,002513,2025-10-17 23:00:05
10:17:33,8.42,0.0,121,101816,买盘,002513,2025-10-17 23:00:05
10:17:36,8.41,-0.01,296,249118,卖盘,002513,2025-10-17 23:00:05
10:17:39,8.4,-0.01,224,188352,卖盘,002513,2025-10-17 23:00:05
10:17:42,8.41,0.01,889,746928,买盘,002513,2025-10-17 23:00:05
10:17:45,8.4,-0.01,392,329389,卖盘,002513,2025-10-17 23:00:05
10:17:48,8.4,0.0,449,376647,买盘,002513,2025-10-17 23:00:05
10:17:51,8.39,-0.01,196,164469,卖盘,002513,2025-10-17 23:00:05
10:17:54,8.38,-0.01,295,247322,卖盘,002513,2025-10-17 23:00:05
10:17:57,8.37,-0.01,253,212004,卖盘,002513,2025-10-17 23:00:05
10:18:00,8.36,-0.01,344,287809,卖盘,002513,2025-10-17 23:00:05
10:18:03,8.36,0.0,112,93669,卖盘,002513,2025-10-17 23:00:05
10:18:06,8.36,0.0,1053,880453,卖盘,002513,2025-10-17 23:00:05
10:18:09,8.36,0.0,605,505637,买盘,002513,2025-10-17 23:00:05
10:18:12,8.36,0.0,568,474679,买盘,002513,2025-10-17 23:00:05
10:18:15,8.38,0.02,597,499706,买盘,002513,2025-10-17 23:00:05
10:18:18,8.41,0.03,533,447517,买盘,002513,2025-10-17 23:00:05
10:18:21,8.42,0.01,74,62188,买盘,002513,2025-10-17 23:00:05
10:18:24,8.43,0.01,105,88384,买盘,002513,2025-10-17 23:00:05
10:18:27,8.43,0.0,100,84245,买盘,002513,2025-10-17 23:00:05
10:18:30,8.44,0.01,34,28683,买盘,002513,2025-10-17 23:00:05
10:18:33,8.44,0.0,85,71660,买盘,002513,2025-10-17 23:00:05
10:18:36,8.45,0.01,156,131754,买盘,002513,2025-10-17 23:00:05
10:18:39,8.45,0.0,25,21145,卖盘,002513,2025-10-17 23:00:05
10:18:42,8.47,0.02,95,80318,买盘,002513,2025-10-17 23:00:05
10:18:45,8.47,0.0,23,19465,买盘,002513,2025-10-17 23:00:05
10:18:48,8.46,-0.01,128,108397,卖盘,002513,2025-10-17 23:00:05
10:18:51,8.48,0.02,28,23719,买盘,002513,2025-10-17 23:00:05
10:18:54,8.48,0.0,132,111926,买盘,002513,2025-10-17 23:00:05
10:18:57,8.48,0.0,19,16112,卖盘,002513,2025-10-17 23:00:05
10:19:00,8.48,0.0,89,75472,卖盘,002513,2025-10-17 23:00:05
10:19:03,8.48,0.0,40,33899,买盘,002513,2025-10-17 23:00:05
10:19:06,8.48,0.0,26,22042,买盘,002513,2025-10-17 23:00:05
10:19:09,8.47,-0.01,184,155877,卖盘,002513,2025-10-17 23:00:05
10:19:12,8.45,-0.02,121,102383,卖盘,002513,2025-10-17 23:00:05
10:19:15,8.48,0.03,1169,990765,买盘,002513,2025-10-17 23:00:05
10:19:18,8.48,0.0,119,100912,卖盘,002513,2025-10-17 23:00:05
10:19:21,8.45,-0.03,96,81324,卖盘,002513,2025-10-17 23:00:05
10:19:24,8.47,0.02,27,22892,中性盘,002513,2025-10-17 23:00:05
10:19:27,8.47,0.0,233,197002,买盘,002513,2025-10-17 23:00:05
10:19:30,8.47,0.0,37,31322,买盘,002513,2025-10-17 23:00:05
10:19:33,8.45,-0.02,44,37226,卖盘,002513,2025-10-17 23:00:05
10:19:36,8.46,0.01,247,208949,买盘,002513,2025-10-17 23:00:05
10:19:39,8.45,-0.01,64,54145,卖盘,002513,2025-10-17 23:00:05
10:19:42,8.45,0.0,247,208789,卖盘,002513,2025-10-17 23:00:05
10:19:45,8.45,0.0,35,29575,卖盘,002513,2025-10-17 23:00:05
10:19:48,8.45,0.0,40,33815,卖盘,002513,2025-10-17 23:00:05
10:19:51,8.45,0.0,80,67601,卖盘,002513,2025-10-17 23:00:05
10:19:54,8.45,0.0,69,58305,卖盘,002513,2025-10-17 23:00:05
10:19:57,8.45,0.0,94,79438,卖盘,002513,2025-10-17 23:00:05
10:20:00,8.44,-0.01,18,15208,卖盘,002513,2025-10-17 23:00:05
10:20:03,8.44,0.0,2,1688,卖盘,002513,2025-10-17 23:00:05
10:20:06,8.45,0.01,299,252601,买盘,002513,2025-10-17 23:00:05
10:20:09,8.44,-0.01,110,92918,卖盘,002513,2025-10-17 23:00:05
10:20:12,8.46,0.02,74,62538,买盘,002513,2025-10-17 23:00:05
10:20:15,8.48,0.02,419,354978,买盘,002513,2025-10-17 23:00:05
10:20:18,8.48,0.0,367,311196,买盘,002513,2025-10-17 23:00:05
10:20:21,8.48,0.0,23,19498,买盘,002513,2025-10-17 23:00:05
10:20:24,8.48,0.0,108,91593,卖盘,002513,2025-10-17 23:00:05
10:20:27,8.48,0.0,68,57617,买盘,002513,2025-10-17 23:00:05
10:20:30,8.48,0.0,73,61871,买盘,002513,2025-10-17 23:00:05
10:20:33,8.48,0.0,158,133974,买盘,002513,2025-10-17 23:00:05
10:20:36,8.47,-0.01,47,39853,卖盘,002513,2025-10-17 23:00:05
10:20:39,8.47,0.0,83,70334,卖盘,002513,2025-10-17 23:00:05
10:20:42,8.47,0.0,52,44057,卖盘,002513,2025-10-17 23:00:05
10:20:45,8.46,-0.01,67,56716,卖盘,002513,2025-10-17 23:00:05
10:20:48,8.48,0.02,217,183940,买盘,002513,2025-10-17 23:00:05
10:20:51,8.47,-0.01,34,28798,卖盘,002513,2025-10-17 23:00:05
10:20:54,8.48,0.01,131,110962,买盘,002513,2025-10-17 23:00:05
10:20:57,8.48,0.0,176,149217,买盘,002513,2025-10-17 23:00:05
10:21:00,8.47,-0.01,14,11863,卖盘,002513,2025-10-17 23:00:05
10:21:03,8.47,0.0,337,285452,卖盘,002513,2025-10-17 23:00:05
10:21:06,8.47,0.0,134,113498,买盘,002513,2025-10-17 23:00:05
10:21:09,8.47,0.0,70,59286,买盘,002513,2025-10-17 23:00:05
10:21:12,8.46,-0.01,46,38917,卖盘,002513,2025-10-17 23:00:05
10:21:15,8.46,0.0,39,33004,卖盘,002513,2025-10-17 23:00:05
10:21:18,8.47,0.01,461,389736,买盘,002513,2025-10-17 23:00:05
10:21:21,8.46,-0.01,991,838131,卖盘,002513,2025-10-17 23:00:05
10:21:24,8.47,0.01,689,583602,买盘,002513,2025-10-17 23:00:05
10:21:27,8.47,0.0,201,170286,卖盘,002513,2025-10-17 23:00:05
10:21:30,8.46,-0.01,39,33011,卖盘,002513,2025-10-17 23:00:05
10:21:33,8.47,0.01,43,36390,买盘,002513,2025-10-17 23:00:05
10:21:36,8.47,0.0,55,46549,买盘,002513,2025-10-17 23:00:05
10:21:39,8.47,0.0,76,64357,买盘,002513,2025-10-17 23:00:05
10:21:42,8.47,0.0,62,52509,卖盘,002513,2025-10-17 23:00:05
10:21:45,8.47,0.0,29,24558,买盘,002513,2025-10-17 23:00:05
10:21:48,8.46,-0.01,310,262560,卖盘,002513,2025-10-17 23:00:05
10:21:51,8.46,0.0,88,74456,卖盘,002513,2025-10-17 23:00:05
10:21:54,8.46,0.0,38,32158,卖盘,002513,2025-10-17 23:00:05
10:21:57,8.47,0.01,65,55022,买盘,002513,2025-10-17 23:00:05
10:22:00,8.46,-0.01,215,181898,卖盘,002513,2025-10-17 23:00:05
10:22:03,8.46,0.0,202,171089,卖盘,002513,2025-10-17 23:00:05
10:22:06,8.46,0.0,654,553755,卖盘,002513,2025-10-17 23:00:05
10:22:09,8.48,0.02,113,95756,买盘,002513,2025-10-17 23:00:05
10:22:12,8.47,-0.01,46,38965,卖盘,002513,2025-10-17 23:00:05
10:22:15,8.47,0.0,16,13552,卖盘,002513,2025-10-17 23:00:05
10:22:18,8.47,0.0,175,148236,卖盘,002513,2025-10-17 23:00:05
10:22:21,8.47,0.0,10,8467,买盘,002513,2025-10-17 23:00:05
10:22:24,8.47,0.0,489,414149,买盘,002513,2025-10-17 23:00:05
10:22:27,8.47,0.0,49,41519,买盘,002513,2025-10-17 23:00:05
10:22:30,8.48,0.01,36,30499,买盘,002513,2025-10-17 23:00:05
10:22:33,8.47,-0.01,234,198278,卖盘,002513,2025-10-17 23:00:05
10:22:36,8.47,0.0,1031,871733,卖盘,002513,2025-10-17 23:00:05
10:22:39,8.47,0.0,355,300685,卖盘,002513,2025-10-17 23:00:05
10:22:42,8.47,0.0,50,42314,买盘,002513,2025-10-17 23:00:05
10:22:45,8.47,0.0,21,17786,买盘,002513,2025-10-17 23:00:05
10:22:48,8.46,-0.01,223,188658,卖盘,002513,2025-10-17 23:00:05
10:22:51,8.45,-0.01,173,146351,卖盘,002513,2025-10-17 23:00:05
10:22:54,8.45,0.0,69,58307,卖盘,002513,2025-10-17 23:00:05
10:22:57,8.46,0.01,50,42263,买盘,002513,2025-10-17 23:00:05
10:23:00,8.45,-0.01,152,128440,卖盘,002513,2025-10-17 23:00:05
10:23:03,8.45,0.0,434,367082,买盘,002513,2025-10-17 23:00:05
10:23:06,8.46,0.01,393,331996,买盘,002513,2025-10-17 23:00:05
10:23:09,8.5,0.04,4026,3415719,买盘,002513,2025-10-17 23:00:05
10:23:12,8.56,0.06,5464,4667400,买盘,002513,2025-10-17 23:00:05
10:23:15,8.59,0.03,1599,1371247,买盘,002513,2025-10-17 23:00:05
10:23:18,8.59,0.0,198,170047,买盘,002513,2025-10-17 23:00:05
10:23:21,8.6,0.01,531,456425,买盘,002513,2025-10-17 23:00:05
10:23:24,8.6,0.0,394,338793,买盘,002513,2025-10-17 23:00:05
10:23:27,8.6,0.0,458,393821,买盘,002513,2025-10-17 23:00:05
10:23:30,8.59,-0.01,591,508155,卖盘,002513,2025-10-17 23:00:05
10:23:33,8.59,0.0,455,390829,买盘,002513,2025-10-17 23:00:05
10:23:36,8.58,-0.01,347,297913,卖盘,002513,2025-10-17 23:00:05
10:23:39,8.59,0.01,854,733458,买盘,002513,2025-10-17 23:00:05
10:23:42,8.59,0.0,423,363519,卖盘,002513,2025-10-17 23:00:05
10:23:45,8.6,0.01,434,372881,买盘,002513,2025-10-17 23:00:05
10:23:48,8.6,0.0,200,171859,买盘,002513,2025-10-17 23:00:05
10:23:51,8.6,0.0,1417,1218577,买盘,002513,2025-10-17 23:00:05
10:23:54,8.61,0.01,1730,1487687,买盘,002513,2025-10-17 23:00:05
10:23:57,8.61,0.0,704,606137,买盘,002513,2025-10-17 23:00:05
10:24:00,8.61,0.0,180,155004,卖盘,002513,2025-10-17 23:00:05
10:24:03,8.61,0.0,234,201516,卖盘,002513,2025-10-17 23:00:05
10:24:06,8.61,0.0,362,311563,买盘,002513,2025-10-17 23:00:05
10:24:09,8.6,-0.01,392,337119,卖盘,002513,2025-10-17 23:00:05
10:24:12,8.6,0.0,375,322182,买盘,002513,2025-10-17 23:00:05
10:24:15,8.56,-0.04,95,81564,中性盘,002513,2025-10-17 23:00:05
10:24:18,8.55,-0.01,134,114820,卖盘,002513,2025-10-17 23:00:05
10:24:21,8.55,0.0,177,151355,卖盘,002513,2025-10-17 23:00:05
10:24:24,8.55,0.0,77,65809,买盘,002513,2025-10-17 23:00:05
10:24:27,8.55,0.0,242,206962,卖盘,002513,2025-10-17 23:00:05
10:24:30,8.56,0.01,218,186523,买盘,002513,2025-10-17 23:00:05
10:24:33,8.53,-0.03,87,74344,卖盘,002513,2025-10-17 23:00:05
10:24:36,8.52,-0.01,222,189256,卖盘,002513,2025-10-17 23:00:05
10:24:39,8.52,0.0,61,51911,买盘,002513,2025-10-17 23:00:05
10:24:42,8.52,0.0,54,45981,买盘,002513,2025-10-17 23:00:05
10:24:45,8.5,-0.02,56,47619,卖盘,002513,2025-10-17 23:00:05
10:24:48,8.5,0.0,109,92657,卖盘,002513,2025-10-17 23:00:05
10:24:51,8.5,0.0,26,22110,卖盘,002513,2025-10-17 23:00:05
10:24:54,8.54,0.04,472,402555,买盘,002513,2025-10-17 23:00:05
10:24:57,8.55,0.01,96,81853,买盘,002513,2025-10-17 23:00:05
10:25:00,8.55,0.0,58,49488,买盘,002513,2025-10-17 23:00:05
10:25:03,8.55,0.0,39,33327,买盘,002513,2025-10-17 23:00:05
10:25:06,8.52,-0.03,142,121045,卖盘,002513,2025-10-17 23:00:05
10:25:09,8.52,0.0,191,162732,买盘,002513,2025-10-17 23:00:05
10:25:12,8.52,0.0,81,69000,买盘,002513,2025-10-17 23:00:05
10:25:15,8.51,-0.01,101,86023,卖盘,002513,2025-10-17 23:00:05
10:25:18,8.52,0.01,95,80917,买盘,002513,2025-10-17 23:00:05
10:25:21,8.52,0.0,201,171248,买盘,002513,2025-10-17 23:00:05
10:25:24,8.52,0.0,337,287041,买盘,002513,2025-10-17 23:00:05
10:25:27,8.52,0.0,15,12781,卖盘,002513,2025-10-17 23:00:05
10:25:30,8.54,0.02,11,9377,买盘,002513,2025-10-17 23:00:05
10:25:33,8.52,-0.02,92,78547,卖盘,002513,2025-10-17 23:00:05
10:25:36,8.54,0.02,85,72586,买盘,002513,2025-10-17 23:00:05
10:25:39,8.54,0.0,25,21347,买盘,002513,2025-10-17 23:00:05
10:25:42,8.54,0.0,108,92226,买盘,002513,2025-10-17 23:00:05
10:25:45,8.54,0.0,37,31597,买盘,002513,2025-10-17 23:00:05
10:25:48,8.54,0.0,280,239097,买盘,002513,2025-10-17 23:00:05
10:25:51,8.54,0.0,67,57212,买盘,002513,2025-10-17 23:00:05
10:25:54,8.54,0.0,19,16226,卖盘,002513,2025-10-17 23:00:05
10:25:57,8.54,0.0,52,44425,卖盘,002513,2025-10-17 23:00:05
10:26:00,8.54,0.0,133,113617,卖盘,002513,2025-10-17 23:00:05
10:26:03,8.54,0.0,61,52103,卖盘,002513,2025-10-17 23:00:05
10:26:06,8.55,0.01,221,188896,买盘,002513,2025-10-17 23:00:05
10:26:09,8.55,0.0,78,66647,买盘,002513,2025-10-17 23:00:05
10:26:12,8.55,0.0,140,119617,买盘,002513,2025-10-17 23:00:05
10:26:15,8.55,0.0,69,58955,买盘,002513,2025-10-17 23:00:05
10:26:18,8.55,0.0,39,33337,买盘,002513,2025-10-17 23:00:05
10:26:21,8.55,0.0,165,140950,买盘,002513,2025-10-17 23:00:05
10:26:24,8.54,-0.01,68,58127,卖盘,002513,2025-10-17 23:00:05
10:26:27,8.53,-0.01,375,320158,卖盘,002513,2025-10-17 23:00:05
10:26:30,8.53,0.0,159,135627,买盘,002513,2025-10-17 23:00:05
10:26:33,8.52,-0.01,175,149134,卖盘,002513,2025-10-17 23:00:05
10:26:36,8.53,0.01,133,113422,买盘,002513,2025-10-17 23:00:05
10:26:39,8.52,-0.01,120,102244,卖盘,002513,2025-10-17 23:00:05
10:26:42,8.53,0.01,116,98930,买盘,002513,2025-10-17 23:00:05
10:26:45,8.52,-0.01,54,46048,卖盘,002513,2025-10-17 23:00:05
10:26:48,8.52,0.0,147,125268,卖盘,002513,2025-10-17 23:00:05
10:26:51,8.52,0.0,21,17889,买盘,002513,2025-10-17 23:00:05
10:26:54,8.51,-0.01,49,41723,卖盘,002513,2025-10-17 23:00:05
10:26:57,8.52,0.01,94,80088,买盘,002513,2025-10-17 23:00:05
10:27:00,8.52,0.0,59,50246,卖盘,002513,2025-10-17 23:00:05
10:27:03,8.52,0.0,26,22152,卖盘,002513,2025-10-17 23:00:05
10:27:06,8.53,0.01,62,52832,买盘,002513,2025-10-17 23:00:05
10:27:09,8.52,-0.01,18,15336,卖盘,002513,2025-10-17 23:00:05
10:27:12,8.53,0.01,17,14493,买盘,002513,2025-10-17 23:00:05
10:27:15,8.53,0.0,50,42641,买盘,002513,2025-10-17 23:00:05
10:27:18,8.53,0.0,36,30699,买盘,002513,2025-10-17 23:00:05
10:27:21,8.53,0.0,256,218249,买盘,002513,2025-10-17 23:00:05
10:27:24,8.53,0.0,39,33267,买盘,002513,2025-10-17 23:00:05
10:27:27,8.53,0.0,26,22178,卖盘,002513,2025-10-17 23:00:05
10:27:30,8.53,0.0,48,40949,买盘,002513,2025-10-17 23:00:05
10:27:33,8.53,0.0,56,47774,卖盘,002513,2025-10-17 23:00:05
10:27:36,8.56,0.03,933,797278,买盘,002513,2025-10-17 23:00:05
10:27:39,8.56,0.0,7,5992,卖盘,002513,2025-10-17 23:00:05
10:27:42,8.56,0.0,166,142166,卖盘,002513,2025-10-17 23:00:05
10:27:45,8.58,0.02,40,34263,买盘,002513,2025-10-17 23:00:05
10:27:48,8.56,-0.02,34,29116,卖盘,002513,2025-10-17 23:00:05
10:27:51,8.58,0.02,87,74540,买盘,002513,2025-10-17 23:00:05
10:27:54,8.56,-0.02,46,39442,卖盘,002513,2025-10-17 23:00:05
10:27:57,8.58,0.02,86,73731,买盘,002513,2025-10-17 23:00:05
10:28:00,8.57,-0.01,61,52285,卖盘,002513,2025-10-17 23:00:05
10:28:03,8.57,0.0,117,100282,卖盘,002513,2025-10-17 23:00:05
10:28:06,8.56,-0.01,95,81340,卖盘,002513,2025-10-17 23:00:05
10:28:09,8.57,0.01,53,45380,买盘,002513,2025-10-17 23:00:05
10:28:12,8.57,0.0,67,57371,买盘,002513,2025-10-17 23:00:05
10:28:15,8.56,-0.01,410,351246,卖盘,002513,2025-10-17 23:00:05
10:28:18,8.56,0.0,345,295349,卖盘,002513,2025-10-17 23:00:05
10:28:21,8.56,0.0,207,177327,卖盘,002513,2025-10-17 23:00:05
10:28:24,8.56,0.0,181,154987,卖盘,002513,2025-10-17 23:00:05
10:28:27,8.56,0.0,143,122378,卖盘,002513,2025-10-17 23:00:05
10:28:30,8.55,-0.01,371,317311,卖盘,002513,2025-10-17 23:00:05
10:28:33,8.54,-0.01,103,87966,卖盘,002513,2025-10-17 23:00:05
10:28:36,8.54,0.0,45,38430,买盘,002513,2025-10-17 23:00:05
10:28:39,8.54,0.0,35,29879,买盘,002513,2025-10-17 23:00:05
10:28:42,8.53,-0.01,12,10241,卖盘,002513,2025-10-17 23:00:05
10:28:45,8.54,0.01,13,11091,买盘,002513,2025-10-17 23:00:05
10:28:48,8.53,-0.01,75,64003,卖盘,002513,2025-10-17 23:00:05
10:28:51,8.54,0.01,28,23906,买盘,002513,2025-10-17 23:00:05
10:28:54,8.54,0.0,8,6827,买盘,002513,2025-10-17 23:00:05
10:28:57,8.53,-0.01,431,367757,卖盘,002513,2025-10-17 23:00:05
10:29:00,8.53,0.0,52,44388,卖盘,002513,2025-10-17 23:00:05
10:29:03,8.52,-0.01,69,58808,卖盘,002513,2025-10-17 23:00:05
10:29:06,8.52,0.0,181,154370,卖盘,002513,2025-10-17 23:00:05
10:29:09,8.53,0.01,16,13646,买盘,002513,2025-10-17 23:00:05
10:29:12,8.53,0.0,30,25571,买盘,002513,2025-10-17 23:00:05
10:29:15,8.53,0.0,67,57163,买盘,002513,2025-10-17 23:00:05
10:29:18,8.52,-0.01,343,292415,卖盘,002513,2025-10-17 23:00:05
10:29:21,8.52,0.0,159,135468,买盘,002513,2025-10-17 23:00:05
10:29:24,8.52,0.0,41,34932,买盘,002513,2025-10-17 23:00:05
10:29:27,8.52,0.0,126,107353,买盘,002513,2025-10-17 23:00:05
10:29:30,8.52,0.0,92,78389,卖盘,002513,2025-10-17 23:00:05
10:29:33,8.52,0.0,89,75833,卖盘,002513,2025-10-17 23:00:05
10:29:36,8.53,0.01,69,58803,买盘,002513,2025-10-17 23:00:05
10:29:39,8.52,-0.01,135,115020,卖盘,002513,2025-10-17 23:00:05
10:29:42,8.52,0.0,11,9372,买盘,002513,2025-10-17 23:00:05
10:29:45,8.52,0.0,95,80940,买盘,002513,2025-10-17 23:00:05
10:29:48,8.52,0.0,62,52799,买盘,002513,2025-10-17 23:00:05
10:29:51,8.52,0.0,76,64726,买盘,002513,2025-10-17 23:00:05
10:29:54,8.51,-0.01,169,143912,卖盘,002513,2025-10-17 23:00:05
10:29:57,8.51,0.0,103,87675,卖盘,002513,2025-10-17 23:00:05
10:30:00,8.52,0.01,77,65563,买盘,002513,2025-10-17 23:00:05
10:30:03,8.51,-0.01,21,17878,卖盘,002513,2025-10-17 23:00:05
10:30:06,8.52,0.01,99,84316,买盘,002513,2025-10-17 23:00:05
10:30:09,8.51,-0.01,94,80023,卖盘,002513,2025-10-17 23:00:05
10:30:12,8.52,0.01,41,34931,买盘,002513,2025-10-17 23:00:05
10:30:15,8.51,-0.01,47,39997,卖盘,002513,2025-10-17 23:00:05
10:30:18,8.52,0.01,71,60489,买盘,002513,2025-10-17 23:00:05
10:30:21,8.51,-0.01,118,100466,卖盘,002513,2025-10-17 23:00:05
10:30:24,8.52,0.01,191,162562,买盘,002513,2025-10-17 23:00:05
10:30:27,8.52,0.0,6,5109,买盘,002513,2025-10-17 23:00:05
10:30:30,8.52,0.0,128,108969,买盘,002513,2025-10-17 23:00:05
10:30:33,8.51,-0.01,52,44291,卖盘,002513,2025-10-17 23:00:05
10:30:36,8.51,0.0,52,44284,卖盘,002513,2025-10-17 23:00:05
10:30:39,8.51,0.0,69,58769,卖盘,002513,2025-10-17 23:00:05
10:30:42,8.52,0.01,49,41701,买盘,002513,2025-10-17 23:00:05
10:30:45,8.52,0.0,126,107274,买盘,002513,2025-10-17 23:00:05
10:30:48,8.51,-0.01,44,37446,卖盘,002513,2025-10-17 23:00:05
10:30:51,8.51,0.0,201,171111,卖盘,002513,2025-10-17 23:00:05
10:30:54,8.52,0.01,19,16183,买盘,002513,2025-10-17 23:00:05
10:30:57,8.51,-0.01,354,301249,买盘,002513,2025-10-17 23:00:05
10:31:00,8.51,0.0,354,301243,买盘,002513,2025-10-17 23:00:05
10:31:03,8.51,0.0,174,148074,买盘,002513,2025-10-17 23:00:05
10:31:06,8.51,0.0,13,11069,卖盘,002513,2025-10-17 23:00:05
10:31:09,8.52,0.01,58,49416,买盘,002513,2025-10-17 23:00:05
10:31:12,8.52,0.0,46,39166,买盘,002513,2025-10-17 23:00:05
10:31:15,8.52,0.0,124,105644,买盘,002513,2025-10-17 23:00:05
10:31:18,8.53,0.01,90,76681,买盘,002513,2025-10-17 23:00:05
10:31:21,8.52,-0.01,128,109046,卖盘,002513,2025-10-17 23:00:05
10:31:24,8.52,0.0,30,25567,卖盘,002513,2025-10-17 23:00:05
10:31:27,8.53,0.01,22,18764,买盘,002513,2025-10-17 23:00:05
10:31:30,8.52,-0.01,129,109914,卖盘,002513,2025-10-17 23:00:05
10:31:33,8.53,0.01,13,11078,买盘,002513,2025-10-17 23:00:05
10:31:36,8.53,0.0,68,58002,买盘,002513,2025-10-17 23:00:05
10:31:42,8.53,0.0,9,7677,卖盘,002513,2025-10-17 23:00:05
10:31:45,8.53,0.0,60,51180,卖盘,002513,2025-10-17 23:00:05
10:31:48,8.53,0.0,10,8530,卖盘,002513,2025-10-17 23:00:05
10:31:51,8.54,0.01,186,158768,买盘,002513,2025-10-17 23:00:05
10:31:54,8.53,-0.01,5,4265,卖盘,002513,2025-10-17 23:00:05
10:31:57,8.53,0.0,35,29875,卖盘,002513,2025-10-17 23:00:05
10:32:00,8.54,0.01,65,55455,买盘,002513,2025-10-17 23:00:05
10:32:03,8.54,0.0,121,103334,买盘,002513,2025-10-17 23:00:05
10:32:06,8.54,0.0,80,68288,买盘,002513,2025-10-17 23:00:05
10:32:09,8.53,-0.01,32,27298,卖盘,002513,2025-10-17 23:00:05
10:32:12,8.53,0.0,38,32429,卖盘,002513,2025-10-17 23:00:05
10:32:15,8.52,-0.01,95,81020,卖盘,002513,2025-10-17 23:00:05
10:32:18,8.53,0.01,16,13648,中性盘,002513,2025-10-17 23:00:05
10:32:21,8.52,-0.01,33,28119,卖盘,002513,2025-10-17 23:00:05
10:32:24,8.52,0.0,13,11083,卖盘,002513,2025-10-17 23:00:05
10:32:27,8.53,0.01,65,55444,买盘,002513,2025-10-17 23:00:05
10:32:30,8.53,0.0,212,180823,买盘,002513,2025-10-17 23:00:05
10:32:33,8.52,-0.01,13,11088,卖盘,002513,2025-10-17 23:00:05
10:32:36,8.53,0.01,26,22169,买盘,002513,2025-10-17 23:00:05
10:32:39,8.52,-0.01,93,79321,卖盘,002513,2025-10-17 23:00:05
10:32:42,8.53,0.01,39,33265,买盘,002513,2025-10-17 23:00:05
10:32:45,8.52,-0.01,136,116005,卖盘,002513,2025-10-17 23:00:05
10:32:48,8.53,0.01,120,102295,买盘,002513,2025-10-17 23:00:05
10:32:51,8.53,0.0,16,13648,买盘,002513,2025-10-17 23:00:05
10:32:54,8.52,-0.01,27,23011,卖盘,002513,2025-10-17 23:00:05
10:32:57,8.52,0.0,85,72470,卖盘,002513,2025-10-17 23:00:05
10:33:00,8.53,0.01,114,97242,买盘,002513,2025-10-17 23:00:05
10:33:03,8.53,0.0,484,412744,买盘,002513,2025-10-17 23:00:05
10:33:06,8.54,0.01,29,24742,买盘,002513,2025-10-17 23:00:05
10:33:09,8.53,-0.01,12,10238,卖盘,002513,2025-10-17 23:00:05
10:33:12,8.52,-0.01,834,712167,卖盘,002513,2025-10-17 23:00:05
10:33:15,8.54,0.02,12,10248,买盘,002513,2025-10-17 23:00:05
10:33:18,8.54,0.0,111,94720,买盘,002513,2025-10-17 23:00:05
10:33:21,8.54,0.0,64,54614,买盘,002513,2025-10-17 23:00:05
10:33:24,8.54,0.0,60,51241,买盘,002513,2025-10-17 23:00:05
10:33:27,8.54,0.0,51,43557,卖盘,002513,2025-10-17 23:00:05
10:33:30,8.55,0.01,64,54702,买盘,002513,2025-10-17 23:00:05
10:33:33,8.55,0.0,313,267532,买盘,002513,2025-10-17 23:00:05
10:33:36,8.54,-0.01,71,60634,卖盘,002513,2025-10-17 23:00:05
10:33:39,8.54,0.0,16,13664,买盘,002513,2025-10-17 23:00:05
10:33:42,8.54,0.0,64,54630,买盘,002513,2025-10-17 23:00:05
10:33:45,8.55,0.01,325,277859,买盘,002513,2025-10-17 23:00:05
10:33:48,8.55,0.0,45,38475,卖盘,002513,2025-10-17 23:00:05
10:33:51,8.55,0.0,21,17962,卖盘,002513,2025-10-17 23:00:05
10:33:54,8.56,0.01,139,118962,买盘,002513,2025-10-17 23:00:05
10:33:57,8.55,-0.01,15,12826,卖盘,002513,2025-10-17 23:00:05
10:34:00,8.56,0.01,239,204532,买盘,002513,2025-10-17 23:00:05
10:34:03,8.56,0.0,18,15408,卖盘,002513,2025-10-17 23:00:05
10:34:06,8.56,0.0,149,127558,卖盘,002513,2025-10-17 23:00:05
10:34:09,8.56,0.0,66,56492,买盘,002513,2025-10-17 23:00:05
10:34:12,8.56,0.0,57,48803,卖盘,002513,2025-10-17 23:00:05
10:34:15,8.55,-0.01,150,128352,卖盘,002513,2025-10-17 23:00:05
10:34:18,8.55,0.0,29,24829,卖盘,002513,2025-10-17 23:00:05
10:34:21,8.55,0.0,15,12827,卖盘,002513,2025-10-17 23:00:05
10:34:24,8.56,0.01,46,39352,买盘,002513,2025-10-17 23:00:05
10:34:27,8.55,-0.01,48,41076,卖盘,002513,2025-10-17 23:00:05
10:34:30,8.56,0.01,37,31638,买盘,002513,2025-10-17 23:00:05
10:34:33,8.56,0.0,120,102673,买盘,002513,2025-10-17 23:00:05
10:34:36,8.57,0.01,453,387809,买盘,002513,2025-10-17 23:00:05
10:34:39,8.56,-0.01,110,94139,买盘,002513,2025-10-17 23:00:05
10:34:42,8.56,0.0,60,51360,中性盘,002513,2025-10-17 23:00:05
10:34:45,8.57,0.01,402,344035,买盘,002513,2025-10-17 23:00:05
10:34:48,8.55,-0.02,43,36784,中性盘,002513,2025-10-17 23:00:05
10:34:51,8.55,0.0,60,51319,买盘,002513,2025-10-17 23:00:05
10:34:54,8.55,0.0,26,22234,卖盘,002513,2025-10-17 23:00:05
10:34:57,8.55,0.0,95,81300,卖盘,002513,2025-10-17 23:00:05
10:35:00,8.56,0.01,3,2567,买盘,002513,2025-10-17 23:00:05
10:35:03,8.56,0.0,41,35083,卖盘,002513,2025-10-17 23:00:05
10:35:06,8.56,0.0,34,29093,买盘,002513,2025-10-17 23:00:05
10:35:09,8.56,0.0,37,31673,买盘,002513,2025-10-17 23:00:05
10:35:12,8.55,-0.01,14,11973,卖盘,002513,2025-10-17 23:00:05
10:35:15,8.55,0.0,60,51305,卖盘,002513,2025-10-17 23:00:05
10:35:18,8.55,0.0,37,31657,卖盘,002513,2025-10-17 23:00:05
10:35:21,8.55,0.0,119,101773,卖盘,002513,2025-10-17 23:00:05
10:35:24,8.56,0.01,42,35952,买盘,002513,2025-10-17 23:00:05
10:35:27,8.55,-0.01,32,27370,卖盘,002513,2025-10-17 23:00:05
10:35:30,8.55,0.0,15,12834,卖盘,002513,2025-10-17 23:00:05
10:35:33,8.55,0.0,10,8550,卖盘,002513,2025-10-17 23:00:05
10:35:36,8.56,0.01,60,51351,买盘,002513,2025-10-17 23:00:05
10:35:39,8.55,-0.01,116,99181,卖盘,002513,2025-10-17 23:00:05
10:35:42,8.56,0.01,201,171928,买盘,002513,2025-10-17 23:00:05
10:35:45,8.55,-0.01,91,77807,卖盘,002513,2025-10-17 23:00:05
10:35:48,8.55,0.0,52,44459,买盘,002513,2025-10-17 23:00:05
10:35:51,8.55,0.0,36,30779,买盘,002513,2025-10-17 23:00:05
10:35:54,8.55,0.0,167,142623,买盘,002513,2025-10-17 23:00:05
10:35:57,8.54,-0.01,28,23916,中性盘,002513,2025-10-17 23:00:05
10:36:00,8.54,0.0,11,9394,买盘,002513,2025-10-17 23:00:05
10:36:03,8.55,0.01,19,16227,买盘,002513,2025-10-17 23:00:05
10:36:06,8.54,-0.01,126,107493,中性盘,002513,2025-10-17 23:00:05
10:36:09,8.53,-0.01,152,129656,卖盘,002513,2025-10-17 23:00:05
10:36:12,8.53,0.0,23,19619,买盘,002513,2025-10-17 23:00:05
10:36:15,8.52,-0.01,25,21300,卖盘,002513,2025-10-17 23:00:05
10:36:18,8.52,0.0,120,102292,卖盘,002513,2025-10-17 23:00:05
10:36:21,8.52,0.0,155,132130,卖盘,002513,2025-10-17 23:00:05
10:36:24,8.52,0.0,79,67317,卖盘,002513,2025-10-17 23:00:05
10:36:27,8.53,0.01,7,5965,买盘,002513,2025-10-17 23:00:05
10:36:30,8.52,-0.01,35,29820,卖盘,002513,2025-10-17 23:00:05
10:36:33,8.53,0.01,28,23874,买盘,002513,2025-10-17 23:00:05
10:36:36,8.53,0.0,20,17045,中性盘,002513,2025-10-17 23:00:05
10:36:39,8.52,-0.01,85,72420,卖盘,002513,2025-10-17 23:00:05
10:36:42,8.53,0.01,59,50259,买盘,002513,2025-10-17 23:00:05
10:36:45,8.52,-0.01,33,28116,卖盘,002513,2025-10-17 23:00:05
10:36:48,8.52,0.0,60,51130,卖盘,002513,2025-10-17 23:00:05
10:36:51,8.52,0.0,13,11076,卖盘,002513,2025-10-17 23:00:05
10:36:54,8.52,0.0,3,2556,卖盘,002513,2025-10-17 23:00:05
10:36:57,8.52,0.0,35,29825,卖盘,002513,2025-10-17 23:00:05
10:37:00,8.52,0.0,196,167005,卖盘,002513,2025-10-17 23:00:05
10:37:03,8.53,0.01,106,90325,买盘,002513,2025-10-17 23:00:05
10:37:06,8.53,0.0,45,38344,买盘,002513,2025-10-17 23:00:05
10:37:09,8.53,0.0,101,86055,买盘,002513,2025-10-17 23:00:05
10:37:12,8.52,-0.01,149,127095,卖盘,002513,2025-10-17 23:00:05
10:37:15,8.53,0.01,42,35799,买盘,002513,2025-10-17 23:00:05
10:37:18,8.52,-0.01,57,48607,卖盘,002513,2025-10-17 23:00:05
10:37:21,8.5,-0.02,1953,1660733,卖盘,002513,2025-10-17 23:00:05
10:37:24,8.5,0.0,58,49295,买盘,002513,2025-10-17 23:00:05
10:37:27,8.49,-0.01,269,228257,卖盘,002513,2025-10-17 23:00:05
10:37:30,8.45,-0.04,777,657774,卖盘,002513,2025-10-17 23:00:05
10:37:33,8.45,0.0,5,4225,卖盘,002513,2025-10-17 23:00:05
10:37:36,8.46,0.01,4,3384,卖盘,002513,2025-10-17 23:00:05
10:37:39,8.46,0.0,171,144534,买盘,002513,2025-10-17 23:00:05
10:37:42,8.45,-0.01,27,22838,卖盘,002513,2025-10-17 23:00:05
10:37:45,8.45,0.0,182,153810,卖盘,002513,2025-10-17 23:00:05
10:37:48,8.45,0.0,252,213162,卖盘,002513,2025-10-17 23:00:05
10:37:51,8.46,0.01,341,287986,卖盘,002513,2025-10-17 23:00:05
10:37:54,8.47,0.01,68,57590,买盘,002513,2025-10-17 23:00:05
10:37:57,8.46,-0.01,69,58375,卖盘,002513,2025-10-17 23:00:05
10:38:00,8.46,0.0,285,241132,卖盘,002513,2025-10-17 23:00:05
10:38:03,8.45,-0.01,54,45685,卖盘,002513,2025-10-17 23:00:05
10:38:06,8.45,0.0,85,71926,卖盘,002513,2025-10-17 23:00:05
10:38:09,8.45,0.0,41,34660,卖盘,002513,2025-10-17 23:00:05
10:38:12,8.46,0.01,107,90437,买盘,002513,2025-10-17 23:00:05
10:38:15,8.46,0.0,94,79458,卖盘,002513,2025-10-17 23:00:05
10:38:18,8.47,0.01,237,200462,买盘,002513,2025-10-17 23:00:05
10:38:21,8.46,-0.01,6,5076,中性盘,002513,2025-10-17 23:00:05
10:38:24,8.46,0.0,69,58370,买盘,002513,2025-10-17 23:00:05
10:38:27,8.46,0.0,54,45684,买盘,002513,2025-10-17 23:00:05
10:38:30,8.46,0.0,40,33840,卖盘,002513,2025-10-17 23:00:05
10:38:33,8.47,0.01,137,115917,买盘,002513,2025-10-17 23:00:05
10:38:36,8.44,-0.03,800,676310,卖盘,002513,2025-10-17 23:00:05
10:38:39,8.43,-0.01,57,48099,卖盘,002513,2025-10-17 23:00:05
10:38:42,8.44,0.01,31,26154,买盘,002513,2025-10-17 23:00:05
10:38:45,8.43,-0.01,53,44697,卖盘,002513,2025-10-17 23:00:05
10:38:48,8.44,0.01,155,130696,买盘,002513,2025-10-17 23:00:05
10:38:51,8.44,0.0,129,108763,买盘,002513,2025-10-17 23:00:05
10:38:54,8.43,-0.01,416,351051,卖盘,002513,2025-10-17 23:00:05
10:38:57,8.44,0.01,34,28692,买盘,002513,2025-10-17 23:00:05
10:39:00,8.44,0.0,81,68346,买盘,002513,2025-10-17 23:00:05
10:39:03,8.44,0.0,161,135769,买盘,002513,2025-10-17 23:00:05
10:39:06,8.43,-0.01,118,99537,卖盘,002513,2025-10-17 23:00:05
10:39:09,8.44,0.01,76,64099,买盘,002513,2025-10-17 23:00:05
10:39:12,8.45,0.01,52,43890,买盘,002513,2025-10-17 23:00:05
10:39:15,8.45,0.0,117,98825,买盘,002513,2025-10-17 23:00:05
10:39:18,8.46,0.01,2,1692,买盘,002513,2025-10-17 23:00:05
10:39:21,8.46,0.0,5,4227,买盘,002513,2025-10-17 23:00:05
10:39:24,8.46,0.0,33,27907,买盘,002513,2025-10-17 23:00:05
10:39:27,8.46,0.0,1,846,卖盘,002513,2025-10-17 23:00:05
10:39:30,8.47,0.01,24,20310,买盘,002513,2025-10-17 23:00:05
10:39:33,8.47,0.0,65,55034,买盘,002513,2025-10-17 23:00:05
10:39:36,8.47,0.0,170,143990,买盘,002513,2025-10-17 23:00:05
10:39:39,8.47,0.0,57,48229,买盘,002513,2025-10-17 23:00:05
10:39:42,8.47,0.0,9,7622,买盘,002513,2025-10-17 23:00:05
10:39:45,8.46,-0.01,20,16928,卖盘,002513,2025-10-17 23:00:05
10:39:48,8.47,0.01,126,106693,买盘,002513,2025-10-17 23:00:05
10:39:51,8.48,0.01,126,106725,买盘,002513,2025-10-17 23:00:05
10:39:54,8.48,0.0,30,25414,买盘,002513,2025-10-17 23:00:05
10:39:57,8.48,0.0,19,16112,买盘,002513,2025-10-17 23:00:05
10:40:00,8.46,-0.02,232,196387,卖盘,002513,2025-10-17 23:00:05
10:40:03,8.48,0.02,52,44091,买盘,002513,2025-10-17 23:00:05
10:40:06,8.46,-0.02,107,90664,卖盘,002513,2025-10-17 23:00:05
10:40:09,8.47,0.01,21,17770,买盘,002513,2025-10-17 23:00:05
10:40:15,8.47,0.0,118,99937,买盘,002513,2025-10-17 23:00:05
10:40:18,8.47,0.0,37,31339,买盘,002513,2025-10-17 23:00:05
10:40:21,8.47,0.0,31,26260,卖盘,002513,2025-10-17 23:00:05
10:40:24,8.46,-0.01,65,55064,卖盘,002513,2025-10-17 23:00:05
10:40:27,8.47,0.01,122,103333,买盘,002513,2025-10-17 23:00:05
10:40:30,8.47,0.0,41,34727,卖盘,002513,2025-10-17 23:00:05
10:40:33,8.47,0.0,48,40662,卖盘,002513,2025-10-17 23:00:05
10:40:36,8.47,0.0,13,11011,卖盘,002513,2025-10-17 23:00:05
10:40:39,8.47,0.0,4,3388,卖盘,002513,2025-10-17 23:00:05
10:40:42,8.47,0.0,38,32186,买盘,002513,2025-10-17 23:00:05
10:40:45,8.46,-0.01,419,354495,卖盘,002513,2025-10-17 23:00:05
10:40:48,8.47,0.01,45,38094,买盘,002513,2025-10-17 23:00:05
10:40:51,8.48,0.01,16,13562,买盘,002513,2025-10-17 23:00:05
10:40:54,8.48,0.0,37,31356,买盘,002513,2025-10-17 23:00:05
10:40:57,8.46,-0.02,5,4230,卖盘,002513,2025-10-17 23:00:05
10:41:00,8.47,0.01,5,4235,中性盘,002513,2025-10-17 23:00:05
10:41:03,8.46,-0.01,203,171757,卖盘,002513,2025-10-17 23:00:05
10:41:06,8.47,0.01,1,847,中性盘,002513,2025-10-17 23:00:05
10:41:09,8.46,-0.01,37,31302,卖盘,002513,2025-10-17 23:00:05
10:41:12,8.46,0.0,1,846,卖盘,002513,2025-10-17 23:00:05
10:41:15,8.46,0.0,12,10162,卖盘,002513,2025-10-17 23:00:05
10:41:18,8.46,0.0,44,37224,卖盘,002513,2025-10-17 23:00:05
10:41:21,8.47,0.01,17,14389,买盘,002513,2025-10-17 23:00:05
10:41:24,8.46,-0.01,26,22001,卖盘,002513,2025-10-17 23:00:05
10:41:27,8.46,0.0,10,8460,卖盘,002513,2025-10-17 23:00:05
10:41:30,8.46,0.0,94,79524,卖盘,002513,2025-10-17 23:00:05
10:41:33,8.45,-0.01,1,845,卖盘,002513,2025-10-17 23:00:05
10:41:36,8.45,0.0,25,21133,卖盘,002513,2025-10-17 23:00:05
10:41:39,8.46,0.01,72,60857,买盘,002513,2025-10-17 23:00:05
10:41:42,8.45,-0.01,80,67601,卖盘,002513,2025-10-17 23:00:05
10:41:45,8.46,0.01,75,63440,买盘,002513,2025-10-17 23:00:05
10:41:48,8.45,-0.01,63,53235,卖盘,002513,2025-10-17 23:00:05
10:41:51,8.44,-0.01,258,217830,卖盘,002513,2025-10-17 23:00:05
10:41:54,8.44,0.0,1,844,买盘,002513,2025-10-17 23:00:05
10:41:57,8.43,-0.01,178,150060,卖盘,002513,2025-10-17 23:00:05
10:42:00,8.44,0.01,142,119730,买盘,002513,2025-10-17 23:00:05
10:42:03,8.43,-0.01,125,105475,卖盘,002513,2025-10-17 23:00:05
10:42:06,8.44,0.01,68,57358,买盘,002513,2025-10-17 23:00:05
10:42:09,8.43,-0.01,136,114595,卖盘,002513,2025-10-17 23:00:05
10:42:12,8.43,0.0,42,35394,买盘,002513,2025-10-17 23:00:05
10:42:15,8.42,-0.01,81,68237,卖盘,002513,2025-10-17 23:00:05
10:42:18,8.42,0.0,76,64035,卖盘,002513,2025-10-17 23:00:05
10:42:21,8.42,0.0,60,50555,卖盘,002513,2025-10-17 23:00:05
10:42:24,8.42,0.0,25,21053,卖盘,002513,2025-10-17 23:00:05
10:42:27,8.42,0.0,175,147398,卖盘,002513,2025-10-17 23:00:05
10:42:30,8.42,0.0,146,122949,卖盘,002513,2025-10-17 23:00:05
10:42:33,8.41,-0.01,463,389840,卖盘,002513,2025-10-17 23:00:05
10:42:36,8.41,0.0,81,68134,卖盘,002513,2025-10-17 23:00:05
10:42:39,8.41,0.0,64,53843,卖盘,002513,2025-10-17 23:00:05
10:42:42,8.42,0.01,235,197637,买盘,002513,2025-10-17 23:00:05
10:42:45,8.41,-0.01,442,371722,卖盘,002513,2025-10-17 23:00:05
10:42:48,8.41,0.0,175,147183,卖盘,002513,2025-10-17 23:00:05
10:42:51,8.4,-0.01,45,37849,卖盘,002513,2025-10-17 23:00:05
10:42:54,8.4,0.0,84,70582,卖盘,002513,2025-10-17 23:00:05
10:42:57,8.4,0.0,69,57995,卖盘,002513,2025-10-17 23:00:05
10:43:00,8.41,0.01,122,102672,卖盘,002513,2025-10-17 23:00:05
10:43:03,8.41,0.0,81,68144,卖盘,002513,2025-10-17 23:00:05
10:43:06,8.41,0.0,33,27753,卖盘,002513,2025-10-17 23:00:05
10:43:09,8.4,-0.01,74,62173,卖盘,002513,2025-10-17 23:00:05
10:43:12,8.41,0.01,31,26065,买盘,002513,2025-10-17 23:00:05
10:43:15,8.4,-0.01,69,58026,卖盘,002513,2025-10-17 23:00:05
10:43:18,8.4,0.0,69,58013,卖盘,002513,2025-10-17 23:00:05
10:43:21,8.42,0.02,24,20196,买盘,002513,2025-10-17 23:00:05
10:43:24,8.42,0.0,122,102554,买盘,002513,2025-10-17 23:00:05
10:43:27,8.42,0.0,246,207127,买盘,002513,2025-10-17 23:00:05
10:43:30,8.42,0.0,463,389092,买盘,002513,2025-10-17 23:00:05
10:43:33,8.42,0.0,651,546942,买盘,002513,2025-10-17 23:00:05
10:43:36,8.41,-0.01,90,75691,卖盘,002513,2025-10-17 23:00:05
10:43:39,8.41,0.0,75,63075,买盘,002513,2025-10-17 23:00:05
10:43:42,8.42,0.01,54,45420,买盘,002513,2025-10-17 23:00:05
10:43:45,8.41,-0.01,140,117618,卖盘,002513,2025-10-17 23:00:05
10:43:48,8.4,-0.01,50,42049,卖盘,002513,2025-10-17 23:00:05
10:43:51,8.41,0.01,4,3364,买盘,002513,2025-10-17 23:00:05
10:43:54,8.41,0.0,98,82371,买盘,002513,2025-10-17 23:00:05
10:43:57,8.4,-0.01,165,138622,卖盘,002513,2025-10-17 23:00:05
10:44:00,8.41,0.01,57,47938,卖盘,002513,2025-10-17 23:00:05
10:44:03,8.41,0.0,46,38691,卖盘,002513,2025-10-17 23:00:05
10:44:06,8.41,0.0,15,12616,卖盘,002513,2025-10-17 23:00:05
10:44:09,8.41,0.0,39,32799,卖盘,002513,2025-10-17 23:00:05
10:44:12,8.41,0.0,86,72339,卖盘,002513,2025-10-17 23:00:05
10:44:15,8.41,0.0,68,57190,卖盘,002513,2025-10-17 23:00:05
10:44:21,8.41,0.0,34,28565,买盘,002513,2025-10-17 23:00:05
10:44:24,8.4,-0.01,129,108486,卖盘,002513,2025-10-17 23:00:05
10:44:27,8.41,0.01,178,149675,买盘,002513,2025-10-17 23:00:05
10:44:30,8.41,0.0,218,183338,卖盘,002513,2025-10-17 23:00:05
10:44:33,8.41,0.0,8,6728,买盘,002513,2025-10-17 23:00:05
10:44:36,8.4,-0.01,242,203482,卖盘,002513,2025-10-17 23:00:05
10:44:39,8.4,0.0,43,36121,卖盘,002513,2025-10-17 23:00:05
10:44:42,8.41,0.01,142,119326,买盘,002513,2025-10-17 23:00:05
10:44:45,8.41,0.0,222,186637,买盘,002513,2025-10-17 23:00:05
10:44:48,8.41,0.0,139,116878,买盘,002513,2025-10-17 23:00:05
10:44:51,8.41,0.0,21,17643,买盘,002513,2025-10-17 23:00:05
10:44:54,8.41,0.0,48,40368,买盘,002513,2025-10-17 23:00:05
10:44:57,8.41,0.0,89,74849,卖盘,002513,2025-10-17 23:00:05
10:45:00,8.41,0.0,7,5884,买盘,002513,2025-10-17 23:00:05
10:45:03,8.4,-0.01,294,247244,卖盘,002513,2025-10-17 23:00:05
10:45:06,8.41,0.01,43,36146,中性盘,002513,2025-10-17 23:00:05
10:45:09,8.4,-0.01,488,409961,卖盘,002513,2025-10-17 23:00:05
10:45:12,8.41,0.01,130,109434,中性盘,002513,2025-10-17 23:00:05
10:45:15,8.41,0.0,51,42851,买盘,002513,2025-10-17 23:00:05
10:45:18,8.4,-0.01,52,43690,卖盘,002513,2025-10-17 23:00:05
10:45:21,8.4,0.0,204,171374,卖盘,002513,2025-10-17 23:00:05
10:45:24,8.4,0.0,8,6720,卖盘,002513,2025-10-17 23:00:05
10:45:27,8.41,0.01,27,22684,买盘,002513,2025-10-17 23:00:05
10:45:30,8.4,-0.01,295,247806,卖盘,002513,2025-10-17 23:00:05
10:45:33,8.4,0.0,155,130265,卖盘,002513,2025-10-17 23:00:05
10:45:36,8.4,0.0,80,67207,卖盘,002513,2025-10-17 23:00:05
10:45:39,8.4,0.0,62,52082,卖盘,002513,2025-10-17 23:00:05
10:45:42,8.4,0.0,13,10922,卖盘,002513,2025-10-17 23:00:05
10:45:45,8.41,0.01,172,144596,买盘,002513,2025-10-17 23:00:05
10:45:48,8.41,0.0,120,100815,买盘,002513,2025-10-17 23:00:05
10:45:51,8.41,0.0,14,11768,买盘,002513,2025-10-17 23:00:05
10:45:54,8.4,-0.01,24,20175,卖盘,002513,2025-10-17 23:00:05
10:45:57,8.41,0.01,11,9251,买盘,002513,2025-10-17 23:00:05
10:46:00,8.4,-0.01,101,84896,卖盘,002513,2025-10-17 23:00:05
10:46:03,8.4,0.0,45,37800,卖盘,002513,2025-10-17 23:00:05
10:46:06,8.41,0.01,82,68890,买盘,002513,2025-10-17 23:00:05
10:46:09,8.41,0.0,50,42035,买盘,002513,2025-10-17 23:00:05
10:46:12,8.41,0.0,32,26907,买盘,002513,2025-10-17 23:00:05
10:46:15,8.41,0.0,121,101722,买盘,002513,2025-10-17 23:00:05
10:46:18,8.41,0.0,28,23548,买盘,002513,2025-10-17 23:00:05
10:46:21,8.41,0.0,31,26066,买盘,002513,2025-10-17 23:00:05
10:46:24,8.41,0.0,26,21841,买盘,002513,2025-10-17 23:00:05
10:46:27,8.41,0.0,98,82347,买盘,002513,2025-10-17 23:00:05
10:46:30,8.41,0.0,51,42882,买盘,002513,2025-10-17 23:00:05
10:46:33,8.41,0.0,92,77315,买盘,002513,2025-10-17 23:00:05
10:46:36,8.4,-0.01,5,4201,卖盘,002513,2025-10-17 23:00:05
10:46:39,8.41,0.01,32,26893,买盘,002513,2025-10-17 23:00:05
10:46:42,8.4,-0.01,24,20160,卖盘,002513,2025-10-17 23:00:05
10:46:45,8.41,0.01,97,81577,买盘,002513,2025-10-17 23:00:05
10:46:48,8.4,-0.01,160,134400,卖盘,002513,2025-10-17 23:00:05
10:46:51,8.4,0.0,37,31111,卖盘,002513,2025-10-17 23:00:05
10:46:54,8.4,0.0,22,18492,卖盘,002513,2025-10-17 23:00:05
10:46:57,8.41,0.01,32,26886,买盘,002513,2025-10-17 23:00:05
10:47:00,8.4,-0.01,497,417524,卖盘,002513,2025-10-17 23:00:05
10:47:03,8.4,0.0,58,48722,卖盘,002513,2025-10-17 23:00:05
10:47:06,8.41,0.01,212,178049,买盘,002513,2025-10-17 23:00:05
10:47:09,8.41,0.0,28,23530,买盘,002513,2025-10-17 23:00:05
10:47:12,8.41,0.0,72,60526,买盘,002513,2025-10-17 23:00:05
10:47:15,8.4,-0.01,22,18490,卖盘,002513,2025-10-17 23:00:05
10:47:18,8.4,0.0,16,13440,卖盘,002513,2025-10-17 23:00:05
10:47:21,8.41,0.01,61,51275,买盘,002513,2025-10-17 23:00:05
10:47:24,8.41,0.0,132,110891,买盘,002513,2025-10-17 23:00:05
10:47:27,8.41,0.0,212,178149,买盘,002513,2025-10-17 23:00:05
10:47:33,8.41,0.0,52,43736,卖盘,002513,2025-10-17 23:00:05
10:47:36,8.41,0.0,111,93351,卖盘,002513,2025-10-17 23:00:05
10:47:39,8.41,0.0,14,11776,卖盘,002513,2025-10-17 23:00:05
10:47:42,8.42,0.01,2,1684,买盘,002513,2025-10-17 23:00:05
10:47:45,8.41,-0.01,103,86680,卖盘,002513,2025-10-17 23:00:05
10:47:48,8.42,0.01,22,18514,买盘,002513,2025-10-17 23:00:05
10:47:51,8.41,-0.01,126,105972,卖盘,002513,2025-10-17 23:00:05
10:47:54,8.42,0.01,20,16840,买盘,002513,2025-10-17 23:00:05
10:47:57,8.41,-0.01,27,22725,卖盘,002513,2025-10-17 23:00:05
10:48:00,8.41,0.0,52,43776,卖盘,002513,2025-10-17 23:00:05
10:48:03,8.42,0.01,1,842,买盘,002513,2025-10-17 23:00:05
10:48:06,8.41,-0.01,32,26918,卖盘,002513,2025-10-17 23:00:05
10:48:09,8.49,0.08,719,608421,买盘,002513,2025-10-17 23:00:05
10:48:15,8.5,0.01,14,11900,买盘,002513,2025-10-17 23:00:05
10:48:18,8.5,0.0,5,4250,买盘,002513,2025-10-17 23:00:05
10:48:21,8.5,0.0,116,98548,买盘,002513,2025-10-17 23:00:05
10:48:24,8.5,0.0,10,8492,买盘,002513,2025-10-17 23:00:05
10:48:27,8.5,0.0,94,79624,买盘,002513,2025-10-17 23:00:05
10:48:30,8.5,0.0,40,34000,买盘,002513,2025-10-17 23:00:05
10:48:33,8.49,-0.01,13,11048,卖盘,002513,2025-10-17 23:00:05
10:48:36,8.49,0.0,92,78154,卖盘,002513,2025-10-17 23:00:05
10:48:39,8.49,0.0,85,72165,卖盘,002513,2025-10-17 23:00:05
10:48:42,8.49,0.0,50,42445,中性盘,002513,2025-10-17 23:00:05
10:48:45,8.49,0.0,68,57711,买盘,002513,2025-10-17 23:00:05
10:48:48,8.49,0.0,34,28856,买盘,002513,2025-10-17 23:00:05
10:48:51,8.49,0.0,33,28015,买盘,002513,2025-10-17 23:00:05
10:48:54,8.48,-0.01,13,11024,卖盘,002513,2025-10-17 23:00:05
10:48:57,8.48,0.0,39,33074,卖盘,002513,2025-10-17 23:00:05
10:49:00,8.48,0.0,4,3392,买盘,002513,2025-10-17 23:00:05
10:49:03,8.48,0.0,115,97558,买盘,002513,2025-10-17 23:00:05
10:49:06,8.48,0.0,7,5936,卖盘,002513,2025-10-17 23:00:05
10:49:09,8.48,0.0,114,96674,卖盘,002513,2025-10-17 23:00:05
10:49:12,8.5,0.02,607,515698,买盘,002513,2025-10-17 23:00:05
10:49:15,8.5,0.0,98,83300,卖盘,002513,2025-10-17 23:00:05
10:49:18,8.5,0.0,16,13606,卖盘,002513,2025-10-17 23:00:05
10:49:21,8.5,0.0,9,7650,卖盘,002513,2025-10-17 23:00:05
10:49:24,8.51,0.01,170,144670,买盘,002513,2025-10-17 23:00:05
10:49:27,8.52,0.01,46,39187,买盘,002513,2025-10-17 23:00:05
10:49:30,8.52,0.0,2,1704,卖盘,002513,2025-10-17 23:00:05
10:49:33,8.52,0.0,28,23856,卖盘,002513,2025-10-17 23:00:05
10:49:36,8.52,0.0,64,54514,买盘,002513,2025-10-17 23:00:05
10:49:39,8.53,0.01,50,42609,买盘,002513,2025-10-17 23:00:05
10:49:42,8.52,-0.01,44,37488,买盘,002513,2025-10-17 23:00:05
10:49:45,8.53,0.01,141,120148,买盘,002513,2025-10-17 23:00:05
10:49:48,8.52,-0.01,93,79216,中性盘,002513,2025-10-17 23:00:05
10:49:51,8.52,0.0,499,424463,买盘,002513,2025-10-17 23:00:05
10:49:54,8.49,-0.03,77,65373,卖盘,002513,2025-10-17 23:00:05
10:49:57,8.48,-0.01,101,85648,卖盘,002513,2025-10-17 23:00:05
10:50:00,8.46,-0.02,12,10163,卖盘,002513,2025-10-17 23:00:05
10:50:03,8.46,0.0,12,10152,卖盘,002513,2025-10-17 23:00:05
10:50:06,8.46,0.0,21,17766,卖盘,002513,2025-10-17 23:00:05
10:50:09,8.46,0.0,74,62634,卖盘,002513,2025-10-17 23:00:05
10:50:12,8.47,0.01,129,109136,买盘,002513,2025-10-17 23:00:05
10:50:15,8.46,-0.01,117,98984,卖盘,002513,2025-10-17 23:00:05
10:50:18,8.46,0.0,15,12691,卖盘,002513,2025-10-17 23:00:05
10:50:21,8.46,0.0,20,16920,卖盘,002513,2025-10-17 23:00:05
10:50:24,8.46,0.0,15,12699,卖盘,002513,2025-10-17 23:00:05
10:50:27,8.48,0.02,7,5932,买盘,002513,2025-10-17 23:00:05
10:50:30,8.47,-0.01,14,11859,卖盘,002513,2025-10-17 23:00:05
10:50:33,8.48,0.01,6,5084,买盘,002513,2025-10-17 23:00:05
10:50:36,8.47,-0.01,3,2541,卖盘,002513,2025-10-17 23:00:05
10:50:39,8.47,0.0,12,10165,卖盘,002513,2025-10-17 23:00:05
10:50:42,8.47,0.0,27,22869,卖盘,002513,2025-10-17 23:00:05
10:50:45,8.48,0.01,20,16945,买盘,002513,2025-10-17 23:00:05
10:50:48,8.48,0.0,16,13556,买盘,002513,2025-10-17 23:00:05
10:50:51,8.47,-0.01,68,57610,卖盘,002513,2025-10-17 23:00:05
10:50:54,8.47,0.0,33,27950,卖盘,002513,2025-10-17 23:00:05
10:50:57,8.47,0.0,18,15246,买盘,002513,2025-10-17 23:00:05
10:51:00,8.46,-0.01,2,1693,卖盘,002513,2025-10-17 23:00:05
10:51:03,8.47,0.01,46,38934,买盘,002513,2025-10-17 23:00:05
10:51:06,8.46,-0.01,193,163317,卖盘,002513,2025-10-17 23:00:05
10:51:09,8.47,0.01,40,33880,买盘,002513,2025-10-17 23:00:05
10:51:12,8.47,0.0,6,5082,买盘,002513,2025-10-17 23:00:05
10:51:15,8.46,-0.01,67,56722,卖盘,002513,2025-10-17 23:00:05
10:51:18,8.46,0.0,78,65988,卖盘,002513,2025-10-17 23:00:05
10:51:21,8.45,-0.01,2,1690,卖盘,002513,2025-10-17 23:00:05
10:51:24,8.45,0.0,41,34652,卖盘,002513,2025-10-17 23:00:05
10:51:30,8.45,0.0,57,48165,卖盘,002513,2025-10-17 23:00:05
10:51:33,8.45,0.0,26,21948,买盘,002513,2025-10-17 23:00:05
10:51:36,8.45,0.0,34,28730,买盘,002513,2025-10-17 23:00:05
10:51:39,8.45,0.0,217,183365,卖盘,002513,2025-10-17 23:00:05
10:51:42,8.45,0.0,27,22812,买盘,002513,2025-10-17 23:00:05
10:51:45,8.44,-0.01,10,8440,卖盘,002513,2025-10-17 23:00:05
10:51:48,8.45,0.01,136,114816,买盘,002513,2025-10-17 23:00:05
10:51:51,8.45,0.0,110,92950,买盘,002513,2025-10-17 23:00:05
10:51:54,8.44,-0.01,22,18573,卖盘,002513,2025-10-17 23:00:05
10:51:57,8.44,0.0,14,11827,卖盘,002513,2025-10-17 23:00:05
10:52:00,8.44,0.0,17,14358,卖盘,002513,2025-10-17 23:00:05
10:52:03,8.45,0.01,46,38869,买盘,002513,2025-10-17 23:00:05
10:52:06,8.45,0.0,49,41404,买盘,002513,2025-10-17 23:00:05
10:52:09,8.45,0.0,2,1690,买盘,002513,2025-10-17 23:00:05
10:52:12,8.45,0.0,8,6760,买盘,002513,2025-10-17 23:00:05
10:52:15,8.45,0.0,37,31235,买盘,002513,2025-10-17 23:00:05
10:52:18,8.44,-0.01,8,6758,卖盘,002513,2025-10-17 23:00:05
10:52:21,8.44,0.0,35,29551,卖盘,002513,2025-10-17 23:00:05
10:52:24,8.44,0.0,64,54016,卖盘,002513,2025-10-17 23:00:05
10:52:27,8.44,0.0,28,23637,卖盘,002513,2025-10-17 23:00:05
10:52:30,8.44,0.0,40,33788,卖盘,002513,2025-10-17 23:00:05
10:52:33,8.44,0.0,79,66676,卖盘,002513,2025-10-17 23:00:05
10:52:36,8.44,0.0,25,21101,卖盘,002513,2025-10-17 23:00:05
10:52:39,8.45,0.01,14,11825,买盘,002513,2025-10-17 23:00:05
10:52:42,8.45,0.0,14,11820,买盘,002513,2025-10-17 23:00:05
10:52:45,8.44,-0.01,14,11816,卖盘,002513,2025-10-17 23:00:05
10:52:48,8.44,0.0,10,8440,卖盘,002513,2025-10-17 23:00:05
10:52:51,8.44,0.0,215,181547,卖盘,002513,2025-10-17 23:00:05
10:52:54,8.44,0.0,34,28717,卖盘,002513,2025-10-17 23:00:05
10:52:57,8.44,0.0,13,10972,买盘,002513,2025-10-17 23:00:05
10:53:00,8.44,0.0,11,9284,买盘,002513,2025-10-17 23:00:05
10:53:03,8.45,0.01,4,3379,买盘,002513,2025-10-17 23:00:05
10:53:06,8.44,-0.01,95,80180,卖盘,002513,2025-10-17 23:00:05
10:53:09,8.44,0.0,16,13503,买盘,002513,2025-10-17 23:00:05
10:53:12,8.44,0.0,5,4220,买盘,002513,2025-10-17 23:00:05
10:53:15,8.44,0.0,97,81868,买盘,002513,2025-10-17 23:00:05
10:53:18,8.44,0.0,97,81868,卖盘,002513,2025-10-17 23:00:05
10:53:21,8.45,0.01,19,16037,买盘,002513,2025-10-17 23:00:05
10:53:24,8.45,0.0,79,66737,买盘,002513,2025-10-17 23:00:05
10:53:27,8.46,0.01,27,22841,买盘,002513,2025-10-17 23:00:05
10:53:30,8.46,0.0,14,11831,买盘,002513,2025-10-17 23:00:05
10:53:33,8.46,0.0,13,10998,买盘,002513,2025-10-17 23:00:05
10:53:36,8.45,-0.01,50,42269,卖盘,002513,2025-10-17 23:00:05
10:53:39,8.45,0.0,24,20280,卖盘,002513,2025-10-17 23:00:05
10:53:42,8.45,0.0,7,5915,买盘,002513,2025-10-17 23:00:05
10:53:45,8.44,-0.01,7,5913,卖盘,002513,2025-10-17 23:00:05
10:53:51,8.46,0.02,24,20272,买盘,002513,2025-10-17 23:00:05
10:53:54,8.45,-0.01,14,11827,卖盘,002513,2025-10-17 23:00:05
10:53:57,8.45,0.0,15,12669,买盘,002513,2025-10-17 23:00:05
10:54:00,8.45,0.0,55,46424,买盘,002513,2025-10-17 23:00:05
10:54:03,8.45,0.0,6,5070,买盘,002513,2025-10-17 23:00:05
10:54:06,8.45,0.0,59,49855,买盘,002513,2025-10-17 23:00:05
10:54:09,8.45,0.0,34,28730,买盘,002513,2025-10-17 23:00:05
10:54:12,8.45,0.0,56,47320,卖盘,002513,2025-10-17 23:00:05
10:54:15,8.45,0.0,38,32110,卖盘,002513,2025-10-17 23:00:05
10:54:21,8.46,0.01,105,88762,买盘,002513,2025-10-17 23:00:05
10:54:24,8.45,-0.01,2,1690,卖盘,002513,2025-10-17 23:00:05
10:54:30,8.45,0.0,6,5073,卖盘,002513,2025-10-17 23:00:05
10:54:33,8.45,0.0,12,10151,卖盘,002513,2025-10-17 23:00:05
10:54:42,8.45,0.0,11,9300,卖盘,002513,2025-10-17 23:00:05
10:54:45,8.46,0.01,23,19452,买盘,002513,2025-10-17 23:00:05
10:54:48,8.46,0.0,3,2538,买盘,002513,2025-10-17 23:00:05
10:54:51,8.45,-0.01,12,10142,卖盘,002513,2025-10-17 23:00:05
10:54:54,8.46,0.01,105,88730,买盘,002513,2025-10-17 23:00:05
10:55:00,8.46,0.0,23,19451,买盘,002513,2025-10-17 23:00:05
10:55:03,8.46,0.0,50,42300,买盘,002513,2025-10-17 23:00:05
10:55:06,8.46,0.0,27,22842,买盘,002513,2025-10-17 23:00:05
