时间,成交价,价格变动,成交量,成交额,买卖盘性质,股票代码,采集时间
09:25:00,14.47,0.02,2695,3899274,买盘,002654,2025-10-17 22:49:25
09:30:00,14.39,-0.08,1109,1600560,卖盘,002654,2025-10-17 22:49:25
09:30:03,14.45,0.06,1480,2136500,买盘,002654,2025-10-17 22:49:25
09:30:06,14.44,-0.01,3056,4413806,卖盘,002654,2025-10-17 22:49:25
09:30:09,14.45,0.01,720,1040523,买盘,002654,2025-10-17 22:49:25
09:30:12,14.46,0.01,992,1434571,买盘,002654,2025-10-17 22:49:25
09:30:15,14.52,0.06,797,1154502,买盘,002654,2025-10-17 22:49:25
09:30:18,14.53,0.01,129,187474,买盘,002654,2025-10-17 22:49:25
09:30:21,14.54,0.01,264,383743,买盘,002654,2025-10-17 22:49:25
09:30:24,14.53,-0.01,1676,2436631,卖盘,002654,2025-10-17 22:49:25
09:30:27,14.48,-0.05,1569,2275919,卖盘,002654,2025-10-17 22:49:25
09:30:30,14.43,-0.05,1194,1727014,卖盘,002654,2025-10-17 22:49:25
09:30:33,14.44,0.01,476,687332,买盘,002654,2025-10-17 22:49:25
09:30:36,14.48,0.04,1342,1941425,买盘,002654,2025-10-17 22:49:25
09:30:39,14.43,-0.05,648,935458,卖盘,002654,2025-10-17 22:49:25
09:30:42,14.41,-0.02,315,454502,卖盘,002654,2025-10-17 22:49:25
09:30:45,14.41,0.0,210,303048,卖盘,002654,2025-10-17 22:49:25
09:30:48,14.48,0.07,239,345294,买盘,002654,2025-10-17 22:49:25
09:30:51,14.46,-0.02,269,388857,卖盘,002654,2025-10-17 22:49:25
09:30:54,14.46,0.0,94,135746,买盘,002654,2025-10-17 22:49:25
09:30:57,14.44,-0.02,217,313307,买盘,002654,2025-10-17 22:49:25
09:31:00,14.43,-0.01,130,187540,卖盘,002654,2025-10-17 22:49:25
09:31:03,14.42,-0.01,963,1388826,卖盘,002654,2025-10-17 22:49:25
09:31:06,14.42,0.0,98,141349,买盘,002654,2025-10-17 22:49:25
09:31:09,14.44,0.02,266,383731,买盘,002654,2025-10-17 22:49:25
09:31:12,14.42,-0.02,376,542932,卖盘,002654,2025-10-17 22:49:25
09:31:15,14.43,0.01,320,462585,中性盘,002654,2025-10-17 22:49:25
09:31:18,14.47,0.04,525,759065,中性盘,002654,2025-10-17 22:49:25
09:31:21,14.48,0.01,377,545959,中性盘,002654,2025-10-17 22:49:25
09:31:24,14.51,0.03,338,489849,买盘,002654,2025-10-17 22:49:25
09:31:27,14.51,0.0,261,378528,买盘,002654,2025-10-17 22:49:25
09:31:30,14.52,0.01,18,26129,买盘,002654,2025-10-17 22:49:25
09:31:33,14.54,0.02,854,1239714,买盘,002654,2025-10-17 22:49:25
09:31:36,14.55,0.01,51,74179,买盘,002654,2025-10-17 22:49:25
09:31:39,14.55,0.0,351,510598,买盘,002654,2025-10-17 22:49:25
09:31:42,14.54,-0.01,289,420093,卖盘,002654,2025-10-17 22:49:25
09:31:45,14.56,0.02,101,146905,买盘,002654,2025-10-17 22:49:25
09:31:48,14.53,-0.03,89,129327,卖盘,002654,2025-10-17 22:49:25
09:31:51,14.59,0.06,1431,2085552,买盘,002654,2025-10-17 22:49:25
09:31:54,14.58,-0.01,253,369134,卖盘,002654,2025-10-17 22:49:25
09:31:57,14.55,-0.03,904,1316071,卖盘,002654,2025-10-17 22:49:25
09:32:00,14.53,-0.02,1529,2224602,卖盘,002654,2025-10-17 22:49:25
09:32:03,14.52,-0.01,459,666602,卖盘,002654,2025-10-17 22:49:25
09:32:06,14.53,0.01,2328,3385007,买盘,002654,2025-10-17 22:49:25
09:32:09,14.55,0.02,352,511453,中性盘,002654,2025-10-17 22:49:25
09:32:12,14.55,0.0,433,630804,中性盘,002654,2025-10-17 22:49:25
09:32:15,14.59,0.04,476,694511,买盘,002654,2025-10-17 22:49:25
09:32:18,14.65,0.06,433,632928,买盘,002654,2025-10-17 22:49:25
09:32:21,14.65,0.0,259,379392,买盘,002654,2025-10-17 22:49:25
09:32:24,14.65,0.0,108,158204,买盘,002654,2025-10-17 22:49:25
09:32:27,14.61,-0.04,304,444020,卖盘,002654,2025-10-17 22:49:25
09:32:30,14.61,0.0,24,35057,买盘,002654,2025-10-17 22:49:25
09:32:33,14.6,-0.01,89,129979,中性盘,002654,2025-10-17 22:49:25
09:32:36,14.61,0.01,277,404100,买盘,002654,2025-10-17 22:49:25
09:32:39,14.63,0.02,556,813104,买盘,002654,2025-10-17 22:49:25
09:32:42,14.63,0.0,37,54136,卖盘,002654,2025-10-17 22:49:25
09:32:45,14.65,0.02,439,643088,买盘,002654,2025-10-17 22:49:25
09:32:48,14.66,0.01,117,171444,买盘,002654,2025-10-17 22:49:25
09:32:51,14.66,0.0,377,552399,买盘,002654,2025-10-17 22:49:25
09:32:54,14.67,0.01,679,996102,买盘,002654,2025-10-17 22:49:25
09:32:57,14.7,0.03,1634,2397678,买盘,002654,2025-10-17 22:49:25
09:33:00,14.72,0.02,384,565117,买盘,002654,2025-10-17 22:49:25
09:33:03,14.72,0.0,488,719349,买盘,002654,2025-10-17 22:49:25
09:33:06,14.77,0.05,1686,2484232,买盘,002654,2025-10-17 22:49:25
09:33:09,14.79,0.02,139,205206,买盘,002654,2025-10-17 22:49:25
09:33:12,14.8,0.01,391,578628,买盘,002654,2025-10-17 22:49:25
09:33:15,14.81,0.01,160,236938,买盘,002654,2025-10-17 22:49:25
09:33:18,14.81,0.0,261,386823,卖盘,002654,2025-10-17 22:49:25
09:33:21,14.81,0.0,930,1378495,卖盘,002654,2025-10-17 22:49:25
09:33:24,14.84,0.03,1047,1551826,买盘,002654,2025-10-17 22:49:25
09:33:27,14.85,0.01,715,1060593,买盘,002654,2025-10-17 22:49:25
09:33:30,14.84,-0.01,471,698862,中性盘,002654,2025-10-17 22:49:25
09:33:33,14.84,0.0,1183,1755831,买盘,002654,2025-10-17 22:49:25
09:33:36,14.91,0.07,3754,5590598,买盘,002654,2025-10-17 22:49:25
09:33:39,14.94,0.03,686,1023081,买盘,002654,2025-10-17 22:49:25
09:33:42,14.95,0.01,1123,1677329,买盘,002654,2025-10-17 22:49:25
09:33:45,14.97,0.02,2186,3262305,买盘,002654,2025-10-17 22:49:25
09:33:48,14.98,0.01,2313,3465572,买盘,002654,2025-10-17 22:49:25
09:33:51,14.97,-0.01,1040,1557442,卖盘,002654,2025-10-17 22:49:25
09:33:54,14.95,-0.02,1128,1689512,卖盘,002654,2025-10-17 22:49:25
09:33:57,14.95,0.0,626,936172,卖盘,002654,2025-10-17 22:49:25
09:34:00,14.95,0.0,517,772843,卖盘,002654,2025-10-17 22:49:25
09:34:03,14.98,0.03,4787,7166645,买盘,002654,2025-10-17 22:49:25
09:34:06,15.04,0.06,2112,3167969,买盘,002654,2025-10-17 22:49:25
09:34:09,15.05,0.01,1523,2288419,买盘,002654,2025-10-17 22:49:25
09:34:12,14.98,-0.07,627,941635,卖盘,002654,2025-10-17 22:49:25
09:34:15,14.99,0.01,554,831516,中性盘,002654,2025-10-17 22:49:25
09:34:18,14.98,-0.01,304,456090,卖盘,002654,2025-10-17 22:49:25
09:34:21,14.99,0.01,869,1303543,买盘,002654,2025-10-17 22:49:25
09:34:24,14.98,-0.01,991,1486828,卖盘,002654,2025-10-17 22:49:25
09:34:27,14.98,0.0,493,738583,卖盘,002654,2025-10-17 22:49:25
09:34:30,14.96,-0.02,1085,1625551,卖盘,002654,2025-10-17 22:49:25
09:34:33,14.97,0.01,405,606157,买盘,002654,2025-10-17 22:49:25
09:34:36,14.96,-0.01,350,523627,买盘,002654,2025-10-17 22:49:25
09:34:39,14.95,-0.01,1179,1764029,卖盘,002654,2025-10-17 22:49:25
09:34:42,14.94,-0.01,361,539639,卖盘,002654,2025-10-17 22:49:25
09:34:45,14.88,-0.06,182,271185,卖盘,002654,2025-10-17 22:49:25
09:34:48,14.86,-0.02,1631,2420199,卖盘,002654,2025-10-17 22:49:25
09:34:51,14.83,-0.03,125,185675,中性盘,002654,2025-10-17 22:49:25
09:34:54,14.83,0.0,262,388209,卖盘,002654,2025-10-17 22:49:25
09:34:57,14.8,-0.03,145,214700,卖盘,002654,2025-10-17 22:49:25
09:35:00,14.83,0.03,482,714054,买盘,002654,2025-10-17 22:49:25
09:35:03,14.78,-0.05,478,707447,卖盘,002654,2025-10-17 22:49:25
09:35:06,14.79,0.01,118,174630,卖盘,002654,2025-10-17 22:49:25
09:35:09,14.79,0.0,247,365412,卖盘,002654,2025-10-17 22:49:25
09:35:12,14.8,0.01,180,266296,买盘,002654,2025-10-17 22:49:25
09:35:15,14.78,-0.02,431,637294,卖盘,002654,2025-10-17 22:49:25
09:35:18,14.8,0.02,1447,2143421,买盘,002654,2025-10-17 22:49:25
09:35:21,14.83,0.03,184,272562,买盘,002654,2025-10-17 22:49:25
09:35:24,14.83,0.0,253,375011,买盘,002654,2025-10-17 22:49:25
09:35:27,14.83,0.0,766,1134405,买盘,002654,2025-10-17 22:49:25
09:35:30,14.79,-0.04,132,195563,卖盘,002654,2025-10-17 22:49:25
09:35:33,14.8,0.01,827,1223426,卖盘,002654,2025-10-17 22:49:25
09:35:36,14.79,-0.01,190,281118,卖盘,002654,2025-10-17 22:49:25
09:35:39,14.8,0.01,214,316796,买盘,002654,2025-10-17 22:49:25
09:35:42,14.8,0.0,162,239972,卖盘,002654,2025-10-17 22:49:25
09:35:45,14.79,-0.01,364,538837,卖盘,002654,2025-10-17 22:49:25
09:35:48,14.81,0.02,155,229704,中性盘,002654,2025-10-17 22:49:25
09:35:51,14.82,0.01,269,398620,买盘,002654,2025-10-17 22:49:25
09:35:54,14.83,0.01,160,237062,买盘,002654,2025-10-17 22:49:25
09:35:57,14.82,-0.01,36,53370,中性盘,002654,2025-10-17 22:49:25
09:36:00,14.82,0.0,191,283092,卖盘,002654,2025-10-17 22:49:25
09:36:03,14.8,-0.02,398,589082,卖盘,002654,2025-10-17 22:49:25
09:36:06,14.83,0.03,1287,1906528,买盘,002654,2025-10-17 22:49:25
09:36:09,14.87,0.04,1704,2534363,买盘,002654,2025-10-17 22:49:25
09:36:12,14.9,0.03,198,294639,买盘,002654,2025-10-17 22:49:25
09:36:15,14.91,0.01,137,203872,买盘,002654,2025-10-17 22:49:25
09:36:18,14.91,0.0,84,125271,买盘,002654,2025-10-17 22:49:25
09:36:21,14.93,0.02,142,211855,买盘,002654,2025-10-17 22:49:25
09:36:24,14.92,-0.01,632,942421,中性盘,002654,2025-10-17 22:49:25
09:36:27,14.95,0.03,1433,2140127,买盘,002654,2025-10-17 22:49:25
09:36:30,14.94,-0.01,197,294319,卖盘,002654,2025-10-17 22:49:25
09:36:33,15.0,0.06,5531,8294636,买盘,002654,2025-10-17 22:49:25
09:36:36,14.98,-0.02,800,1199567,卖盘,002654,2025-10-17 22:49:25
09:36:39,15.0,0.02,198,296928,买盘,002654,2025-10-17 22:49:25
09:36:42,15.0,0.0,194,290880,买盘,002654,2025-10-17 22:49:25
09:36:45,14.98,-0.02,496,743060,中性盘,002654,2025-10-17 22:49:25
09:36:48,14.98,0.0,218,326495,买盘,002654,2025-10-17 22:49:25
09:36:51,15.03,0.05,4333,6501391,买盘,002654,2025-10-17 22:49:25
09:36:54,15.04,0.01,1273,1914850,买盘,002654,2025-10-17 22:49:25
09:36:57,15.02,-0.02,845,1268879,卖盘,002654,2025-10-17 22:49:25
09:37:00,15.02,0.0,598,898392,买盘,002654,2025-10-17 22:49:25
09:37:03,15.01,-0.01,514,771587,中性盘,002654,2025-10-17 22:49:25
09:37:06,14.99,-0.02,658,987462,中性盘,002654,2025-10-17 22:49:25
09:37:09,14.95,-0.04,404,604529,卖盘,002654,2025-10-17 22:49:25
09:37:12,14.95,0.0,313,468150,买盘,002654,2025-10-17 22:49:25
09:37:15,14.96,0.01,123,184004,中性盘,002654,2025-10-17 22:49:25
09:37:18,14.95,-0.01,569,851325,卖盘,002654,2025-10-17 22:49:25
09:37:21,14.95,0.0,176,263205,买盘,002654,2025-10-17 22:49:25
09:37:24,14.95,0.0,338,504754,买盘,002654,2025-10-17 22:49:25
09:37:27,14.93,-0.02,163,243244,卖盘,002654,2025-10-17 22:49:25
09:37:30,14.91,-0.02,293,437402,卖盘,002654,2025-10-17 22:49:25
09:37:33,14.9,-0.01,71,105815,卖盘,002654,2025-10-17 22:49:25
09:37:36,14.92,0.02,427,637057,买盘,002654,2025-10-17 22:49:25
09:37:39,14.92,0.0,506,755911,中性盘,002654,2025-10-17 22:49:25
09:37:42,15.06,0.14,10147,15254722,买盘,002654,2025-10-17 22:49:25
09:37:45,15.03,-0.03,1645,2479225,卖盘,002654,2025-10-17 22:49:25
09:37:48,15.01,-0.02,803,1208796,卖盘,002654,2025-10-17 22:49:25
09:37:51,15.05,0.04,2138,3220548,中性盘,002654,2025-10-17 22:49:25
09:37:54,15.03,-0.02,2328,3508510,卖盘,002654,2025-10-17 22:49:25
09:37:57,15.03,0.0,588,884746,卖盘,002654,2025-10-17 22:49:25
09:38:00,15.05,0.02,890,1338565,买盘,002654,2025-10-17 22:49:25
09:38:03,15.05,0.0,1241,1869780,卖盘,002654,2025-10-17 22:49:25
09:38:06,15.05,0.0,1178,1772339,买盘,002654,2025-10-17 22:49:25
09:38:09,15.05,0.0,514,773328,买盘,002654,2025-10-17 22:49:25
09:38:12,15.02,-0.03,322,483626,卖盘,002654,2025-10-17 22:49:25
09:38:15,15.0,-0.02,408,612322,卖盘,002654,2025-10-17 22:49:25
09:38:18,15.09,0.09,4362,6560421,买盘,002654,2025-10-17 22:49:25
09:38:21,15.07,-0.02,3413,5152256,卖盘,002654,2025-10-17 22:49:25
09:38:24,15.07,0.0,821,1237276,卖盘,002654,2025-10-17 22:49:25
09:38:27,15.05,-0.02,977,1470689,买盘,002654,2025-10-17 22:49:25
09:38:30,15.04,-0.01,401,603125,中性盘,002654,2025-10-17 22:49:25
09:38:33,14.99,-0.05,1105,1659038,卖盘,002654,2025-10-17 22:49:25
09:38:36,14.96,-0.03,281,420846,卖盘,002654,2025-10-17 22:49:25
09:38:39,14.94,-0.02,80,119697,卖盘,002654,2025-10-17 22:49:25
09:38:42,14.95,0.01,199,297268,中性盘,002654,2025-10-17 22:49:25
09:38:45,14.94,-0.01,218,325574,中性盘,002654,2025-10-17 22:49:25
09:38:48,14.96,0.02,612,914742,买盘,002654,2025-10-17 22:49:25
09:38:51,14.94,-0.02,318,474906,卖盘,002654,2025-10-17 22:49:25
09:38:54,14.95,0.01,265,396085,买盘,002654,2025-10-17 22:49:25
09:38:57,14.94,-0.01,235,351105,卖盘,002654,2025-10-17 22:49:25
09:39:00,14.94,0.0,214,319598,买盘,002654,2025-10-17 22:49:25
09:39:03,14.92,-0.02,1040,1549983,中性盘,002654,2025-10-17 22:49:25
09:39:06,14.87,-0.05,218,324827,卖盘,002654,2025-10-17 22:49:25
09:39:09,14.87,0.0,176,262070,卖盘,002654,2025-10-17 22:49:25
09:39:12,14.87,0.0,93,138297,卖盘,002654,2025-10-17 22:49:25
09:39:15,14.87,0.0,146,217063,买盘,002654,2025-10-17 22:49:25
09:39:18,14.9,0.03,479,712826,买盘,002654,2025-10-17 22:49:25
09:39:21,14.9,0.0,193,287169,卖盘,002654,2025-10-17 22:49:25
09:39:24,14.91,0.01,1093,1630721,买盘,002654,2025-10-17 22:49:25
09:39:27,14.93,0.02,53,79093,买盘,002654,2025-10-17 22:49:25
09:39:30,14.93,0.0,145,216364,中性盘,002654,2025-10-17 22:49:25
09:39:33,14.93,0.0,101,150752,买盘,002654,2025-10-17 22:49:25
09:39:36,14.91,-0.02,320,477334,卖盘,002654,2025-10-17 22:49:25
09:39:39,14.91,0.0,187,278932,卖盘,002654,2025-10-17 22:49:25
09:39:42,14.91,0.0,573,854127,买盘,002654,2025-10-17 22:49:25
09:39:45,14.9,-0.01,373,556009,中性盘,002654,2025-10-17 22:49:25
09:39:48,14.9,0.0,111,165578,卖盘,002654,2025-10-17 22:49:25
09:39:51,14.89,-0.01,303,451227,卖盘,002654,2025-10-17 22:49:25
09:39:54,14.88,-0.01,453,674322,卖盘,002654,2025-10-17 22:49:25
09:39:57,14.88,0.0,516,767294,买盘,002654,2025-10-17 22:49:25
09:40:00,14.86,-0.02,193,286821,卖盘,002654,2025-10-17 22:49:25
09:40:03,14.87,0.01,569,844768,买盘,002654,2025-10-17 22:49:25
09:40:06,14.85,-0.02,79,117288,中性盘,002654,2025-10-17 22:49:25
09:40:09,14.83,-0.02,121,179549,卖盘,002654,2025-10-17 22:49:25
09:40:12,14.81,-0.02,589,872672,卖盘,002654,2025-10-17 22:49:25
09:40:15,14.79,-0.02,1820,2692267,卖盘,002654,2025-10-17 22:49:25
09:40:18,14.8,0.01,367,542930,买盘,002654,2025-10-17 22:49:25
09:40:21,14.78,-0.02,93,137629,卖盘,002654,2025-10-17 22:49:25
09:40:24,14.8,0.02,423,625534,买盘,002654,2025-10-17 22:49:25
09:40:27,14.8,0.0,159,235221,买盘,002654,2025-10-17 22:49:25
09:40:30,14.79,-0.01,384,568219,卖盘,002654,2025-10-17 22:49:25
09:40:33,14.79,0.0,166,245474,买盘,002654,2025-10-17 22:49:25
09:40:36,14.78,-0.01,134,198159,卖盘,002654,2025-10-17 22:49:25
09:40:39,14.8,0.02,356,526332,买盘,002654,2025-10-17 22:49:25
09:40:42,14.79,-0.01,78,115346,卖盘,002654,2025-10-17 22:49:25
09:40:45,14.78,-0.01,93,137541,卖盘,002654,2025-10-17 22:49:25
09:40:48,14.77,-0.01,1220,1802940,卖盘,002654,2025-10-17 22:49:25
09:40:51,14.78,0.01,165,243687,买盘,002654,2025-10-17 22:49:25
09:40:54,14.77,-0.01,75,110721,中性盘,002654,2025-10-17 22:49:25
09:40:57,14.78,0.01,140,206854,买盘,002654,2025-10-17 22:49:25
09:41:00,14.77,-0.01,68,100447,卖盘,002654,2025-10-17 22:49:25
09:41:03,14.77,0.0,1807,2666710,卖盘,002654,2025-10-17 22:49:25
09:41:06,14.76,-0.01,807,1190331,中性盘,002654,2025-10-17 22:49:25
09:41:09,14.75,-0.01,115,169591,卖盘,002654,2025-10-17 22:49:25
09:41:12,14.75,0.0,78,115037,买盘,002654,2025-10-17 22:49:25
09:41:15,14.73,-0.02,105,154748,卖盘,002654,2025-10-17 22:49:25
09:41:18,14.73,0.0,92,135551,卖盘,002654,2025-10-17 22:49:25
09:41:21,14.72,-0.01,661,973377,卖盘,002654,2025-10-17 22:49:25
09:41:24,14.75,0.03,987,1454338,买盘,002654,2025-10-17 22:49:25
09:41:27,14.73,-0.02,413,609007,卖盘,002654,2025-10-17 22:49:25
09:41:30,14.74,0.01,615,906562,买盘,002654,2025-10-17 22:49:25
09:41:33,14.75,0.01,147,216730,卖盘,002654,2025-10-17 22:49:25
09:41:36,14.76,0.01,176,259698,买盘,002654,2025-10-17 22:49:25
09:41:39,14.77,0.01,209,308293,买盘,002654,2025-10-17 22:49:25
09:41:42,14.74,-0.03,90,132652,中性盘,002654,2025-10-17 22:49:25
09:41:45,14.73,-0.01,240,353621,卖盘,002654,2025-10-17 22:49:25
09:41:48,14.74,0.01,76,111997,买盘,002654,2025-10-17 22:49:25
09:41:51,14.73,-0.01,102,150285,卖盘,002654,2025-10-17 22:49:25
09:41:54,14.73,0.0,76,111987,卖盘,002654,2025-10-17 22:49:25
09:41:57,14.74,0.01,115,169462,买盘,002654,2025-10-17 22:49:25
09:42:00,14.75,0.01,41,60459,买盘,002654,2025-10-17 22:49:25
09:42:03,14.75,0.0,659,971106,买盘,002654,2025-10-17 22:49:25
09:42:06,14.74,-0.01,743,1095117,卖盘,002654,2025-10-17 22:49:25
09:42:09,14.73,-0.01,301,443371,卖盘,002654,2025-10-17 22:49:25
09:42:12,14.73,0.0,405,596268,买盘,002654,2025-10-17 22:49:25
09:42:15,14.73,0.0,361,531581,买盘,002654,2025-10-17 22:49:25
09:42:18,14.72,-0.01,713,1048977,买盘,002654,2025-10-17 22:49:25
09:42:21,14.71,-0.01,196,288462,卖盘,002654,2025-10-17 22:49:25
09:42:24,14.73,0.02,192,282521,买盘,002654,2025-10-17 22:49:25
09:42:27,14.71,-0.02,247,363447,卖盘,002654,2025-10-17 22:49:25
09:42:30,14.71,0.0,371,545700,卖盘,002654,2025-10-17 22:49:25
09:42:33,14.69,-0.02,4932,7247465,卖盘,002654,2025-10-17 22:49:25
09:42:36,14.68,-0.01,551,809270,卖盘,002654,2025-10-17 22:49:25
09:42:39,14.67,-0.01,59,86592,卖盘,002654,2025-10-17 22:49:25
09:42:42,14.68,0.01,151,221581,买盘,002654,2025-10-17 22:49:25
09:42:45,14.67,-0.01,157,230248,中性盘,002654,2025-10-17 22:49:25
09:42:48,14.66,-0.01,71,104141,卖盘,002654,2025-10-17 22:49:25
09:42:51,14.67,0.01,174,255157,买盘,002654,2025-10-17 22:49:25
09:42:54,14.67,0.0,87,127660,卖盘,002654,2025-10-17 22:49:25
09:42:57,14.67,0.0,215,315504,卖盘,002654,2025-10-17 22:49:25
09:43:00,14.67,0.0,110,161385,卖盘,002654,2025-10-17 22:49:25
09:43:03,14.67,0.0,244,358019,卖盘,002654,2025-10-17 22:49:25
09:43:06,14.67,0.0,137,200919,买盘,002654,2025-10-17 22:49:25
09:43:09,14.68,0.01,81,118817,买盘,002654,2025-10-17 22:49:25
09:43:12,14.68,0.0,97,142381,买盘,002654,2025-10-17 22:49:25
09:43:15,14.67,-0.01,335,491435,卖盘,002654,2025-10-17 22:49:25
09:43:18,14.67,0.0,253,371122,买盘,002654,2025-10-17 22:49:25
09:43:21,14.66,-0.01,187,274282,卖盘,002654,2025-10-17 22:49:25
09:43:24,14.67,0.01,205,300684,买盘,002654,2025-10-17 22:49:25
09:43:27,14.67,0.0,334,490065,买盘,002654,2025-10-17 22:49:25
09:43:30,14.67,0.0,346,507363,卖盘,002654,2025-10-17 22:49:25
09:43:33,14.67,0.0,99,145218,买盘,002654,2025-10-17 22:49:25
09:43:36,14.67,0.0,314,460403,买盘,002654,2025-10-17 22:49:25
09:43:39,14.66,-0.01,185,271299,中性盘,002654,2025-10-17 22:49:25
09:43:42,14.65,-0.01,1076,1576933,卖盘,002654,2025-10-17 22:49:25
09:43:45,14.65,0.0,109,159591,买盘,002654,2025-10-17 22:49:25
09:43:48,14.65,0.0,101,147840,买盘,002654,2025-10-17 22:49:25
09:43:51,14.65,0.0,271,396584,买盘,002654,2025-10-17 22:49:25
09:43:54,14.64,-0.01,121,177168,买盘,002654,2025-10-17 22:49:25
09:43:57,14.65,0.01,31,45399,买盘,002654,2025-10-17 22:49:25
09:44:00,14.64,-0.01,48,70272,卖盘,002654,2025-10-17 22:49:25
09:44:03,14.64,0.0,136,199087,买盘,002654,2025-10-17 22:49:25
09:44:06,14.63,-0.01,69,100981,卖盘,002654,2025-10-17 22:49:25
09:44:09,14.64,0.01,193,282503,买盘,002654,2025-10-17 22:49:25
09:44:12,14.64,0.0,99,144868,买盘,002654,2025-10-17 22:49:25
09:44:15,14.63,-0.01,449,656805,卖盘,002654,2025-10-17 22:49:25
09:44:18,14.63,0.0,260,380323,中性盘,002654,2025-10-17 22:49:25
09:44:21,14.62,-0.01,212,310080,卖盘,002654,2025-10-17 22:49:25
09:44:24,14.64,0.02,171,250114,买盘,002654,2025-10-17 22:49:25
09:44:27,14.62,-0.02,368,538079,卖盘,002654,2025-10-17 22:49:25
09:44:30,14.61,-0.01,186,271827,卖盘,002654,2025-10-17 22:49:25
09:44:33,14.62,0.01,180,263049,买盘,002654,2025-10-17 22:49:25
09:44:36,14.61,-0.01,271,395938,卖盘,002654,2025-10-17 22:49:25
09:44:39,14.61,0.0,36,52600,买盘,002654,2025-10-17 22:49:25
09:44:42,14.6,-0.01,236,344749,卖盘,002654,2025-10-17 22:49:25
09:44:45,14.59,-0.01,553,807441,卖盘,002654,2025-10-17 22:49:25
09:44:48,14.6,0.01,48,70080,买盘,002654,2025-10-17 22:49:25
09:44:51,14.6,0.0,81,118251,买盘,002654,2025-10-17 22:49:25
09:44:54,14.6,0.0,75,109544,卖盘,002654,2025-10-17 22:49:25
09:44:57,14.6,0.0,409,596947,卖盘,002654,2025-10-17 22:49:25
09:45:00,14.6,0.0,126,183956,买盘,002654,2025-10-17 22:49:25
09:45:03,14.58,-0.02,442,644794,卖盘,002654,2025-10-17 22:49:25
09:45:06,14.58,0.0,213,310756,卖盘,002654,2025-10-17 22:49:25
09:45:09,14.58,0.0,140,204041,卖盘,002654,2025-10-17 22:49:25
09:45:12,14.58,0.0,43,62711,卖盘,002654,2025-10-17 22:49:25
09:45:15,14.58,0.0,157,228977,卖盘,002654,2025-10-17 22:49:25
09:45:18,14.58,0.0,476,694247,卖盘,002654,2025-10-17 22:49:25
09:45:21,14.59,0.01,230,335369,买盘,002654,2025-10-17 22:49:25
09:45:24,14.58,-0.01,42,61248,卖盘,002654,2025-10-17 22:49:25
09:45:27,14.58,0.0,204,297503,卖盘,002654,2025-10-17 22:49:25
09:45:30,14.59,0.01,195,284498,卖盘,002654,2025-10-17 22:49:25
09:45:33,14.59,0.0,31,45247,买盘,002654,2025-10-17 22:49:25
09:45:36,14.59,0.0,181,264091,卖盘,002654,2025-10-17 22:49:25
09:45:39,14.59,0.0,348,507808,卖盘,002654,2025-10-17 22:49:25
09:45:42,14.6,0.01,105,153279,买盘,002654,2025-10-17 22:49:25
09:45:45,14.61,0.01,76,110968,买盘,002654,2025-10-17 22:49:25
09:45:48,14.6,-0.01,34,49652,卖盘,002654,2025-10-17 22:49:25
09:45:51,14.6,0.0,142,207380,卖盘,002654,2025-10-17 22:49:25
09:45:54,14.61,0.01,81,118285,买盘,002654,2025-10-17 22:49:25
09:45:57,14.59,-0.02,1191,1737095,卖盘,002654,2025-10-17 22:49:25
09:46:00,14.56,-0.03,726,1057789,卖盘,002654,2025-10-17 22:49:25
09:46:03,14.56,0.0,173,251747,买盘,002654,2025-10-17 22:49:25
09:46:06,14.52,-0.04,660,960174,卖盘,002654,2025-10-17 22:49:25
09:46:09,14.52,0.0,98,142366,卖盘,002654,2025-10-17 22:49:25
09:46:12,14.53,0.01,142,206235,中性盘,002654,2025-10-17 22:49:25
09:46:15,14.53,0.0,136,197619,卖盘,002654,2025-10-17 22:49:25
09:46:18,14.53,0.0,228,331235,买盘,002654,2025-10-17 22:49:25
09:46:21,14.53,0.0,135,196068,买盘,002654,2025-10-17 22:49:25
09:46:24,14.52,-0.01,273,396433,卖盘,002654,2025-10-17 22:49:25
09:46:27,14.52,0.0,235,341126,买盘,002654,2025-10-17 22:49:25
09:46:30,14.52,0.0,157,227960,买盘,002654,2025-10-17 22:49:25
09:46:33,14.51,-0.01,553,802740,卖盘,002654,2025-10-17 22:49:25
09:46:36,14.51,0.0,146,211880,卖盘,002654,2025-10-17 22:49:25
09:46:39,14.52,0.01,39,56596,中性盘,002654,2025-10-17 22:49:25
09:46:42,14.52,0.0,83,120537,卖盘,002654,2025-10-17 22:49:25
09:46:45,14.53,0.01,227,329751,买盘,002654,2025-10-17 22:49:25
09:46:48,14.52,-0.01,61,88611,卖盘,002654,2025-10-17 22:49:25
09:46:51,14.54,0.02,64,93005,买盘,002654,2025-10-17 22:49:25
09:46:54,14.53,-0.01,221,321178,卖盘,002654,2025-10-17 22:49:25
09:46:57,14.54,0.01,74,107578,买盘,002654,2025-10-17 22:49:25
09:47:00,14.53,-0.01,139,201995,卖盘,002654,2025-10-17 22:49:25
09:47:03,14.52,-0.01,593,861130,卖盘,002654,2025-10-17 22:49:25
09:47:06,14.51,-0.01,60,87108,卖盘,002654,2025-10-17 22:49:25
09:47:09,14.52,0.01,205,297552,买盘,002654,2025-10-17 22:49:25
09:47:12,14.51,-0.01,294,426669,卖盘,002654,2025-10-17 22:49:25
09:47:15,14.52,0.01,80,116160,买盘,002654,2025-10-17 22:49:25
09:47:18,14.53,0.01,95,137949,买盘,002654,2025-10-17 22:49:25
09:47:21,14.52,-0.01,76,110408,卖盘,002654,2025-10-17 22:49:25
09:47:24,14.51,-0.01,361,524172,卖盘,002654,2025-10-17 22:49:25
09:47:27,14.52,0.01,206,299006,买盘,002654,2025-10-17 22:49:25
09:47:30,14.52,0.0,283,410860,买盘,002654,2025-10-17 22:49:25
09:47:33,14.52,0.0,59,85674,卖盘,002654,2025-10-17 22:49:25
09:47:36,14.52,0.0,332,481997,卖盘,002654,2025-10-17 22:49:25
09:47:39,14.52,0.0,53,76955,买盘,002654,2025-10-17 22:49:25
09:47:42,14.52,0.0,312,452988,买盘,002654,2025-10-17 22:49:25
09:47:45,14.52,0.0,624,905650,买盘,002654,2025-10-17 22:49:25
09:47:48,14.52,0.0,90,130680,卖盘,002654,2025-10-17 22:49:25
09:47:51,14.53,0.01,78,113277,买盘,002654,2025-10-17 22:49:25
09:47:54,14.53,0.0,18,26138,买盘,002654,2025-10-17 22:49:25
09:47:57,14.53,0.0,89,129316,买盘,002654,2025-10-17 22:49:25
09:48:00,14.53,0.0,104,151038,买盘,002654,2025-10-17 22:49:25
09:48:03,14.53,0.0,72,104600,买盘,002654,2025-10-17 22:49:25
09:48:06,14.51,-0.02,495,718637,卖盘,002654,2025-10-17 22:49:25
09:48:09,14.51,0.0,118,171333,卖盘,002654,2025-10-17 22:49:25
09:48:12,14.52,0.01,82,119017,买盘,002654,2025-10-17 22:49:25
09:48:15,14.48,-0.04,2910,4218006,卖盘,002654,2025-10-17 22:49:25
09:48:18,14.48,0.0,567,821114,买盘,002654,2025-10-17 22:49:25
09:48:21,14.48,0.0,41,59368,卖盘,002654,2025-10-17 22:49:25
09:48:24,14.48,0.0,103,149143,买盘,002654,2025-10-17 22:49:25
09:48:27,14.48,0.0,234,338615,买盘,002654,2025-10-17 22:49:25
09:48:30,14.47,-0.01,28,40529,卖盘,002654,2025-10-17 22:49:25
09:48:33,14.48,0.01,299,432889,买盘,002654,2025-10-17 22:49:25
09:48:36,14.48,0.0,103,149079,买盘,002654,2025-10-17 22:49:25
09:48:39,14.48,0.0,35,50676,卖盘,002654,2025-10-17 22:49:25
09:48:42,14.48,0.0,69,99884,卖盘,002654,2025-10-17 22:49:25
09:48:45,14.48,0.0,14,20272,买盘,002654,2025-10-17 22:49:25
09:48:48,14.47,-0.01,105,151960,卖盘,002654,2025-10-17 22:49:25
09:48:51,14.46,-0.01,351,507674,卖盘,002654,2025-10-17 22:49:25
09:48:54,14.47,0.01,61,88287,中性盘,002654,2025-10-17 22:49:25
09:48:57,14.48,0.01,15,21720,买盘,002654,2025-10-17 22:49:25
09:49:00,14.47,-0.01,117,169314,卖盘,002654,2025-10-17 22:49:25
09:49:03,14.48,0.01,314,454592,买盘,002654,2025-10-17 22:49:25
09:49:06,14.48,0.0,129,186798,买盘,002654,2025-10-17 22:49:25
09:49:09,14.49,0.01,75,108610,买盘,002654,2025-10-17 22:49:25
09:49:12,14.49,0.0,51,73899,买盘,002654,2025-10-17 22:49:25
09:49:15,14.5,0.01,131,189927,买盘,002654,2025-10-17 22:49:25
09:49:18,14.51,0.01,349,506120,买盘,002654,2025-10-17 22:49:25
09:49:21,14.51,0.0,150,217772,卖盘,002654,2025-10-17 22:49:25
09:49:24,14.52,0.01,41,59521,买盘,002654,2025-10-17 22:49:25
09:49:27,14.53,0.01,80,116226,买盘,002654,2025-10-17 22:49:25
09:49:30,14.53,0.0,151,219461,买盘,002654,2025-10-17 22:49:25
09:49:33,14.54,0.01,50,72691,买盘,002654,2025-10-17 22:49:25
09:49:36,14.55,0.01,72,104692,买盘,002654,2025-10-17 22:49:25
09:49:39,14.55,0.0,55,79974,买盘,002654,2025-10-17 22:49:25
09:49:42,14.55,0.0,431,627096,买盘,002654,2025-10-17 22:49:25
09:49:45,14.55,0.0,767,1115294,买盘,002654,2025-10-17 22:49:25
09:49:48,14.55,0.0,459,667886,买盘,002654,2025-10-17 22:49:25
09:49:51,14.56,0.01,155,225619,买盘,002654,2025-10-17 22:49:25
09:49:54,14.56,0.0,235,342090,买盘,002654,2025-10-17 22:49:25
09:49:57,14.57,0.01,142,206826,买盘,002654,2025-10-17 22:49:25
09:50:00,14.58,0.01,39,56842,买盘,002654,2025-10-17 22:49:25
09:50:03,14.56,-0.02,430,626489,卖盘,002654,2025-10-17 22:49:25
09:50:06,14.57,0.01,102,148634,买盘,002654,2025-10-17 22:49:25
09:50:09,14.57,0.0,96,139863,买盘,002654,2025-10-17 22:49:25
09:50:12,14.58,0.01,95,138424,买盘,002654,2025-10-17 22:49:25
09:50:15,14.58,0.0,89,129762,买盘,002654,2025-10-17 22:49:25
09:50:18,14.56,-0.02,512,745947,卖盘,002654,2025-10-17 22:49:25
09:50:21,14.56,0.0,345,502394,卖盘,002654,2025-10-17 22:49:25
09:50:24,14.54,-0.02,785,1142343,卖盘,002654,2025-10-17 22:49:25
09:50:27,14.56,0.02,536,779873,买盘,002654,2025-10-17 22:49:25
09:50:30,14.56,0.0,26,37822,买盘,002654,2025-10-17 22:49:25
09:50:33,14.55,-0.01,19,27653,卖盘,002654,2025-10-17 22:49:25
09:50:36,14.53,-0.02,421,611845,卖盘,002654,2025-10-17 22:49:25
09:50:39,14.51,-0.02,311,451503,卖盘,002654,2025-10-17 22:49:25
09:50:42,14.51,0.0,425,616276,买盘,002654,2025-10-17 22:49:25
09:50:45,14.51,0.0,86,124767,买盘,002654,2025-10-17 22:49:25
09:50:48,14.51,0.0,56,81262,买盘,002654,2025-10-17 22:49:25
09:50:51,14.49,-0.02,334,484035,卖盘,002654,2025-10-17 22:49:25
09:50:54,14.5,0.01,50,72462,买盘,002654,2025-10-17 22:49:25
09:50:57,14.49,-0.01,293,424338,中性盘,002654,2025-10-17 22:49:25
09:51:00,14.49,0.0,118,170948,买盘,002654,2025-10-17 22:49:25
09:51:03,14.5,0.01,691,1000734,买盘,002654,2025-10-17 22:49:25
09:51:06,14.5,0.0,71,102902,买盘,002654,2025-10-17 22:49:25
09:51:09,14.48,-0.02,172,249226,卖盘,002654,2025-10-17 22:49:25
09:51:12,14.49,0.01,114,165133,买盘,002654,2025-10-17 22:49:25
09:51:15,14.5,0.01,22,31878,买盘,002654,2025-10-17 22:49:25
09:51:18,14.5,0.0,72,104377,买盘,002654,2025-10-17 22:49:25
09:51:21,14.5,0.0,62,89900,买盘,002654,2025-10-17 22:49:25
09:51:24,14.5,0.0,23,33350,买盘,002654,2025-10-17 22:49:25
09:51:27,14.5,0.0,21,30450,买盘,002654,2025-10-17 22:49:25
09:51:30,14.5,0.0,201,291513,买盘,002654,2025-10-17 22:49:25
09:51:33,14.5,0.0,178,257971,卖盘,002654,2025-10-17 22:49:25
09:51:36,14.5,0.0,112,162406,卖盘,002654,2025-10-17 22:49:25
09:51:39,14.51,0.01,23,33357,买盘,002654,2025-10-17 22:49:25
09:51:42,14.51,0.0,8,11602,买盘,002654,2025-10-17 22:49:25
09:51:45,14.5,-0.01,61,88469,卖盘,002654,2025-10-17 22:49:25
09:51:48,14.51,0.01,93,134861,买盘,002654,2025-10-17 22:49:25
09:51:51,14.51,0.0,80,116069,买盘,002654,2025-10-17 22:49:25
09:51:54,14.51,0.0,253,367103,买盘,002654,2025-10-17 22:49:25
09:51:57,14.51,0.0,6,8706,卖盘,002654,2025-10-17 22:49:25
09:52:00,14.51,0.0,33,47889,卖盘,002654,2025-10-17 22:49:25
09:52:03,14.52,0.01,67,97262,买盘,002654,2025-10-17 22:49:25
09:52:06,14.51,-0.01,100,145139,卖盘,002654,2025-10-17 22:49:25
09:52:09,14.51,0.0,178,258368,卖盘,002654,2025-10-17 22:49:25
09:52:12,14.5,-0.01,45,65279,卖盘,002654,2025-10-17 22:49:25
09:52:15,14.51,0.01,67,97187,买盘,002654,2025-10-17 22:49:25
09:52:18,14.51,0.0,388,562983,买盘,002654,2025-10-17 22:49:25
09:52:21,14.51,0.0,463,671827,买盘,002654,2025-10-17 22:49:25
09:52:24,14.51,0.0,22,31922,卖盘,002654,2025-10-17 22:49:25
09:52:27,14.51,0.0,69,100132,卖盘,002654,2025-10-17 22:49:25
09:52:30,14.52,0.01,40,58053,中性盘,002654,2025-10-17 22:49:25
09:52:33,14.53,0.01,45,65363,买盘,002654,2025-10-17 22:49:25
09:52:36,14.52,-0.01,16,23242,卖盘,002654,2025-10-17 22:49:25
09:52:39,14.53,0.01,29,42137,买盘,002654,2025-10-17 22:49:25
09:52:42,14.53,0.0,270,392196,买盘,002654,2025-10-17 22:49:25
09:52:45,14.53,0.0,73,106068,卖盘,002654,2025-10-17 22:49:25
09:52:48,14.53,0.0,181,263017,买盘,002654,2025-10-17 22:49:25
09:52:51,14.53,0.0,110,159828,卖盘,002654,2025-10-17 22:49:25
09:52:54,14.53,0.0,22,31967,买盘,002654,2025-10-17 22:49:25
09:52:57,14.53,0.0,107,155471,卖盘,002654,2025-10-17 22:49:25
09:53:00,14.53,0.0,243,352976,买盘,002654,2025-10-17 22:49:25
09:53:03,14.53,0.0,77,111881,卖盘,002654,2025-10-17 22:49:25
09:53:06,14.53,0.0,197,286268,卖盘,002654,2025-10-17 22:49:25
09:53:09,14.54,0.01,157,228203,买盘,002654,2025-10-17 22:49:25
09:53:12,14.54,0.0,9,13094,卖盘,002654,2025-10-17 22:49:25
09:53:15,14.54,0.0,49,71256,卖盘,002654,2025-10-17 22:49:25
09:53:18,14.55,0.01,9,13095,买盘,002654,2025-10-17 22:49:25
09:53:21,14.54,-0.01,447,650067,卖盘,002654,2025-10-17 22:49:25
09:53:24,14.54,0.0,65,94563,卖盘,002654,2025-10-17 22:49:25
09:53:27,14.54,0.0,338,491291,卖盘,002654,2025-10-17 22:49:25
09:53:30,14.52,-0.02,460,668233,卖盘,002654,2025-10-17 22:49:25
09:53:33,14.52,0.0,70,101577,中性盘,002654,2025-10-17 22:49:25
09:53:36,14.52,0.0,31,45012,买盘,002654,2025-10-17 22:49:25
09:53:39,14.52,0.0,154,223510,买盘,002654,2025-10-17 22:49:25
09:53:42,14.51,-0.01,236,342531,卖盘,002654,2025-10-17 22:49:25
09:53:45,14.51,0.0,34,49334,卖盘,002654,2025-10-17 22:49:25
09:53:48,14.51,0.0,28,40628,买盘,002654,2025-10-17 22:49:25
09:53:51,14.51,0.0,132,191434,买盘,002654,2025-10-17 22:49:25
09:53:54,14.51,0.0,75,108825,卖盘,002654,2025-10-17 22:49:25
09:53:57,14.51,0.0,126,182824,卖盘,002654,2025-10-17 22:49:25
09:54:00,14.5,-0.01,1209,1752820,卖盘,002654,2025-10-17 22:49:25
09:54:03,14.49,-0.01,1087,1573923,中性盘,002654,2025-10-17 22:49:25
09:54:06,14.48,-0.01,26,37657,中性盘,002654,2025-10-17 22:49:25
09:54:09,14.48,0.0,365,528455,卖盘,002654,2025-10-17 22:49:25
09:54:12,14.51,0.03,1104,1599954,买盘,002654,2025-10-17 22:49:25
09:54:15,14.51,0.0,174,252307,卖盘,002654,2025-10-17 22:49:25
09:54:18,14.51,0.0,97,140716,中性盘,002654,2025-10-17 22:49:25
09:54:21,14.52,0.01,665,965802,买盘,002654,2025-10-17 22:49:25
09:54:24,14.51,-0.01,45,65375,卖盘,002654,2025-10-17 22:49:25
09:54:27,14.52,0.01,11,15971,中性盘,002654,2025-10-17 22:49:25
09:54:30,14.54,0.02,22,32006,买盘,002654,2025-10-17 22:49:25
09:54:33,14.52,-0.02,150,217875,卖盘,002654,2025-10-17 22:49:25
09:54:36,14.54,0.02,207,300573,买盘,002654,2025-10-17 22:49:25
09:54:39,14.52,-0.02,25,36338,卖盘,002654,2025-10-17 22:49:25
09:54:42,14.55,0.03,51,74201,买盘,002654,2025-10-17 22:49:25
09:54:45,14.54,-0.01,81,117783,卖盘,002654,2025-10-17 22:49:25
09:54:48,14.54,0.0,91,132327,卖盘,002654,2025-10-17 22:49:25
09:54:51,14.54,0.0,27,39290,卖盘,002654,2025-10-17 22:49:25
09:54:54,14.53,-0.01,48,69796,卖盘,002654,2025-10-17 22:49:25
09:54:57,14.54,0.01,68,98815,中性盘,002654,2025-10-17 22:49:25
09:55:00,14.54,0.0,72,104652,买盘,002654,2025-10-17 22:49:25
09:55:03,14.55,0.01,9,13085,买盘,002654,2025-10-17 22:49:25
09:55:06,14.54,-0.01,40,58160,卖盘,002654,2025-10-17 22:49:25
09:55:09,14.55,0.01,44,64016,买盘,002654,2025-10-17 22:49:25
09:55:12,14.55,0.0,109,158601,买盘,002654,2025-10-17 22:49:25
09:55:15,14.55,0.0,28,40746,卖盘,002654,2025-10-17 22:49:25
09:55:18,14.56,0.01,16,23287,买盘,002654,2025-10-17 22:49:25
09:55:21,14.56,0.0,126,183427,买盘,002654,2025-10-17 22:49:25
09:55:24,14.57,0.01,31,45149,买盘,002654,2025-10-17 22:49:25
09:55:27,14.57,0.0,10,14570,买盘,002654,2025-10-17 22:49:25
09:55:30,14.57,0.0,55,80135,买盘,002654,2025-10-17 22:49:25
09:55:33,14.57,0.0,75,109283,卖盘,002654,2025-10-17 22:49:25
09:55:36,14.58,0.01,44,64118,买盘,002654,2025-10-17 22:49:25
09:55:39,14.58,0.0,17,24786,买盘,002654,2025-10-17 22:49:25
09:55:42,14.58,0.0,48,69991,买盘,002654,2025-10-17 22:49:25
09:55:48,14.59,0.01,129,188208,买盘,002654,2025-10-17 22:49:25
09:55:51,14.59,0.0,299,436048,卖盘,002654,2025-10-17 22:49:25
09:55:54,14.59,0.0,105,153235,买盘,002654,2025-10-17 22:49:25
09:55:57,14.6,0.01,46,67153,卖盘,002654,2025-10-17 22:49:25
09:56:00,14.6,0.0,107,156235,买盘,002654,2025-10-17 22:49:25
09:56:03,14.57,-0.03,515,751182,卖盘,002654,2025-10-17 22:49:25
09:56:06,14.57,0.0,919,1338501,卖盘,002654,2025-10-17 22:49:25
09:56:09,14.55,-0.02,123,178981,卖盘,002654,2025-10-17 22:49:25
09:56:12,14.56,0.01,178,259179,买盘,002654,2025-10-17 22:49:25
09:56:15,14.55,-0.01,14,20370,买盘,002654,2025-10-17 22:49:25
09:56:18,14.55,0.0,60,87267,中性盘,002654,2025-10-17 22:49:25
09:56:21,14.55,0.0,144,209479,卖盘,002654,2025-10-17 22:49:25
09:56:24,14.55,0.0,147,213826,买盘,002654,2025-10-17 22:49:25
09:56:27,14.55,0.0,10,14550,买盘,002654,2025-10-17 22:49:25
09:56:30,14.55,0.0,32,46561,卖盘,002654,2025-10-17 22:49:25
09:56:33,14.55,0.0,73,106215,卖盘,002654,2025-10-17 22:49:25
09:56:36,14.54,-0.01,106,154292,卖盘,002654,2025-10-17 22:49:25
09:56:39,14.55,0.01,14,20371,中性盘,002654,2025-10-17 22:49:25
09:56:42,14.55,0.0,35,50911,买盘,002654,2025-10-17 22:49:25
09:56:45,14.54,-0.01,56,81445,卖盘,002654,2025-10-17 22:49:25
09:56:48,14.54,0.0,74,107594,买盘,002654,2025-10-17 22:49:25
09:56:51,14.53,-0.01,282,409764,卖盘,002654,2025-10-17 22:49:25
09:56:54,14.53,0.0,164,238409,买盘,002654,2025-10-17 22:49:25
09:56:57,14.54,0.01,42,61068,买盘,002654,2025-10-17 22:49:25
09:57:03,14.54,0.0,72,104661,卖盘,002654,2025-10-17 22:49:25
09:57:06,14.54,0.0,180,261692,卖盘,002654,2025-10-17 22:49:25
09:57:09,14.54,0.0,32,46528,买盘,002654,2025-10-17 22:49:25
09:57:12,14.54,0.0,39,56706,买盘,002654,2025-10-17 22:49:25
09:57:15,14.55,0.01,92,133785,买盘,002654,2025-10-17 22:49:25
09:57:18,14.55,0.0,5,7275,卖盘,002654,2025-10-17 22:49:25
09:57:21,14.56,0.01,24,34924,买盘,002654,2025-10-17 22:49:25
09:57:24,14.55,-0.01,17,24738,卖盘,002654,2025-10-17 22:49:25
09:57:27,14.57,0.02,6,8741,买盘,002654,2025-10-17 22:49:25
09:57:30,14.57,0.0,19,27683,买盘,002654,2025-10-17 22:49:25
09:57:33,14.58,0.01,313,455826,买盘,002654,2025-10-17 22:49:25
09:57:36,14.58,0.0,2,2915,买盘,002654,2025-10-17 22:49:25
09:57:39,14.58,0.0,201,293058,买盘,002654,2025-10-17 22:49:25
09:57:42,14.58,0.0,28,40824,卖盘,002654,2025-10-17 22:49:25
09:57:45,14.59,0.01,6,8754,买盘,002654,2025-10-17 22:49:25
09:57:48,14.59,0.0,89,129843,买盘,002654,2025-10-17 22:49:25
09:57:54,14.6,0.01,144,210206,买盘,002654,2025-10-17 22:49:25
09:57:57,14.6,0.0,106,154760,买盘,002654,2025-10-17 22:49:25
09:58:00,14.57,-0.03,720,1048981,卖盘,002654,2025-10-17 22:49:25
09:58:03,14.57,0.0,12,17484,买盘,002654,2025-10-17 22:49:25
09:58:06,14.56,-0.01,140,203954,卖盘,002654,2025-10-17 22:49:25
09:58:09,14.57,0.01,332,483458,买盘,002654,2025-10-17 22:49:25
09:58:12,14.56,-0.01,28,40768,卖盘,002654,2025-10-17 22:49:25
09:58:15,14.56,0.0,134,195082,买盘,002654,2025-10-17 22:49:25
09:58:18,14.56,0.0,33,48033,买盘,002654,2025-10-17 22:49:25
09:58:21,14.56,0.0,30,43680,买盘,002654,2025-10-17 22:49:25
09:58:24,14.56,0.0,17,24752,买盘,002654,2025-10-17 22:49:25
09:58:27,14.56,0.0,41,59720,卖盘,002654,2025-10-17 22:49:25
09:58:30,14.56,0.0,810,1179178,卖盘,002654,2025-10-17 22:49:25
09:58:33,14.56,0.0,116,168896,买盘,002654,2025-10-17 22:49:25
09:58:36,14.55,-0.01,38,55293,卖盘,002654,2025-10-17 22:49:25
09:58:39,14.55,0.0,43,62599,卖盘,002654,2025-10-17 22:49:25
09:58:42,14.56,0.01,67,97509,买盘,002654,2025-10-17 22:49:25
09:58:45,14.55,-0.01,69,100418,卖盘,002654,2025-10-17 22:49:25
09:58:48,14.56,0.01,80,116420,买盘,002654,2025-10-17 22:49:25
09:58:51,14.56,0.0,7,10192,卖盘,002654,2025-10-17 22:49:25
09:58:54,14.56,0.0,98,142764,卖盘,002654,2025-10-17 22:49:25
09:58:57,14.57,0.01,1,1457,中性盘,002654,2025-10-17 22:49:25
09:59:00,14.57,0.0,7,10198,买盘,002654,2025-10-17 22:49:25
09:59:03,14.57,0.0,8,11656,买盘,002654,2025-10-17 22:49:25
09:59:06,14.57,0.0,71,103451,买盘,002654,2025-10-17 22:49:25
09:59:09,14.59,0.02,3,4376,买盘,002654,2025-10-17 22:49:25
09:59:12,14.56,-0.03,126,183642,卖盘,002654,2025-10-17 22:49:25
09:59:15,14.57,0.01,100,145825,卖盘,002654,2025-10-17 22:49:25
09:59:18,14.58,0.01,3,4374,买盘,002654,2025-10-17 22:49:25
09:59:21,14.57,-0.01,14,20399,卖盘,002654,2025-10-17 22:49:25
09:59:24,14.57,0.0,393,572619,卖盘,002654,2025-10-17 22:49:25
09:59:27,14.57,0.0,99,144167,买盘,002654,2025-10-17 22:49:25
09:59:30,14.56,-0.01,48,69935,卖盘,002654,2025-10-17 22:49:25
09:59:33,14.57,0.01,213,310341,买盘,002654,2025-10-17 22:49:25
09:59:36,14.57,0.0,47,68442,买盘,002654,2025-10-17 22:49:25
09:59:39,14.56,-0.01,57,83011,卖盘,002654,2025-10-17 22:49:25
09:59:42,14.58,0.02,15,21866,买盘,002654,2025-10-17 22:49:25
09:59:45,14.57,-0.01,3,4371,卖盘,002654,2025-10-17 22:49:25
09:59:48,14.57,0.0,5,7285,卖盘,002654,2025-10-17 22:49:25
09:59:51,14.55,-0.02,292,425090,卖盘,002654,2025-10-17 22:49:25
09:59:54,14.59,0.04,51,74383,买盘,002654,2025-10-17 22:49:25
09:59:57,14.57,-0.02,27,39339,卖盘,002654,2025-10-17 22:49:25
10:00:00,14.55,-0.02,262,381714,卖盘,002654,2025-10-17 22:49:25
10:00:03,14.56,0.01,421,612440,中性盘,002654,2025-10-17 22:49:25
10:00:06,14.53,-0.03,258,375885,卖盘,002654,2025-10-17 22:49:25
10:00:09,14.56,0.03,21,30580,中性盘,002654,2025-10-17 22:49:25
10:00:12,14.53,-0.03,48,69803,卖盘,002654,2025-10-17 22:49:25
10:00:15,14.54,0.01,53,77062,中性盘,002654,2025-10-17 22:49:25
10:00:18,14.52,-0.02,199,289110,卖盘,002654,2025-10-17 22:49:25
10:00:21,14.52,0.0,236,342656,卖盘,002654,2025-10-17 22:49:25
10:00:24,14.51,-0.01,436,633648,卖盘,002654,2025-10-17 22:49:25
10:00:27,14.51,0.0,47,68197,卖盘,002654,2025-10-17 22:49:25
10:00:30,14.51,0.0,13,18851,买盘,002654,2025-10-17 22:49:25
10:00:33,14.5,-0.01,340,493010,卖盘,002654,2025-10-17 22:49:25
10:00:36,14.51,0.01,125,181252,买盘,002654,2025-10-17 22:49:25
10:00:39,14.5,-0.01,445,645282,卖盘,002654,2025-10-17 22:49:25
10:00:42,14.5,0.0,108,156555,卖盘,002654,2025-10-17 22:49:25
10:00:45,14.49,-0.01,124,179687,卖盘,002654,2025-10-17 22:49:25
10:00:48,14.49,0.0,105,152141,卖盘,002654,2025-10-17 22:49:25
10:00:51,14.48,-0.01,111,160838,卖盘,002654,2025-10-17 22:49:25
10:00:54,14.48,0.0,79,114415,卖盘,002654,2025-10-17 22:49:25
10:00:57,14.48,0.0,436,631363,卖盘,002654,2025-10-17 22:49:25
10:01:00,14.49,0.01,64,92682,买盘,002654,2025-10-17 22:49:25
10:01:03,14.48,-0.01,80,115841,卖盘,002654,2025-10-17 22:49:25
10:01:06,14.48,0.0,158,228708,买盘,002654,2025-10-17 22:49:25
10:01:09,14.47,-0.01,244,353152,卖盘,002654,2025-10-17 22:49:25
10:01:12,14.47,0.0,24,34733,卖盘,002654,2025-10-17 22:49:25
10:01:15,14.47,0.0,78,112868,卖盘,002654,2025-10-17 22:49:25
10:01:18,14.48,0.01,78,112871,买盘,002654,2025-10-17 22:49:25
10:01:21,14.47,-0.01,177,256204,卖盘,002654,2025-10-17 22:49:25
10:01:24,14.47,0.0,198,286424,卖盘,002654,2025-10-17 22:49:25
10:01:27,14.47,0.0,54,78140,卖盘,002654,2025-10-17 22:49:25
10:01:30,14.47,0.0,170,245990,卖盘,002654,2025-10-17 22:49:25
10:01:33,14.44,-0.03,1486,2147328,卖盘,002654,2025-10-17 22:49:25
10:01:36,14.43,-0.01,214,308944,卖盘,002654,2025-10-17 22:49:25
10:01:39,14.43,0.0,156,225090,卖盘,002654,2025-10-17 22:49:25
10:01:42,14.42,-0.01,7,10099,卖盘,002654,2025-10-17 22:49:25
10:01:45,14.41,-0.01,478,689286,卖盘,002654,2025-10-17 22:49:25
10:01:48,14.42,0.01,106,152852,买盘,002654,2025-10-17 22:49:25
10:01:51,14.42,0.0,494,712230,买盘,002654,2025-10-17 22:49:25
10:01:54,14.42,0.0,323,465965,卖盘,002654,2025-10-17 22:49:25
10:01:57,14.43,0.01,153,220893,中性盘,002654,2025-10-17 22:49:25
10:02:00,14.44,0.01,626,902808,中性盘,002654,2025-10-17 22:49:25
10:02:03,14.43,-0.01,49,70682,中性盘,002654,2025-10-17 22:49:25
10:02:06,14.44,0.01,34,49094,买盘,002654,2025-10-17 22:49:25
10:02:09,14.46,0.02,227,328088,买盘,002654,2025-10-17 22:49:25
10:02:12,14.44,-0.02,395,570396,卖盘,002654,2025-10-17 22:49:25
10:02:15,14.46,0.02,45,65069,卖盘,002654,2025-10-17 22:49:25
10:02:18,14.46,0.0,31,44810,买盘,002654,2025-10-17 22:49:25
10:02:21,14.46,0.0,133,192318,买盘,002654,2025-10-17 22:49:25
10:02:24,14.46,0.0,131,189592,卖盘,002654,2025-10-17 22:49:25
10:02:27,14.46,0.0,37,53566,卖盘,002654,2025-10-17 22:49:25
10:02:30,14.46,0.0,414,599112,卖盘,002654,2025-10-17 22:49:25
10:02:33,14.46,0.0,190,275200,卖盘,002654,2025-10-17 22:49:25
10:02:36,14.48,0.02,150,216917,卖盘,002654,2025-10-17 22:49:25
10:02:39,14.49,0.01,284,411541,买盘,002654,2025-10-17 22:49:25
10:02:42,14.5,0.01,40,58000,买盘,002654,2025-10-17 22:49:25
10:02:45,14.49,-0.01,35,50763,卖盘,002654,2025-10-17 22:49:25
10:02:48,14.5,0.01,27,39165,卖盘,002654,2025-10-17 22:49:25
10:02:51,14.5,0.0,526,762248,卖盘,002654,2025-10-17 22:49:25
10:02:54,14.51,0.01,20,29013,买盘,002654,2025-10-17 22:49:25
10:02:57,14.5,-0.01,160,231908,卖盘,002654,2025-10-17 22:49:25
10:03:00,14.52,0.02,115,166770,买盘,002654,2025-10-17 22:49:25
10:03:03,14.49,-0.03,446,646699,卖盘,002654,2025-10-17 22:49:25
10:03:06,14.49,0.0,128,185507,卖盘,002654,2025-10-17 22:49:25
10:03:09,14.49,0.0,39,56529,卖盘,002654,2025-10-17 22:49:25
10:03:12,14.49,0.0,35,50742,卖盘,002654,2025-10-17 22:49:25
10:03:15,14.5,0.01,56,81198,买盘,002654,2025-10-17 22:49:25
10:03:18,14.5,0.0,52,75370,买盘,002654,2025-10-17 22:49:25
10:03:21,14.49,-0.01,299,433288,卖盘,002654,2025-10-17 22:49:25
10:03:24,14.49,0.0,44,63758,卖盘,002654,2025-10-17 22:49:25
10:03:27,14.49,0.0,1,1449,买盘,002654,2025-10-17 22:49:25
10:03:30,14.49,0.0,35,50715,买盘,002654,2025-10-17 22:49:25
10:03:33,14.49,0.0,9,13041,买盘,002654,2025-10-17 22:49:25
10:03:36,14.49,0.0,42,60857,买盘,002654,2025-10-17 22:49:25
10:03:39,14.49,0.0,30,43470,买盘,002654,2025-10-17 22:49:25
10:03:42,14.48,-0.01,33,47796,卖盘,002654,2025-10-17 22:49:25
10:03:45,14.51,0.03,187,271065,买盘,002654,2025-10-17 22:49:25
10:03:48,14.47,-0.04,200,289655,卖盘,002654,2025-10-17 22:49:25
10:03:51,14.5,0.03,36,52200,买盘,002654,2025-10-17 22:49:25
10:03:54,14.48,-0.02,11,15930,卖盘,002654,2025-10-17 22:49:25
10:03:57,14.49,0.01,30,43470,中性盘,002654,2025-10-17 22:49:25
10:04:00,14.49,0.0,3,4347,买盘,002654,2025-10-17 22:49:25
10:04:03,14.48,-0.01,43,62266,卖盘,002654,2025-10-17 22:49:25
10:04:06,14.49,0.01,22,31867,买盘,002654,2025-10-17 22:49:25
10:04:09,14.49,0.0,56,81147,买盘,002654,2025-10-17 22:49:25
10:04:12,14.5,0.01,13,18838,买盘,002654,2025-10-17 22:49:25
10:04:15,14.5,0.0,13,18840,买盘,002654,2025-10-17 22:49:25
10:04:18,14.49,-0.01,15,21736,卖盘,002654,2025-10-17 22:49:25
10:04:21,14.49,0.0,119,172503,卖盘,002654,2025-10-17 22:49:25
10:04:24,14.5,0.01,5,7248,买盘,002654,2025-10-17 22:49:25
10:04:27,14.49,-0.01,4,5796,卖盘,002654,2025-10-17 22:49:25
10:04:30,14.49,0.0,50,72468,卖盘,002654,2025-10-17 22:49:25
10:04:33,14.5,0.01,5,7250,中性盘,002654,2025-10-17 22:49:25
10:04:36,14.5,0.0,1,1450,中性盘,002654,2025-10-17 22:49:25
10:04:39,14.5,0.0,16,23200,卖盘,002654,2025-10-17 22:49:25
10:04:42,14.51,0.01,2,2902,买盘,002654,2025-10-17 22:49:25
10:04:45,14.51,0.0,22,31901,买盘,002654,2025-10-17 22:49:25
10:04:48,14.5,-0.01,224,324825,卖盘,002654,2025-10-17 22:49:25
10:04:51,14.5,0.0,52,75392,买盘,002654,2025-10-17 22:49:25
10:04:54,14.5,0.0,60,86975,买盘,002654,2025-10-17 22:49:25
10:04:57,14.5,0.0,11,15940,买盘,002654,2025-10-17 22:49:25
10:05:00,14.5,0.0,91,131950,买盘,002654,2025-10-17 22:49:25
10:05:03,14.5,0.0,885,1283247,买盘,002654,2025-10-17 22:49:25
10:05:06,14.5,0.0,166,240697,买盘,002654,2025-10-17 22:49:25
10:05:09,14.5,0.0,440,637991,买盘,002654,2025-10-17 22:49:25
10:05:12,14.5,0.0,145,210248,买盘,002654,2025-10-17 22:49:25
10:05:15,14.51,0.01,438,634732,买盘,002654,2025-10-17 22:49:25
10:05:18,14.5,-0.01,1,1450,卖盘,002654,2025-10-17 22:49:25
10:05:24,14.51,0.01,182,264082,买盘,002654,2025-10-17 22:49:25
10:05:27,14.51,0.0,239,346777,买盘,002654,2025-10-17 22:49:25
10:05:30,14.51,0.0,30,43530,卖盘,002654,2025-10-17 22:49:25
10:05:33,14.52,0.01,116,168329,买盘,002654,2025-10-17 22:49:25
10:05:36,14.52,0.0,62,90004,买盘,002654,2025-10-17 22:49:25
10:05:39,14.52,0.0,127,184408,中性盘,002654,2025-10-17 22:49:25
10:05:42,14.52,0.0,33,47916,买盘,002654,2025-10-17 22:49:25
10:05:45,14.53,0.01,243,352812,买盘,002654,2025-10-17 22:49:25
10:05:48,14.52,-0.01,50,72638,中性盘,002654,2025-10-17 22:49:25
10:05:51,14.52,0.0,5,7261,卖盘,002654,2025-10-17 22:49:25
10:05:54,14.52,0.0,68,98737,卖盘,002654,2025-10-17 22:49:25
10:05:57,14.53,0.01,170,247006,买盘,002654,2025-10-17 22:49:25
10:06:00,14.53,0.0,6,8714,买盘,002654,2025-10-17 22:49:25
10:06:03,14.52,-0.01,311,451387,卖盘,002654,2025-10-17 22:49:25
10:06:06,14.52,0.0,22,31936,买盘,002654,2025-10-17 22:49:25
10:06:09,14.48,-0.04,813,1178171,卖盘,002654,2025-10-17 22:49:25
10:06:12,14.49,0.01,28,40570,买盘,002654,2025-10-17 22:49:25
10:06:15,14.49,0.0,10,14490,买盘,002654,2025-10-17 22:49:25
10:06:18,14.48,-0.01,25,36208,卖盘,002654,2025-10-17 22:49:25
10:06:21,14.48,0.0,3,4344,卖盘,002654,2025-10-17 22:49:25
10:06:24,14.48,0.0,44,63727,卖盘,002654,2025-10-17 22:49:25
10:06:27,14.49,0.01,12,17380,买盘,002654,2025-10-17 22:49:25
10:06:30,14.48,-0.01,1,1448,卖盘,002654,2025-10-17 22:49:25
10:06:33,14.49,0.01,10,14490,买盘,002654,2025-10-17 22:49:25
10:06:36,14.49,0.0,28,40572,买盘,002654,2025-10-17 22:49:25
10:06:39,14.48,-0.01,378,547051,卖盘,002654,2025-10-17 22:49:25
10:06:42,14.47,-0.01,63,91161,中性盘,002654,2025-10-17 22:49:25
10:06:45,14.47,0.0,14,20258,买盘,002654,2025-10-17 22:49:25
10:06:48,14.46,-0.01,78,112816,卖盘,002654,2025-10-17 22:49:25
10:06:51,14.46,0.0,17,24582,卖盘,002654,2025-10-17 22:49:25
10:06:54,14.47,0.01,62,89686,买盘,002654,2025-10-17 22:49:25
10:06:57,14.46,-0.01,153,221262,卖盘,002654,2025-10-17 22:49:25
10:07:00,14.46,0.0,65,93990,卖盘,002654,2025-10-17 22:49:25
10:07:03,14.46,0.0,23,33258,买盘,002654,2025-10-17 22:49:25
10:07:06,14.45,-0.01,58,83862,卖盘,002654,2025-10-17 22:49:25
10:07:09,14.46,0.01,73,105533,买盘,002654,2025-10-17 22:49:25
10:07:15,14.47,0.01,125,180752,买盘,002654,2025-10-17 22:49:25
10:07:18,14.46,-0.01,15,21691,卖盘,002654,2025-10-17 22:49:25
10:07:21,14.47,0.01,22,31822,买盘,002654,2025-10-17 22:49:25
10:07:24,14.47,0.0,21,30381,买盘,002654,2025-10-17 22:49:25
10:07:27,14.46,-0.01,4,5784,卖盘,002654,2025-10-17 22:49:25
10:07:30,14.47,0.01,66,95446,买盘,002654,2025-10-17 22:49:25
10:07:33,14.47,0.0,139,201082,买盘,002654,2025-10-17 22:49:25
10:07:36,14.47,0.0,91,131684,卖盘,002654,2025-10-17 22:49:25
10:07:39,14.47,0.0,21,30403,中性盘,002654,2025-10-17 22:49:25
10:07:45,14.47,0.0,81,117241,卖盘,002654,2025-10-17 22:49:25
10:07:48,14.5,0.03,135,195568,买盘,002654,2025-10-17 22:49:25
10:07:51,14.49,-0.01,5,7245,中性盘,002654,2025-10-17 22:49:25
10:07:54,14.5,0.01,8,11595,买盘,002654,2025-10-17 22:49:25
10:07:57,14.5,0.0,72,104351,买盘,002654,2025-10-17 22:49:25
10:08:00,14.5,0.0,31,44950,买盘,002654,2025-10-17 22:49:25
10:08:03,14.5,0.0,41,59450,买盘,002654,2025-10-17 22:49:25
10:08:06,14.5,0.0,6,8700,卖盘,002654,2025-10-17 22:49:25
10:08:09,14.5,0.0,20,29000,卖盘,002654,2025-10-17 22:49:25
10:08:12,14.51,0.01,25,36275,买盘,002654,2025-10-17 22:49:25
10:08:15,14.5,-0.01,45,65268,卖盘,002654,2025-10-17 22:49:25
10:08:18,14.52,0.02,241,349897,买盘,002654,2025-10-17 22:49:25
10:08:21,14.52,0.0,578,839256,卖盘,002654,2025-10-17 22:49:25
10:08:24,14.51,-0.01,7,10158,卖盘,002654,2025-10-17 22:49:25
10:08:27,14.52,0.01,124,179951,买盘,002654,2025-10-17 22:49:25
10:08:30,14.51,-0.01,78,113229,买盘,002654,2025-10-17 22:49:25
10:08:33,14.51,0.0,12,17412,买盘,002654,2025-10-17 22:49:25
10:08:39,14.51,0.0,28,40636,卖盘,002654,2025-10-17 22:49:25
10:08:42,14.51,0.0,30,43537,卖盘,002654,2025-10-17 22:49:25
10:08:45,14.52,0.01,60,87068,买盘,002654,2025-10-17 22:49:25
10:08:48,14.52,0.0,38,55140,买盘,002654,2025-10-17 22:49:25
10:08:51,14.52,0.0,38,55145,买盘,002654,2025-10-17 22:49:25
10:08:54,14.52,0.0,60,87110,买盘,002654,2025-10-17 22:49:25
10:08:57,14.52,0.0,82,119064,买盘,002654,2025-10-17 22:49:25
10:09:00,14.52,0.0,1,1452,买盘,002654,2025-10-17 22:49:25
10:09:03,14.51,-0.01,117,169764,卖盘,002654,2025-10-17 22:49:25
10:09:06,14.51,0.0,327,474768,买盘,002654,2025-10-17 22:49:25
10:09:09,14.51,0.0,1,1451,买盘,002654,2025-10-17 22:49:25
10:09:12,14.51,0.0,145,210395,买盘,002654,2025-10-17 22:49:25
10:09:15,14.55,0.04,318,461939,买盘,002654,2025-10-17 22:49:25
10:09:18,14.55,0.0,66,96030,买盘,002654,2025-10-17 22:49:25
10:09:21,14.56,0.01,1,1456,买盘,002654,2025-10-17 22:49:25
10:09:24,14.54,-0.02,3,4362,卖盘,002654,2025-10-17 22:49:25
10:09:27,14.56,0.02,44,64018,买盘,002654,2025-10-17 22:49:25
10:09:30,14.57,0.01,10,14561,买盘,002654,2025-10-17 22:49:25
10:09:33,14.58,0.01,103,150037,买盘,002654,2025-10-17 22:49:25
10:09:36,14.57,-0.01,21,30597,卖盘,002654,2025-10-17 22:49:25
10:09:39,14.56,-0.01,107,155911,卖盘,002654,2025-10-17 22:49:25
10:09:42,14.57,0.01,9,13105,买盘,002654,2025-10-17 22:49:25
10:09:45,14.56,-0.01,36,52392,买盘,002654,2025-10-17 22:49:25
10:09:48,14.57,0.01,62,90326,买盘,002654,2025-10-17 22:49:25
10:09:51,14.57,0.0,44,64070,买盘,002654,2025-10-17 22:49:25
10:09:54,14.57,0.0,59,85951,买盘,002654,2025-10-17 22:49:25
10:09:57,14.55,-0.02,58,84414,卖盘,002654,2025-10-17 22:49:25
10:10:00,14.56,0.01,24,34936,中性盘,002654,2025-10-17 22:49:25
10:10:03,14.55,-0.01,110,159919,中性盘,002654,2025-10-17 22:49:25
10:10:06,14.56,0.01,93,135293,买盘,002654,2025-10-17 22:49:25
10:10:09,14.55,-0.01,221,321158,中性盘,002654,2025-10-17 22:49:25
10:10:12,14.54,-0.01,64,93143,中性盘,002654,2025-10-17 22:49:25
10:10:15,14.53,-0.01,26,37832,卖盘,002654,2025-10-17 22:49:25
10:10:18,14.56,0.03,83,120843,买盘,002654,2025-10-17 22:49:25
10:10:21,14.54,-0.02,28,40762,卖盘,002654,2025-10-17 22:49:25
10:10:24,14.56,0.02,1,1456,买盘,002654,2025-10-17 22:49:25
10:10:27,14.56,0.0,2,2910,买盘,002654,2025-10-17 22:49:25
10:10:30,14.54,-0.02,10,14540,卖盘,002654,2025-10-17 22:49:25
10:10:33,14.55,0.01,19,27657,买盘,002654,2025-10-17 22:49:25
10:10:36,14.55,0.0,8,11640,卖盘,002654,2025-10-17 22:49:25
10:10:39,14.55,0.0,25,36388,卖盘,002654,2025-10-17 22:49:25
10:10:42,14.55,0.0,117,170235,卖盘,002654,2025-10-17 22:49:25
10:10:45,14.55,0.0,37,53821,买盘,002654,2025-10-17 22:49:25
10:10:48,14.55,0.0,68,98909,买盘,002654,2025-10-17 22:49:25
10:10:51,14.55,0.0,58,84342,买盘,002654,2025-10-17 22:49:25
10:10:54,14.54,-0.01,148,215226,卖盘,002654,2025-10-17 22:49:25
10:10:57,14.54,0.0,7,10178,买盘,002654,2025-10-17 22:49:25
10:11:00,14.54,0.0,10,14536,买盘,002654,2025-10-17 22:49:25
10:11:03,14.53,-0.01,30,43605,卖盘,002654,2025-10-17 22:49:25
10:11:06,14.53,0.0,101,146791,卖盘,002654,2025-10-17 22:49:25
10:11:09,14.53,0.0,9,13077,卖盘,002654,2025-10-17 22:49:25
10:11:12,14.54,0.01,26,37804,买盘,002654,2025-10-17 22:49:25
10:11:15,14.53,-0.01,39,56705,卖盘,002654,2025-10-17 22:49:25
10:11:18,14.54,0.01,12,17450,卖盘,002654,2025-10-17 22:49:25
10:11:21,14.54,0.0,47,68370,卖盘,002654,2025-10-17 22:49:25
10:11:24,14.54,0.0,63,91615,卖盘,002654,2025-10-17 22:49:25
10:11:27,14.54,0.0,462,672123,卖盘,002654,2025-10-17 22:49:25
10:11:30,14.55,0.01,31,45091,买盘,002654,2025-10-17 22:49:25
10:11:33,14.54,-0.01,15,21798,中性盘,002654,2025-10-17 22:49:25
10:11:36,14.54,0.0,1,1454,卖盘,002654,2025-10-17 22:49:25
10:11:39,14.54,0.0,27,39258,卖盘,002654,2025-10-17 22:49:25
10:11:42,14.54,0.0,13,18902,买盘,002654,2025-10-17 22:49:25
10:11:45,14.54,0.0,6,8721,买盘,002654,2025-10-17 22:49:25
10:11:48,14.53,-0.01,34,49434,卖盘,002654,2025-10-17 22:49:25
10:11:51,14.54,0.01,25,36350,买盘,002654,2025-10-17 22:49:25
10:11:54,14.53,-0.01,4,5812,卖盘,002654,2025-10-17 22:49:25
10:11:57,14.54,0.01,7,10172,买盘,002654,2025-10-17 22:49:25
10:12:00,14.53,-0.01,187,271711,卖盘,002654,2025-10-17 22:49:25
10:12:03,14.51,-0.02,286,415270,卖盘,002654,2025-10-17 22:49:25
10:12:09,14.52,0.01,36,52256,中性盘,002654,2025-10-17 22:49:25
10:12:12,14.52,0.0,201,291655,买盘,002654,2025-10-17 22:49:25
10:12:15,14.52,0.0,4,5806,买盘,002654,2025-10-17 22:49:25
10:12:18,14.51,-0.01,21,30471,卖盘,002654,2025-10-17 22:49:25
10:12:21,14.51,0.0,36,52235,买盘,002654,2025-10-17 22:49:25
10:12:24,14.51,0.0,17,24662,买盘,002654,2025-10-17 22:49:25
10:12:27,14.51,0.0,173,251015,买盘,002654,2025-10-17 22:49:25
10:12:30,14.5,-0.01,197,285665,卖盘,002654,2025-10-17 22:49:25
10:12:33,14.51,0.01,10,14510,买盘,002654,2025-10-17 22:49:25
10:12:36,14.51,0.0,10,14508,买盘,002654,2025-10-17 22:49:25
10:12:39,14.51,0.0,120,174010,买盘,002654,2025-10-17 22:49:25
10:12:42,14.51,0.0,51,73964,卖盘,002654,2025-10-17 22:49:25
10:12:45,14.5,-0.01,161,233474,卖盘,002654,2025-10-17 22:49:25
10:12:48,14.52,0.02,132,191566,买盘,002654,2025-10-17 22:49:25
10:12:51,14.5,-0.02,201,291456,卖盘,002654,2025-10-17 22:49:25
10:13:00,14.51,0.01,10,14510,买盘,002654,2025-10-17 22:49:25
10:13:03,14.51,0.0,53,76852,买盘,002654,2025-10-17 22:49:25
10:13:06,14.53,0.02,111,161163,买盘,002654,2025-10-17 22:49:25
10:13:09,14.51,-0.02,44,63844,中性盘,002654,2025-10-17 22:49:25
10:13:12,14.5,-0.01,6,8700,卖盘,002654,2025-10-17 22:49:25
10:13:15,14.53,0.03,68,98797,买盘,002654,2025-10-17 22:49:25
10:13:18,14.54,0.01,17,24702,买盘,002654,2025-10-17 22:49:25
10:13:21,14.54,0.0,19,27626,买盘,002654,2025-10-17 22:49:25
10:13:24,14.55,0.01,18,26177,买盘,002654,2025-10-17 22:49:25
10:13:33,14.55,0.0,262,381205,买盘,002654,2025-10-17 22:49:25
10:13:36,14.56,0.01,9,13104,买盘,002654,2025-10-17 22:49:25
10:13:39,14.56,0.0,32,46592,买盘,002654,2025-10-17 22:49:25
10:13:42,14.56,0.0,12,17472,买盘,002654,2025-10-17 22:49:25
10:13:45,14.56,0.0,11,16017,卖盘,002654,2025-10-17 22:49:25
10:13:48,14.56,0.0,33,48050,卖盘,002654,2025-10-17 22:49:25
10:13:51,14.56,0.0,15,21850,卖盘,002654,2025-10-17 22:49:25
10:13:54,14.57,0.01,12,17487,中性盘,002654,2025-10-17 22:49:25
10:13:57,14.58,0.01,52,75730,买盘,002654,2025-10-17 22:49:25
10:14:00,14.58,0.0,18,26244,买盘,002654,2025-10-17 22:49:25
10:14:03,14.57,-0.01,136,198140,卖盘,002654,2025-10-17 22:49:25
10:14:06,14.58,0.01,80,116631,买盘,002654,2025-10-17 22:49:25
10:14:09,14.57,-0.01,68,99082,中性盘,002654,2025-10-17 22:49:25
10:14:15,14.58,0.01,46,67068,买盘,002654,2025-10-17 22:49:25
10:14:18,14.58,0.0,4,5832,买盘,002654,2025-10-17 22:49:25
10:14:21,14.58,0.0,61,88894,买盘,002654,2025-10-17 22:49:25
10:14:24,14.58,0.0,3,4374,卖盘,002654,2025-10-17 22:49:25
10:14:27,14.58,0.0,30,43740,卖盘,002654,2025-10-17 22:49:25
10:14:30,14.57,-0.01,275,400651,卖盘,002654,2025-10-17 22:49:25
10:14:33,14.56,-0.01,54,78670,中性盘,002654,2025-10-17 22:49:25
10:14:36,14.56,0.0,12,17480,买盘,002654,2025-10-17 22:49:25
10:14:39,14.56,0.0,11,16016,买盘,002654,2025-10-17 22:49:25
10:14:42,14.56,0.0,1,1456,卖盘,002654,2025-10-17 22:49:25
10:14:45,14.56,0.0,14,20388,卖盘,002654,2025-10-17 22:49:25
10:14:48,14.56,0.0,24,34949,卖盘,002654,2025-10-17 22:49:25
10:14:51,14.57,0.01,1,1457,买盘,002654,2025-10-17 22:49:25
10:14:54,14.56,-0.01,6,8737,卖盘,002654,2025-10-17 22:49:25
10:14:57,14.57,0.01,10,14564,买盘,002654,2025-10-17 22:49:25
10:15:00,14.54,-0.03,411,598089,卖盘,002654,2025-10-17 22:49:25
10:15:03,14.54,0.0,119,173047,卖盘,002654,2025-10-17 22:49:25
10:15:06,14.54,0.0,18,26158,买盘,002654,2025-10-17 22:49:25
10:15:09,14.52,-0.02,441,640743,卖盘,002654,2025-10-17 22:49:25
10:15:12,14.53,0.01,11,15980,买盘,002654,2025-10-17 22:49:25
10:15:15,14.52,-0.01,31,45034,中性盘,002654,2025-10-17 22:49:25
10:15:18,14.52,0.0,14,20323,买盘,002654,2025-10-17 22:49:25
10:15:21,14.5,-0.02,644,933984,卖盘,002654,2025-10-17 22:49:25
10:15:24,14.49,-0.01,37,53623,卖盘,002654,2025-10-17 22:49:25
10:15:27,14.5,0.01,21,30430,买盘,002654,2025-10-17 22:49:25
10:15:30,14.5,0.0,48,69595,买盘,002654,2025-10-17 22:49:25
10:15:33,14.5,0.0,28,40600,卖盘,002654,2025-10-17 22:49:25
10:15:36,14.51,0.01,6,8706,买盘,002654,2025-10-17 22:49:25
10:15:39,14.5,-0.01,81,117514,卖盘,002654,2025-10-17 22:49:25
10:15:42,14.51,0.01,23,33373,中性盘,002654,2025-10-17 22:49:25
10:15:45,14.52,0.01,50,72554,买盘,002654,2025-10-17 22:49:25
10:15:48,14.51,-0.01,178,258367,卖盘,002654,2025-10-17 22:49:25
10:15:51,14.51,0.0,5,7255,买盘,002654,2025-10-17 22:49:25
10:15:54,14.52,0.01,45,65302,买盘,002654,2025-10-17 22:49:25
10:15:57,14.5,-0.02,79,114550,卖盘,002654,2025-10-17 22:49:25
10:16:00,14.52,0.02,17,24684,买盘,002654,2025-10-17 22:49:25
10:16:03,14.51,-0.01,41,59502,卖盘,002654,2025-10-17 22:49:25
10:16:06,14.51,0.0,57,82707,买盘,002654,2025-10-17 22:49:25
10:16:09,14.51,0.0,19,27587,卖盘,002654,2025-10-17 22:49:25
10:16:12,14.51,0.0,25,36290,卖盘,002654,2025-10-17 22:49:25
10:16:15,14.52,0.01,8,11616,买盘,002654,2025-10-17 22:49:25
10:16:18,14.52,0.0,16,23228,买盘,002654,2025-10-17 22:49:25
10:16:21,14.52,0.0,3,4356,买盘,002654,2025-10-17 22:49:25
10:16:24,14.52,0.0,11,15972,买盘,002654,2025-10-17 22:49:25
10:16:27,14.52,0.0,23,33394,买盘,002654,2025-10-17 22:49:25
10:16:30,14.52,0.0,14,20329,卖盘,002654,2025-10-17 22:49:25
10:16:36,14.53,0.01,24,34872,买盘,002654,2025-10-17 22:49:25
10:16:42,14.53,0.0,58,84266,买盘,002654,2025-10-17 22:49:25
10:16:45,14.53,0.0,8,11624,买盘,002654,2025-10-17 22:49:25
10:16:48,14.52,-0.01,1,1452,卖盘,002654,2025-10-17 22:49:25
10:16:51,14.51,-0.01,676,981549,卖盘,002654,2025-10-17 22:49:25
10:16:54,14.52,0.01,14,20317,中性盘,002654,2025-10-17 22:49:25
10:16:57,14.51,-0.01,22,31942,卖盘,002654,2025-10-17 22:49:25
10:17:00,14.51,0.0,34,49353,卖盘,002654,2025-10-17 22:49:25
10:17:03,14.52,0.01,32,46464,买盘,002654,2025-10-17 22:49:25
10:17:06,14.52,0.0,12,17429,卖盘,002654,2025-10-17 22:49:25
10:17:09,14.52,0.0,32,46464,卖盘,002654,2025-10-17 22:49:25
10:17:18,14.52,0.0,1,1452,卖盘,002654,2025-10-17 22:49:25
10:17:21,14.52,0.0,12,17424,卖盘,002654,2025-10-17 22:49:25
10:17:24,14.52,0.0,138,200502,卖盘,002654,2025-10-17 22:49:25
10:17:27,14.52,0.0,199,288852,卖盘,002654,2025-10-17 22:49:25
10:17:30,14.54,0.02,52,75608,买盘,002654,2025-10-17 22:49:25
10:17:33,14.54,0.0,25,36350,买盘,002654,2025-10-17 22:49:25
10:17:36,14.52,-0.02,10,14520,卖盘,002654,2025-10-17 22:49:25
10:17:39,14.54,0.02,5,7267,买盘,002654,2025-10-17 22:49:25
10:17:42,14.54,0.0,2,2908,买盘,002654,2025-10-17 22:49:25
10:17:45,14.55,0.01,7,10185,买盘,002654,2025-10-17 22:49:25
10:17:48,14.54,-0.01,24,34913,卖盘,002654,2025-10-17 22:49:25
10:17:51,14.54,0.0,3,4362,买盘,002654,2025-10-17 22:49:25
10:17:54,14.53,-0.01,10,14544,卖盘,002654,2025-10-17 22:49:25
10:17:57,14.53,0.0,146,212270,卖盘,002654,2025-10-17 22:49:25
10:18:00,14.52,-0.01,118,171403,卖盘,002654,2025-10-17 22:49:25
10:18:03,14.52,0.0,64,92963,卖盘,002654,2025-10-17 22:49:25
10:18:06,14.53,0.01,15,21795,买盘,002654,2025-10-17 22:49:25
10:18:12,14.55,0.02,100,145454,买盘,002654,2025-10-17 22:49:25
10:18:15,14.54,-0.01,6,8724,中性盘,002654,2025-10-17 22:49:25
10:18:18,14.53,-0.01,571,829755,卖盘,002654,2025-10-17 22:49:25
10:18:21,14.53,0.0,31,45053,中性盘,002654,2025-10-17 22:49:25
10:18:24,14.52,-0.01,25,36353,卖盘,002654,2025-10-17 22:49:25
10:18:27,14.53,0.01,10,14530,中性盘,002654,2025-10-17 22:49:25
10:18:36,14.53,0.0,11,15983,买盘,002654,2025-10-17 22:49:25
10:18:39,14.53,0.0,6,8718,卖盘,002654,2025-10-17 22:49:25
10:18:42,14.53,0.0,43,62471,卖盘,002654,2025-10-17 22:49:25
10:18:48,14.53,0.0,5,7265,买盘,002654,2025-10-17 22:49:25
10:18:51,14.53,0.0,8,11624,买盘,002654,2025-10-17 22:49:25
10:18:54,14.53,0.0,23,33419,买盘,002654,2025-10-17 22:49:25
10:18:57,14.53,0.0,6,8718,买盘,002654,2025-10-17 22:49:25
10:19:03,14.53,0.0,23,33418,卖盘,002654,2025-10-17 22:49:25
10:19:09,14.53,0.0,8,11624,卖盘,002654,2025-10-17 22:49:25
10:19:12,14.54,0.01,562,817141,买盘,002654,2025-10-17 22:49:25
10:19:15,14.53,-0.01,35,50858,卖盘,002654,2025-10-17 22:49:25
10:19:18,14.53,0.0,6,8718,买盘,002654,2025-10-17 22:49:25
10:19:21,14.52,-0.01,7,10164,卖盘,002654,2025-10-17 22:49:25
10:19:24,14.53,0.01,1,1453,买盘,002654,2025-10-17 22:49:25
10:19:27,14.53,0.0,10,14530,买盘,002654,2025-10-17 22:49:25
10:19:30,14.52,-0.01,288,418179,卖盘,002654,2025-10-17 22:49:25
10:19:36,14.52,0.0,200,290400,买盘,002654,2025-10-17 22:49:25
10:19:39,14.53,0.01,616,894711,买盘,002654,2025-10-17 22:49:25
10:19:42,14.54,0.01,180,261525,买盘,002654,2025-10-17 22:49:25
10:19:45,14.54,0.0,24,34896,买盘,002654,2025-10-17 22:49:25
10:19:48,14.54,0.0,2,2908,买盘,002654,2025-10-17 22:49:25
10:19:51,14.54,0.0,9,13086,买盘,002654,2025-10-17 22:49:25
10:19:54,14.54,0.0,10,14540,卖盘,002654,2025-10-17 22:49:25
10:19:57,14.55,0.01,10,14550,买盘,002654,2025-10-17 22:49:25
10:20:00,14.54,-0.01,7,10181,卖盘,002654,2025-10-17 22:49:25
10:20:03,14.54,0.0,52,75608,卖盘,002654,2025-10-17 22:49:25
10:20:06,14.53,-0.01,8,11631,卖盘,002654,2025-10-17 22:49:25
10:20:09,14.54,0.01,31,45074,买盘,002654,2025-10-17 22:49:25
10:20:12,14.53,-0.01,25,36325,卖盘,002654,2025-10-17 22:49:25
10:20:15,14.54,0.01,20,29080,买盘,002654,2025-10-17 22:49:25
10:20:18,14.54,0.0,136,197641,买盘,002654,2025-10-17 22:49:25
10:20:21,14.54,0.0,14,20355,卖盘,002654,2025-10-17 22:49:25
10:20:27,14.53,-0.01,5,7265,卖盘,002654,2025-10-17 22:49:25
10:20:30,14.51,-0.02,282,409464,卖盘,002654,2025-10-17 22:49:25
10:20:33,14.52,0.01,18,26135,中性盘,002654,2025-10-17 22:49:25
10:20:36,14.51,-0.01,4,5804,卖盘,002654,2025-10-17 22:49:25
10:20:39,14.52,0.01,1,1452,买盘,002654,2025-10-17 22:49:25
10:20:42,14.52,0.0,55,79840,卖盘,002654,2025-10-17 22:49:25
10:20:45,14.51,-0.01,17,24674,卖盘,002654,2025-10-17 22:49:25
10:20:48,14.51,0.0,8,11608,卖盘,002654,2025-10-17 22:49:25
10:20:51,14.53,0.02,74,107483,买盘,002654,2025-10-17 22:49:25
10:20:57,14.54,0.01,71,103169,买盘,002654,2025-10-17 22:49:25
10:21:00,14.51,-0.03,36,52271,卖盘,002654,2025-10-17 22:49:25
10:21:03,14.51,0.0,19,27569,卖盘,002654,2025-10-17 22:49:25
10:21:06,14.51,0.0,3,4353,卖盘,002654,2025-10-17 22:49:25
10:21:09,14.51,0.0,18,26118,卖盘,002654,2025-10-17 22:49:25
10:21:12,14.52,0.01,18,26136,买盘,002654,2025-10-17 22:49:25
10:21:15,14.51,-0.01,8,11608,卖盘,002654,2025-10-17 22:49:25
10:21:18,14.52,0.01,115,166973,买盘,002654,2025-10-17 22:49:25
10:21:21,14.52,0.0,13,18876,买盘,002654,2025-10-17 22:49:25
10:21:24,14.51,-0.01,97,140747,卖盘,002654,2025-10-17 22:49:25
10:21:27,14.51,0.0,2,2902,卖盘,002654,2025-10-17 22:49:25
10:21:30,14.51,0.0,2,2902,卖盘,002654,2025-10-17 22:49:25
10:21:33,14.51,0.0,2,2902,卖盘,002654,2025-10-17 22:49:25
10:21:36,14.51,0.0,16,23218,卖盘,002654,2025-10-17 22:49:25
10:21:39,14.52,0.01,6,8712,买盘,002654,2025-10-17 22:49:25
10:21:42,14.52,0.0,11,15967,买盘,002654,2025-10-17 22:49:25
10:21:45,14.51,-0.01,4,5804,卖盘,002654,2025-10-17 22:49:25
10:21:48,14.51,0.0,15,21765,卖盘,002654,2025-10-17 22:49:25
10:21:51,14.52,0.01,187,271348,买盘,002654,2025-10-17 22:49:25
10:21:54,14.51,-0.01,16,23226,卖盘,002654,2025-10-17 22:49:25
10:21:57,14.52,0.01,7,10162,买盘,002654,2025-10-17 22:49:25
10:22:00,14.5,-0.02,604,876339,卖盘,002654,2025-10-17 22:49:25
10:22:03,14.52,0.02,331,480084,买盘,002654,2025-10-17 22:49:25
10:22:06,14.51,-0.01,19,27569,买盘,002654,2025-10-17 22:49:25
10:22:09,14.5,-0.01,20,29034,卖盘,002654,2025-10-17 22:49:25
10:22:12,14.5,0.0,14,20301,卖盘,002654,2025-10-17 22:49:25
10:22:15,14.51,0.01,9,13059,买盘,002654,2025-10-17 22:49:25
10:22:18,14.5,-0.01,230,333533,卖盘,002654,2025-10-17 22:49:25
10:22:21,14.51,0.01,15,21765,中性盘,002654,2025-10-17 22:49:25
10:22:27,14.52,0.01,238,345353,买盘,002654,2025-10-17 22:49:25
10:22:30,14.52,0.0,32,46436,买盘,002654,2025-10-17 22:49:25
10:22:33,14.52,0.0,10,14520,卖盘,002654,2025-10-17 22:49:25
10:22:36,14.52,0.0,108,156821,卖盘,002654,2025-10-17 22:49:25
10:22:39,14.51,-0.01,2,2902,卖盘,002654,2025-10-17 22:49:25
10:22:42,14.51,0.0,5,7259,卖盘,002654,2025-10-17 22:49:25
10:22:45,14.52,0.01,2,2904,买盘,002654,2025-10-17 22:49:25
10:22:48,14.52,0.0,13,18876,买盘,002654,2025-10-17 22:49:25
10:22:51,14.52,0.0,44,63884,买盘,002654,2025-10-17 22:49:25
10:22:54,14.53,0.01,6,8712,买盘,002654,2025-10-17 22:49:25
10:22:57,14.51,-0.02,27,39177,卖盘,002654,2025-10-17 22:49:25
10:23:00,14.51,0.0,403,584873,卖盘,002654,2025-10-17 22:49:25
10:23:03,14.51,0.0,207,300179,买盘,002654,2025-10-17 22:49:25
10:23:06,14.5,-0.01,1265,1834096,卖盘,002654,2025-10-17 22:49:25
10:23:09,14.48,-0.02,111,160860,卖盘,002654,2025-10-17 22:49:25
10:23:12,14.5,0.02,14,20300,买盘,002654,2025-10-17 22:49:25
10:23:15,14.5,0.0,105,152250,买盘,002654,2025-10-17 22:49:25
10:23:18,14.5,0.0,5,7250,买盘,002654,2025-10-17 22:49:25
10:23:24,14.48,-0.02,5,7240,卖盘,002654,2025-10-17 22:49:25
10:23:27,14.48,0.0,8,11584,卖盘,002654,2025-10-17 22:49:25
10:23:30,14.48,0.0,50,72412,卖盘,002654,2025-10-17 22:49:25
10:23:33,14.48,0.0,52,75332,卖盘,002654,2025-10-17 22:49:25
10:23:39,14.49,0.01,44,63769,中性盘,002654,2025-10-17 22:49:25
10:23:42,14.48,-0.01,101,146277,卖盘,002654,2025-10-17 22:49:25
10:23:45,14.5,0.02,218,315790,买盘,002654,2025-10-17 22:49:25
10:23:48,14.49,-0.01,150,217250,卖盘,002654,2025-10-17 22:49:25
10:23:51,14.49,0.0,20,28980,买盘,002654,2025-10-17 22:49:25
10:23:54,14.49,0.0,17,24623,买盘,002654,2025-10-17 22:49:25
10:23:57,14.49,0.0,16,23184,买盘,002654,2025-10-17 22:49:25
10:24:00,14.49,0.0,12,17388,卖盘,002654,2025-10-17 22:49:25
10:24:03,14.49,0.0,220,318780,卖盘,002654,2025-10-17 22:49:25
10:24:06,14.49,0.0,19,27531,卖盘,002654,2025-10-17 22:49:25
10:24:09,14.49,0.0,13,18838,卖盘,002654,2025-10-17 22:49:25
10:24:12,14.49,0.0,111,160839,卖盘,002654,2025-10-17 22:49:25
10:24:15,14.49,0.0,1,1449,买盘,002654,2025-10-17 22:49:25
10:24:18,14.48,-0.01,59,85449,卖盘,002654,2025-10-17 22:49:25
10:24:21,14.49,0.01,42,60855,买盘,002654,2025-10-17 22:49:25
10:24:24,14.5,0.01,502,727513,买盘,002654,2025-10-17 22:49:25
10:24:27,14.49,-0.01,40,57964,卖盘,002654,2025-10-17 22:49:25
10:24:30,14.49,0.0,5,7245,卖盘,002654,2025-10-17 22:49:25
10:24:33,14.5,0.01,1,1450,买盘,002654,2025-10-17 22:49:25
10:24:39,14.5,0.0,3,4350,买盘,002654,2025-10-17 22:49:25
10:24:42,14.49,-0.01,33,47825,卖盘,002654,2025-10-17 22:49:25
10:24:45,14.5,0.01,5,7250,买盘,002654,2025-10-17 22:49:25
10:24:48,14.5,0.0,78,113100,卖盘,002654,2025-10-17 22:49:25
10:24:51,14.49,-0.01,205,297050,卖盘,002654,2025-10-17 22:49:25
10:24:54,14.5,0.01,18,26100,买盘,002654,2025-10-17 22:49:25
10:24:57,14.51,0.01,109,158054,买盘,002654,2025-10-17 22:49:25
10:25:03,14.5,-0.01,7,10150,卖盘,002654,2025-10-17 22:49:25
10:25:09,14.5,0.0,30,43500,卖盘,002654,2025-10-17 22:49:25
10:25:12,14.51,0.01,3,4352,买盘,002654,2025-10-17 22:49:25
10:25:15,14.51,0.0,28,40624,买盘,002654,2025-10-17 22:49:25
10:25:21,14.51,0.0,26,37725,买盘,002654,2025-10-17 22:49:25
10:25:24,14.5,-0.01,9,13056,卖盘,002654,2025-10-17 22:49:25
10:25:27,14.51,0.01,43,62378,买盘,002654,2025-10-17 22:49:25
10:25:30,14.51,0.0,108,156703,买盘,002654,2025-10-17 22:49:25
10:25:33,14.51,0.0,19,27578,中性盘,002654,2025-10-17 22:49:25
10:25:36,14.51,0.0,74,107380,卖盘,002654,2025-10-17 22:49:25
10:25:39,14.51,0.0,13,18863,卖盘,002654,2025-10-17 22:49:25
10:25:42,14.51,0.0,4,5804,卖盘,002654,2025-10-17 22:49:25
10:25:45,14.52,0.01,31,45012,买盘,002654,2025-10-17 22:49:25
10:25:48,14.51,-0.01,13,18863,卖盘,002654,2025-10-17 22:49:25
10:25:54,14.53,0.02,45,65385,买盘,002654,2025-10-17 22:49:25
10:25:57,14.53,0.0,40,58115,买盘,002654,2025-10-17 22:49:25
10:26:00,14.53,0.0,43,62479,买盘,002654,2025-10-17 22:49:25
10:26:03,14.52,-0.01,7,10164,卖盘,002654,2025-10-17 22:49:25
10:26:06,14.53,0.01,6,8718,买盘,002654,2025-10-17 22:49:25
10:26:09,14.53,0.0,1,1453,买盘,002654,2025-10-17 22:49:25
10:26:12,14.54,0.01,67,97369,买盘,002654,2025-10-17 22:49:25
10:26:21,14.53,-0.01,1,1453,卖盘,002654,2025-10-17 22:49:25
10:26:24,14.53,0.0,32,46525,卖盘,002654,2025-10-17 22:49:25
10:26:30,14.54,0.01,8,11632,买盘,002654,2025-10-17 22:49:25
10:26:33,14.54,0.0,60,87290,卖盘,002654,2025-10-17 22:49:25
10:26:36,14.54,0.0,1,1454,卖盘,002654,2025-10-17 22:49:25
10:26:39,14.55,0.01,136,197870,买盘,002654,2025-10-17 22:49:25
10:26:45,14.56,0.01,48,69885,买盘,002654,2025-10-17 22:49:25
10:26:48,14.56,0.0,6,8736,买盘,002654,2025-10-17 22:49:25
10:26:51,14.56,0.0,30,43680,买盘,002654,2025-10-17 22:49:25
10:26:54,14.57,0.01,11,16027,买盘,002654,2025-10-17 22:49:25
10:26:57,14.57,0.0,93,135501,买盘,002654,2025-10-17 22:49:25
10:27:00,14.58,0.01,1,1458,买盘,002654,2025-10-17 22:49:25
10:27:03,14.58,0.0,83,120988,买盘,002654,2025-10-17 22:49:25
10:27:06,14.58,0.0,84,122483,买盘,002654,2025-10-17 22:49:25
10:27:09,14.59,0.01,24,34997,买盘,002654,2025-10-17 22:49:25
10:27:12,14.59,0.0,100,145900,买盘,002654,2025-10-17 22:49:25
10:27:15,14.59,0.0,10,14590,卖盘,002654,2025-10-17 22:49:25
10:27:18,14.62,0.03,164,239555,买盘,002654,2025-10-17 22:49:25
10:27:21,14.62,0.0,57,83320,买盘,002654,2025-10-17 22:49:25
10:27:24,14.62,0.0,32,46784,卖盘,002654,2025-10-17 22:49:25
10:27:27,14.62,0.0,5,7308,买盘,002654,2025-10-17 22:49:25
10:27:30,14.63,0.01,147,215034,买盘,002654,2025-10-17 22:49:25
10:27:33,14.64,0.01,312,456669,买盘,002654,2025-10-17 22:49:25
10:27:36,14.64,0.0,3,4392,卖盘,002654,2025-10-17 22:49:25
10:27:39,14.65,0.01,122,178717,买盘,002654,2025-10-17 22:49:25
10:27:42,14.65,0.0,53,77664,卖盘,002654,2025-10-17 22:49:25
10:27:45,14.66,0.01,112,164206,买盘,002654,2025-10-17 22:49:25
10:27:48,14.66,0.0,43,63078,卖盘,002654,2025-10-17 22:49:25
10:27:51,14.67,0.01,108,158419,买盘,002654,2025-10-17 22:49:25
10:27:54,14.67,0.0,152,222956,买盘,002654,2025-10-17 22:49:25
10:27:57,14.68,0.01,209,306632,买盘,002654,2025-10-17 22:49:25
10:28:00,14.67,-0.01,25,36695,卖盘,002654,2025-10-17 22:49:25
10:28:03,14.67,0.0,813,1192177,卖盘,002654,2025-10-17 22:49:25
10:28:06,14.66,-0.01,360,527540,中性盘,002654,2025-10-17 22:49:25
10:28:09,14.65,-0.01,109,159725,中性盘,002654,2025-10-17 22:49:25
10:28:12,14.64,-0.01,189,276843,卖盘,002654,2025-10-17 22:49:25
10:28:15,14.66,0.02,52,76174,买盘,002654,2025-10-17 22:49:25
10:28:18,14.66,0.0,34,49832,买盘,002654,2025-10-17 22:49:25
10:28:21,14.65,-0.01,8,11726,中性盘,002654,2025-10-17 22:49:25
10:28:24,14.64,-0.01,74,108407,卖盘,002654,2025-10-17 22:49:25
10:28:27,14.65,0.01,81,118665,买盘,002654,2025-10-17 22:49:25
10:28:30,14.64,-0.01,106,155273,卖盘,002654,2025-10-17 22:49:25
10:28:33,14.64,0.0,94,137643,卖盘,002654,2025-10-17 22:49:25
10:28:36,14.64,0.0,17,24892,卖盘,002654,2025-10-17 22:49:25
10:28:39,14.64,0.0,76,111302,卖盘,002654,2025-10-17 22:49:25
10:28:42,14.64,0.0,63,92237,卖盘,002654,2025-10-17 22:49:25
10:28:45,14.64,0.0,22,32206,买盘,002654,2025-10-17 22:49:25
10:28:48,14.63,-0.01,65,95114,卖盘,002654,2025-10-17 22:49:25
10:28:51,14.63,0.0,16,23408,买盘,002654,2025-10-17 22:49:25
10:28:54,14.63,0.0,23,33647,买盘,002654,2025-10-17 22:49:25
10:28:57,14.63,0.0,104,152152,买盘,002654,2025-10-17 22:49:25
10:29:00,14.63,0.0,12,17554,买盘,002654,2025-10-17 22:49:25
10:29:03,14.62,-0.01,364,531694,卖盘,002654,2025-10-17 22:49:25
10:29:06,14.62,0.0,48,70146,买盘,002654,2025-10-17 22:49:25
10:29:09,14.6,-0.02,84,122635,买盘,002654,2025-10-17 22:49:25
10:29:12,14.62,0.02,68,99285,买盘,002654,2025-10-17 22:49:25
10:29:15,14.6,-0.02,83,121228,中性盘,002654,2025-10-17 22:49:25
10:29:18,14.58,-0.02,15,21883,卖盘,002654,2025-10-17 22:49:25
10:29:21,14.59,0.01,67,97753,买盘,002654,2025-10-17 22:49:25
10:29:24,14.59,0.0,31,45222,买盘,002654,2025-10-17 22:49:25
10:29:27,14.59,0.0,280,408536,卖盘,002654,2025-10-17 22:49:25
10:29:30,14.59,0.0,20,29180,买盘,002654,2025-10-17 22:49:25
10:29:33,14.59,0.0,18,26257,买盘,002654,2025-10-17 22:49:25
10:29:36,14.59,0.0,111,161949,买盘,002654,2025-10-17 22:49:25
10:29:39,14.57,-0.02,644,938787,卖盘,002654,2025-10-17 22:49:25
10:29:42,14.56,-0.01,26,37900,卖盘,002654,2025-10-17 22:49:25
10:29:45,14.58,0.02,8,11664,买盘,002654,2025-10-17 22:49:25
10:29:48,14.58,0.0,14,20394,买盘,002654,2025-10-17 22:49:25
10:29:51,14.56,-0.02,15,21844,卖盘,002654,2025-10-17 22:49:25
10:29:54,14.56,0.0,52,75713,卖盘,002654,2025-10-17 22:49:25
10:29:57,14.56,0.0,34,49504,买盘,002654,2025-10-17 22:49:25
10:30:00,14.56,0.0,44,64059,买盘,002654,2025-10-17 22:49:25
10:30:03,14.56,0.0,76,110714,买盘,002654,2025-10-17 22:49:25
10:30:06,14.56,0.0,35,50960,卖盘,002654,2025-10-17 22:49:25
10:30:09,14.57,0.01,5,7282,买盘,002654,2025-10-17 22:49:25
10:30:12,14.57,0.0,15,21855,买盘,002654,2025-10-17 22:49:25
10:30:15,14.58,0.01,10,14580,买盘,002654,2025-10-17 22:49:25
10:30:21,14.59,0.01,28,40852,买盘,002654,2025-10-17 22:49:25
10:30:24,14.59,0.0,1,1459,卖盘,002654,2025-10-17 22:49:25
10:30:27,14.59,0.0,135,196992,卖盘,002654,2025-10-17 22:49:25
10:30:30,14.6,0.01,187,273020,买盘,002654,2025-10-17 22:49:25
10:30:36,14.6,0.0,96,140142,买盘,002654,2025-10-17 22:49:25
10:30:39,14.6,0.0,187,273010,卖盘,002654,2025-10-17 22:49:25
10:30:42,14.6,0.0,35,51100,卖盘,002654,2025-10-17 22:49:25
10:30:45,14.6,0.0,15,21900,卖盘,002654,2025-10-17 22:49:25
10:30:48,14.61,0.01,69,100777,买盘,002654,2025-10-17 22:49:25
10:30:51,14.61,0.0,52,75962,买盘,002654,2025-10-17 22:49:25
10:30:54,14.61,0.0,264,385687,买盘,002654,2025-10-17 22:49:25
10:30:57,14.61,0.0,54,78885,买盘,002654,2025-10-17 22:49:25
10:31:00,14.6,-0.01,114,166447,卖盘,002654,2025-10-17 22:49:25
10:31:03,14.6,0.0,427,623350,卖盘,002654,2025-10-17 22:49:25
10:31:06,14.6,0.0,71,103639,买盘,002654,2025-10-17 22:49:25
10:31:09,14.59,-0.01,99,144532,卖盘,002654,2025-10-17 22:49:25
10:31:12,14.59,0.0,4,5836,卖盘,002654,2025-10-17 22:49:25
10:31:15,14.58,-0.01,19,27723,卖盘,002654,2025-10-17 22:49:25
10:31:18,14.59,0.01,5,7295,中性盘,002654,2025-10-17 22:49:25
10:31:24,14.6,0.01,10,14593,买盘,002654,2025-10-17 22:49:25
10:31:27,14.61,0.01,70,102220,买盘,002654,2025-10-17 22:49:25
10:31:30,14.61,0.0,21,30674,买盘,002654,2025-10-17 22:49:25
10:31:33,14.59,-0.02,32,46710,卖盘,002654,2025-10-17 22:49:25
10:31:36,14.59,0.0,2,2918,卖盘,002654,2025-10-17 22:49:25
10:31:39,14.61,0.02,5,7305,买盘,002654,2025-10-17 22:49:25
10:31:42,14.61,0.0,54,78890,买盘,002654,2025-10-17 22:49:25
10:31:45,14.6,-0.01,14,20440,卖盘,002654,2025-10-17 22:49:25
10:31:48,14.61,0.01,36,52580,买盘,002654,2025-10-17 22:49:25
10:31:51,14.6,-0.01,1,1460,中性盘,002654,2025-10-17 22:49:25
10:31:54,14.61,0.01,55,80355,买盘,002654,2025-10-17 22:49:25
10:31:57,14.61,0.0,57,83260,买盘,002654,2025-10-17 22:49:25
10:32:00,14.61,0.0,15,21915,买盘,002654,2025-10-17 22:49:25
10:32:03,14.61,0.0,115,167992,买盘,002654,2025-10-17 22:49:25
10:32:06,14.62,0.01,30,43860,买盘,002654,2025-10-17 22:49:25
10:32:09,14.62,0.0,129,188598,买盘,002654,2025-10-17 22:49:25
10:32:12,14.62,0.0,8,11696,买盘,002654,2025-10-17 22:49:25
10:32:15,14.62,0.0,45,65790,买盘,002654,2025-10-17 22:49:25
10:32:18,14.61,-0.01,17,24844,卖盘,002654,2025-10-17 22:49:25
10:32:21,14.62,0.01,236,345031,买盘,002654,2025-10-17 22:49:25
10:32:24,14.61,-0.01,198,289384,卖盘,002654,2025-10-17 22:49:25
10:32:27,14.62,0.01,8,11696,中性盘,002654,2025-10-17 22:49:25
10:32:30,14.63,0.01,30,43890,买盘,002654,2025-10-17 22:49:25
10:32:33,14.61,-0.02,83,121313,卖盘,002654,2025-10-17 22:49:25
10:32:36,14.62,0.01,16,23407,卖盘,002654,2025-10-17 22:49:25
10:32:39,14.63,0.01,28,40964,买盘,002654,2025-10-17 22:49:25
10:32:42,14.62,-0.01,34,49748,卖盘,002654,2025-10-17 22:49:25
10:32:45,14.64,0.02,40,58531,买盘,002654,2025-10-17 22:49:25
10:32:48,14.7,0.06,1888,2769102,买盘,002654,2025-10-17 22:49:25
10:32:51,14.71,0.01,272,399198,买盘,002654,2025-10-17 22:49:25
10:32:54,14.71,0.0,87,127885,买盘,002654,2025-10-17 22:49:25
10:32:57,14.7,-0.01,155,227819,买盘,002654,2025-10-17 22:49:25
10:33:00,14.74,0.04,493,725441,买盘,002654,2025-10-17 22:49:25
10:33:03,14.73,-0.01,55,80948,买盘,002654,2025-10-17 22:49:25
10:33:06,14.74,0.01,662,976759,买盘,002654,2025-10-17 22:49:25
10:33:09,14.84,0.1,2018,2988671,买盘,002654,2025-10-17 22:49:25
10:33:12,14.86,0.02,206,306088,买盘,002654,2025-10-17 22:49:25
10:33:15,14.89,0.03,746,1109964,买盘,002654,2025-10-17 22:49:25
10:33:18,14.91,0.02,927,1380587,买盘,002654,2025-10-17 22:49:25
10:33:21,14.91,0.0,815,1214958,买盘,002654,2025-10-17 22:49:25
10:33:24,14.89,-0.02,92,137086,卖盘,002654,2025-10-17 22:49:25
10:33:27,14.89,0.0,582,866315,卖盘,002654,2025-10-17 22:49:25
10:33:30,14.86,-0.03,408,606853,卖盘,002654,2025-10-17 22:49:25
10:33:33,14.85,-0.01,781,1160135,卖盘,002654,2025-10-17 22:49:25
10:33:36,14.83,-0.02,286,424461,卖盘,002654,2025-10-17 22:49:25
10:33:39,14.8,-0.03,185,273948,卖盘,002654,2025-10-17 22:49:25
10:33:42,14.79,-0.01,560,829497,卖盘,002654,2025-10-17 22:49:25
10:33:45,14.81,0.02,265,392173,中性盘,002654,2025-10-17 22:49:25
10:33:48,14.79,-0.02,167,246967,中性盘,002654,2025-10-17 22:49:25
10:33:51,14.82,0.03,234,346242,买盘,002654,2025-10-17 22:49:25
10:33:54,14.81,-0.01,150,222005,中性盘,002654,2025-10-17 22:49:25
10:33:57,14.82,0.01,126,186679,买盘,002654,2025-10-17 22:49:25
10:34:00,14.82,0.0,112,166032,买盘,002654,2025-10-17 22:49:25
10:34:03,14.82,0.0,266,394143,卖盘,002654,2025-10-17 22:49:25
10:34:06,14.81,-0.01,188,278670,中性盘,002654,2025-10-17 22:49:25
10:34:09,14.81,0.0,213,315493,卖盘,002654,2025-10-17 22:49:25
10:34:12,14.81,0.0,137,202905,买盘,002654,2025-10-17 22:49:25
10:34:15,14.81,0.0,117,173264,卖盘,002654,2025-10-17 22:49:25
10:34:18,14.81,0.0,71,105139,买盘,002654,2025-10-17 22:49:25
10:34:21,14.79,-0.02,270,399705,卖盘,002654,2025-10-17 22:49:25
10:34:24,14.79,0.0,101,149409,卖盘,002654,2025-10-17 22:49:25
10:34:27,14.79,0.0,25,36972,卖盘,002654,2025-10-17 22:49:25
10:34:30,14.78,-0.01,9,13302,卖盘,002654,2025-10-17 22:49:25
10:34:33,14.79,0.01,423,625734,买盘,002654,2025-10-17 22:49:25
10:34:36,14.79,0.0,40,59160,卖盘,002654,2025-10-17 22:49:25
10:34:39,14.79,0.0,137,202677,卖盘,002654,2025-10-17 22:49:25
10:34:42,14.79,0.0,136,201225,卖盘,002654,2025-10-17 22:49:25
10:34:45,14.79,0.0,83,122831,卖盘,002654,2025-10-17 22:49:25
10:34:48,14.79,0.0,78,115404,卖盘,002654,2025-10-17 22:49:25
10:34:51,14.8,0.01,85,125794,买盘,002654,2025-10-17 22:49:25
10:34:54,14.8,0.0,182,269360,卖盘,002654,2025-10-17 22:49:25
10:34:57,14.81,0.01,124,183522,买盘,002654,2025-10-17 22:49:25
10:35:00,14.8,-0.01,17,25151,中性盘,002654,2025-10-17 22:49:25
10:35:03,14.79,-0.01,112,165649,卖盘,002654,2025-10-17 22:49:25
10:35:06,14.79,0.0,53,78407,卖盘,002654,2025-10-17 22:49:25
10:35:09,14.8,0.01,127,187925,买盘,002654,2025-10-17 22:49:25
10:35:12,14.79,-0.01,119,176093,卖盘,002654,2025-10-17 22:49:25
10:35:15,14.79,0.0,34,50298,卖盘,002654,2025-10-17 22:49:25
10:35:18,14.79,0.0,77,113899,卖盘,002654,2025-10-17 22:49:25
10:35:21,14.79,0.0,113,167157,卖盘,002654,2025-10-17 22:49:25
10:35:24,14.79,0.0,55,81345,卖盘,002654,2025-10-17 22:49:25
10:35:27,14.79,0.0,102,150906,买盘,002654,2025-10-17 22:49:25
10:35:30,14.78,-0.01,145,214334,卖盘,002654,2025-10-17 22:49:25
10:35:33,14.79,0.01,81,119754,买盘,002654,2025-10-17 22:49:25
10:35:36,14.77,-0.02,38,56126,卖盘,002654,2025-10-17 22:49:25
10:35:39,14.78,0.01,68,100491,买盘,002654,2025-10-17 22:49:25
10:35:42,14.78,0.0,51,75339,买盘,002654,2025-10-17 22:49:25
10:35:45,14.77,-0.01,43,63536,中性盘,002654,2025-10-17 22:49:25
10:35:48,14.77,0.0,46,67942,卖盘,002654,2025-10-17 22:49:25
10:35:51,14.76,-0.01,10,14768,卖盘,002654,2025-10-17 22:49:25
10:35:54,14.76,0.0,62,91522,卖盘,002654,2025-10-17 22:49:25
10:35:57,14.76,0.0,33,48708,卖盘,002654,2025-10-17 22:49:25
10:36:00,14.74,-0.02,57,84073,卖盘,002654,2025-10-17 22:49:25
10:36:03,14.76,0.02,182,268395,买盘,002654,2025-10-17 22:49:25
10:36:06,14.73,-0.03,55,81151,卖盘,002654,2025-10-17 22:49:25
10:36:09,14.73,0.0,135,199159,卖盘,002654,2025-10-17 22:49:25
10:36:12,14.73,0.0,185,272691,卖盘,002654,2025-10-17 22:49:25
10:36:18,14.72,-0.01,311,457405,卖盘,002654,2025-10-17 22:49:25
10:36:21,14.72,0.0,37,54464,买盘,002654,2025-10-17 22:49:25
10:36:24,14.7,-0.02,107,157404,卖盘,002654,2025-10-17 22:49:25
10:36:27,14.7,0.0,46,67701,卖盘,002654,2025-10-17 22:49:25
10:36:30,14.7,0.0,37,54390,卖盘,002654,2025-10-17 22:49:25
10:36:33,14.69,-0.01,13,19105,卖盘,002654,2025-10-17 22:49:25
10:36:36,14.7,0.01,41,60258,买盘,002654,2025-10-17 22:49:25
10:36:39,14.69,-0.01,32,46994,卖盘,002654,2025-10-17 22:49:25
10:36:42,14.69,0.0,61,89566,买盘,002654,2025-10-17 22:49:25
10:36:45,14.69,0.0,5,7345,买盘,002654,2025-10-17 22:49:25
10:36:48,14.67,-0.02,35,51340,卖盘,002654,2025-10-17 22:49:25
10:36:51,14.67,0.0,22,32269,买盘,002654,2025-10-17 22:49:25
10:36:54,14.67,0.0,16,23480,买盘,002654,2025-10-17 22:49:25
10:36:57,14.69,0.02,7,10275,买盘,002654,2025-10-17 22:49:25
10:37:00,14.68,-0.01,81,118851,卖盘,002654,2025-10-17 22:49:25
10:37:03,14.65,-0.03,90,132096,卖盘,002654,2025-10-17 22:49:25
10:37:06,14.68,0.03,12,17611,买盘,002654,2025-10-17 22:49:25
10:37:09,14.67,-0.01,45,66015,卖盘,002654,2025-10-17 22:49:25
10:37:12,14.67,0.0,59,86507,买盘,002654,2025-10-17 22:49:25
10:37:15,14.67,0.0,4,5868,买盘,002654,2025-10-17 22:49:25
10:37:18,14.68,0.01,125,183498,买盘,002654,2025-10-17 22:49:25
10:37:21,14.68,0.0,180,264239,卖盘,002654,2025-10-17 22:49:25
10:37:24,14.69,0.01,33,48467,买盘,002654,2025-10-17 22:49:25
10:37:27,14.69,0.0,66,96937,买盘,002654,2025-10-17 22:49:25
10:37:30,14.69,0.0,520,763410,卖盘,002654,2025-10-17 22:49:25
10:37:33,14.67,-0.02,70,102749,中性盘,002654,2025-10-17 22:49:25
10:37:36,14.68,0.01,61,89515,买盘,002654,2025-10-17 22:49:25
10:37:39,14.68,0.0,29,42553,买盘,002654,2025-10-17 22:49:25
10:37:42,14.67,-0.01,61,89521,卖盘,002654,2025-10-17 22:49:25
10:37:45,14.66,-0.01,183,268325,卖盘,002654,2025-10-17 22:49:25
10:37:48,14.66,0.0,29,42514,买盘,002654,2025-10-17 22:49:25
10:37:54,14.65,-0.01,93,136309,卖盘,002654,2025-10-17 22:49:25
10:37:57,14.65,0.0,33,48353,卖盘,002654,2025-10-17 22:49:25
10:38:00,14.66,0.01,9,13194,买盘,002654,2025-10-17 22:49:25
10:38:03,14.64,-0.02,254,371933,卖盘,002654,2025-10-17 22:49:25
10:38:06,14.65,0.01,26,38073,买盘,002654,2025-10-17 22:49:25
10:38:09,14.64,-0.01,34,49777,中性盘,002654,2025-10-17 22:49:25
10:38:12,14.64,0.0,9,13174,买盘,002654,2025-10-17 22:49:25
10:38:15,14.64,0.0,23,33671,买盘,002654,2025-10-17 22:49:25
10:38:18,14.65,0.01,27,39553,买盘,002654,2025-10-17 22:49:25
10:38:21,14.64,-0.01,19,27821,卖盘,002654,2025-10-17 22:49:25
10:38:24,14.64,0.0,58,84932,卖盘,002654,2025-10-17 22:49:25
10:38:27,14.65,0.01,148,216815,买盘,002654,2025-10-17 22:49:25
10:38:30,14.65,0.0,21,30749,买盘,002654,2025-10-17 22:49:25
10:38:33,14.64,-0.01,4,5783,卖盘,002654,2025-10-17 22:49:25
10:38:36,14.64,0.0,3,4394,卖盘,002654,2025-10-17 22:49:25
10:38:39,14.64,0.0,8,11712,卖盘,002654,2025-10-17 22:49:25
10:38:42,14.63,-0.01,557,815131,卖盘,002654,2025-10-17 22:49:25
10:38:45,14.64,0.01,147,215193,买盘,002654,2025-10-17 22:49:25
10:38:48,14.65,0.01,15,21963,买盘,002654,2025-10-17 22:49:25
10:38:54,14.64,-0.01,13,19031,买盘,002654,2025-10-17 22:49:25
10:38:57,14.63,-0.01,71,103888,卖盘,002654,2025-10-17 22:49:25
10:39:00,14.63,0.0,11,16093,买盘,002654,2025-10-17 22:49:25
10:39:03,14.62,-0.01,24,35111,卖盘,002654,2025-10-17 22:49:25
10:39:06,14.63,0.01,16,23408,买盘,002654,2025-10-17 22:49:25
10:39:09,14.63,0.0,175,255858,买盘,002654,2025-10-17 22:49:25
10:39:12,14.63,0.0,32,46806,买盘,002654,2025-10-17 22:49:25
10:39:15,14.63,0.0,39,57055,买盘,002654,2025-10-17 22:49:25
10:39:18,14.63,0.0,297,434273,买盘,002654,2025-10-17 22:49:25
10:39:21,14.63,0.0,100,146232,买盘,002654,2025-10-17 22:49:25
10:39:24,14.63,0.0,8,11704,卖盘,002654,2025-10-17 22:49:25
10:39:27,14.64,0.01,2,2928,买盘,002654,2025-10-17 22:49:25
10:39:30,14.64,0.0,21,30742,买盘,002654,2025-10-17 22:49:25
10:39:33,14.64,0.0,52,76083,买盘,002654,2025-10-17 22:49:25
10:39:36,14.64,0.0,34,49773,买盘,002654,2025-10-17 22:49:25
10:39:39,14.64,0.0,28,40979,买盘,002654,2025-10-17 22:49:25
10:39:42,14.64,0.0,67,98088,买盘,002654,2025-10-17 22:49:25
10:39:45,14.63,-0.01,137,200441,卖盘,002654,2025-10-17 22:49:25
10:39:48,14.63,0.0,31,45367,卖盘,002654,2025-10-17 22:49:25
10:39:51,14.63,0.0,40,58533,卖盘,002654,2025-10-17 22:49:25
10:39:54,14.63,0.0,50,73130,买盘,002654,2025-10-17 22:49:25
10:39:57,14.63,0.0,16,23408,买盘,002654,2025-10-17 22:49:25
10:40:00,14.62,-0.01,504,736903,卖盘,002654,2025-10-17 22:49:25
10:40:03,14.62,0.0,43,62869,买盘,002654,2025-10-17 22:49:25
10:40:06,14.63,0.01,13,19011,买盘,002654,2025-10-17 22:49:25
10:40:12,14.63,0.0,91,133129,买盘,002654,2025-10-17 22:49:25
10:40:15,14.63,0.0,40,58534,卖盘,002654,2025-10-17 22:49:25
10:40:18,14.63,0.0,2,2926,买盘,002654,2025-10-17 22:49:25
10:40:24,14.62,-0.01,12,17552,卖盘,002654,2025-10-17 22:49:25
10:40:27,14.63,0.01,16,23400,买盘,002654,2025-10-17 22:49:25
10:40:30,14.63,0.0,14,20482,买盘,002654,2025-10-17 22:49:25
10:40:33,14.63,0.0,27,39501,买盘,002654,2025-10-17 22:49:25
10:40:36,14.63,0.0,48,70224,买盘,002654,2025-10-17 22:49:25
10:40:39,14.64,0.01,15,21959,买盘,002654,2025-10-17 22:49:25
10:40:42,14.64,0.0,38,55632,买盘,002654,2025-10-17 22:49:25
10:40:45,14.64,0.0,7,10248,买盘,002654,2025-10-17 22:49:25
10:40:48,14.64,0.0,23,33672,买盘,002654,2025-10-17 22:49:25
10:40:51,14.64,0.0,52,76118,买盘,002654,2025-10-17 22:49:25
10:40:54,14.64,0.0,30,43920,买盘,002654,2025-10-17 22:49:25
10:40:57,14.64,0.0,46,67344,买盘,002654,2025-10-17 22:49:25
10:41:00,14.63,-0.01,411,601693,卖盘,002654,2025-10-17 22:49:25
10:41:03,14.63,0.0,1006,1471642,卖盘,002654,2025-10-17 22:49:25
10:41:06,14.62,-0.01,49,71661,卖盘,002654,2025-10-17 22:49:25
10:41:09,14.62,0.0,65,95040,卖盘,002654,2025-10-17 22:49:25
10:41:12,14.62,0.0,77,112606,卖盘,002654,2025-10-17 22:49:25
10:41:15,14.63,0.01,39,57057,买盘,002654,2025-10-17 22:49:25
10:41:18,14.63,0.0,21,30720,买盘,002654,2025-10-17 22:49:25
10:41:21,14.63,0.0,48,70224,买盘,002654,2025-10-17 22:49:25
10:41:24,14.62,-0.01,5,7310,卖盘,002654,2025-10-17 22:49:25
10:41:27,14.63,0.01,20,29260,买盘,002654,2025-10-17 22:49:25
10:41:30,14.63,0.0,503,735399,中性盘,002654,2025-10-17 22:49:25
10:41:33,14.63,0.0,20,29260,卖盘,002654,2025-10-17 22:49:25
10:41:36,14.62,-0.01,15,21940,卖盘,002654,2025-10-17 22:49:25
10:41:39,14.63,0.01,96,140532,买盘,002654,2025-10-17 22:49:25
10:41:42,14.63,0.0,68,99484,卖盘,002654,2025-10-17 22:49:25
10:41:45,14.63,0.0,66,96578,卖盘,002654,2025-10-17 22:49:25
10:41:48,14.64,0.01,4,5856,买盘,002654,2025-10-17 22:49:25
10:41:51,14.63,-0.01,2,2926,卖盘,002654,2025-10-17 22:49:25
10:41:54,14.64,0.01,31,45366,买盘,002654,2025-10-17 22:49:25
10:41:57,14.64,0.0,36,52977,买盘,002654,2025-10-17 22:49:25
10:42:00,14.63,-0.01,25,36587,卖盘,002654,2025-10-17 22:49:25
10:42:03,14.64,0.01,216,316080,买盘,002654,2025-10-17 22:49:25
10:42:06,14.65,0.01,68,99572,买盘,002654,2025-10-17 22:49:25
10:42:09,14.64,-0.01,29,42457,中性盘,002654,2025-10-17 22:49:25
10:42:12,14.64,0.0,6,8782,买盘,002654,2025-10-17 22:49:25
10:42:15,14.64,0.0,17,24888,卖盘,002654,2025-10-17 22:49:25
10:42:18,14.64,0.0,202,295545,买盘,002654,2025-10-17 22:49:25
10:42:21,14.65,0.01,23,33680,买盘,002654,2025-10-17 22:49:25
10:42:24,14.64,-0.01,30,43920,中性盘,002654,2025-10-17 22:49:25
10:42:27,14.64,0.0,32,46848,买盘,002654,2025-10-17 22:49:25
10:42:30,14.64,0.0,7,10249,卖盘,002654,2025-10-17 22:49:25
10:42:33,14.63,-0.01,335,489850,卖盘,002654,2025-10-17 22:49:25
10:42:36,14.64,0.01,15,21955,买盘,002654,2025-10-17 22:49:25
10:42:42,14.64,0.0,22,32205,买盘,002654,2025-10-17 22:49:25
10:42:45,14.63,-0.01,78,114114,卖盘,002654,2025-10-17 22:49:25
10:42:48,14.63,0.0,31,45342,买盘,002654,2025-10-17 22:49:25
10:42:51,14.64,0.01,29,42442,买盘,002654,2025-10-17 22:49:25
10:42:54,14.63,-0.01,17,24871,卖盘,002654,2025-10-17 22:49:25
10:42:57,14.64,0.01,14,20496,买盘,002654,2025-10-17 22:49:25
10:43:00,14.62,-0.02,293,428511,卖盘,002654,2025-10-17 22:49:25
10:43:03,14.61,-0.01,323,471902,卖盘,002654,2025-10-17 22:49:25
10:43:06,14.6,-0.01,39,56953,卖盘,002654,2025-10-17 22:49:25
10:43:09,14.6,0.0,35,51124,卖盘,002654,2025-10-17 22:49:25
10:43:12,14.6,0.0,113,164992,卖盘,002654,2025-10-17 22:49:25
10:43:15,14.6,0.0,29,42348,卖盘,002654,2025-10-17 22:49:25
10:43:18,14.59,-0.01,711,1038031,卖盘,002654,2025-10-17 22:49:25
10:43:21,14.59,0.0,36,52524,卖盘,002654,2025-10-17 22:49:25
10:43:24,14.59,0.0,6,8759,卖盘,002654,2025-10-17 22:49:25
10:43:27,14.59,0.0,60,87535,卖盘,002654,2025-10-17 22:49:25
10:43:30,14.58,-0.01,24,34992,卖盘,002654,2025-10-17 22:49:25
10:43:33,14.59,0.01,37,53966,买盘,002654,2025-10-17 22:49:25
10:43:42,14.58,-0.01,146,213142,卖盘,002654,2025-10-17 22:49:25
10:43:45,14.58,0.0,40,58360,卖盘,002654,2025-10-17 22:49:25
10:43:48,14.58,0.0,4,5832,卖盘,002654,2025-10-17 22:49:25
10:43:51,14.6,0.02,25,36500,买盘,002654,2025-10-17 22:49:25
10:43:54,14.61,0.01,64,93447,买盘,002654,2025-10-17 22:49:25
10:43:57,14.6,-0.01,18,26296,卖盘,002654,2025-10-17 22:49:25
10:44:00,14.6,0.0,16,23390,卖盘,002654,2025-10-17 22:49:25
10:44:03,14.6,0.0,7,10222,卖盘,002654,2025-10-17 22:49:25
10:44:06,14.6,0.0,30,43805,卖盘,002654,2025-10-17 22:49:25
10:44:09,14.6,0.0,7,10220,买盘,002654,2025-10-17 22:49:25
10:44:15,14.6,0.0,12,17520,买盘,002654,2025-10-17 22:49:25
10:44:18,14.59,-0.01,59,86097,卖盘,002654,2025-10-17 22:49:25
10:44:21,14.6,0.01,28,40880,买盘,002654,2025-10-17 22:49:25
10:44:24,14.59,-0.01,30,43770,卖盘,002654,2025-10-17 22:49:25
10:44:27,14.6,0.01,78,113880,买盘,002654,2025-10-17 22:49:25
10:44:30,14.59,-0.01,1,1459,卖盘,002654,2025-10-17 22:49:25
10:44:33,14.59,0.0,10,14590,卖盘,002654,2025-10-17 22:49:25
10:44:36,14.59,0.0,44,64196,卖盘,002654,2025-10-17 22:49:25
10:44:39,14.59,0.0,41,59840,卖盘,002654,2025-10-17 22:49:25
10:44:42,14.59,0.0,35,51098,卖盘,002654,2025-10-17 22:49:25
10:44:45,14.59,0.0,11,16049,卖盘,002654,2025-10-17 22:49:25
10:44:48,14.59,0.0,163,237811,卖盘,002654,2025-10-17 22:49:25
10:44:51,14.59,0.0,52,75866,买盘,002654,2025-10-17 22:49:25
10:44:57,14.58,-0.01,6,8748,卖盘,002654,2025-10-17 22:49:25
10:45:00,14.59,0.01,10,14590,买盘,002654,2025-10-17 22:49:25
10:45:03,14.58,-0.01,3,4374,卖盘,002654,2025-10-17 22:49:25
10:45:06,14.59,0.01,10,14590,买盘,002654,2025-10-17 22:49:25
10:45:09,14.58,-0.01,38,55404,卖盘,002654,2025-10-17 22:49:25
10:45:12,14.58,0.0,50,72910,卖盘,002654,2025-10-17 22:49:25
10:45:15,14.59,0.01,5,7295,买盘,002654,2025-10-17 22:49:25
10:45:18,14.59,0.0,14,20414,买盘,002654,2025-10-17 22:49:25
10:45:21,14.59,0.0,59,86081,买盘,002654,2025-10-17 22:49:25
10:45:27,14.59,0.0,18,26262,卖盘,002654,2025-10-17 22:49:25
10:45:30,14.6,0.01,9,13140,买盘,002654,2025-10-17 22:49:25
10:45:36,14.6,0.0,60,87560,买盘,002654,2025-10-17 22:49:25
10:45:39,14.6,0.0,42,61290,买盘,002654,2025-10-17 22:49:25
10:45:42,14.59,-0.01,104,151802,卖盘,002654,2025-10-17 22:49:25
10:45:45,14.59,0.0,3,4377,买盘,002654,2025-10-17 22:49:25
10:45:48,14.58,-0.01,8,11667,卖盘,002654,2025-10-17 22:49:25
10:45:51,14.58,0.0,74,107892,卖盘,002654,2025-10-17 22:49:25
10:45:54,14.57,-0.01,728,1061376,卖盘,002654,2025-10-17 22:49:25
10:45:57,14.57,0.0,16,23312,卖盘,002654,2025-10-17 22:49:25
10:46:00,14.57,0.0,5,7285,卖盘,002654,2025-10-17 22:49:25
10:46:03,14.57,0.0,29,42253,卖盘,002654,2025-10-17 22:49:25
10:46:06,14.57,0.0,14,20398,卖盘,002654,2025-10-17 22:49:25
10:46:09,14.58,0.01,10,14580,买盘,002654,2025-10-17 22:49:25
10:46:12,14.58,0.0,24,34973,买盘,002654,2025-10-17 22:49:25
10:46:15,14.57,-0.01,34,49538,卖盘,002654,2025-10-17 22:49:25
10:46:18,14.57,0.0,24,34978,卖盘,002654,2025-10-17 22:49:25
10:46:21,14.58,0.01,5,7288,买盘,002654,2025-10-17 22:49:25
10:46:30,14.58,0.0,4,5832,买盘,002654,2025-10-17 22:49:25
10:46:33,14.58,0.0,17,24786,买盘,002654,2025-10-17 22:49:25
10:46:36,14.57,-0.01,1,1457,卖盘,002654,2025-10-17 22:49:25
10:46:39,14.58,0.01,6,8748,买盘,002654,2025-10-17 22:49:25
10:46:42,14.61,0.03,143,208777,买盘,002654,2025-10-17 22:49:25
10:46:45,14.57,-0.04,7,10199,卖盘,002654,2025-10-17 22:49:25
10:46:57,14.58,0.01,47,68585,卖盘,002654,2025-10-17 22:49:25
10:47:00,14.58,0.0,4,5832,卖盘,002654,2025-10-17 22:49:25
10:47:03,14.59,0.01,324,472670,买盘,002654,2025-10-17 22:49:25
10:47:06,14.59,0.0,213,310762,卖盘,002654,2025-10-17 22:49:25
10:47:09,14.58,-0.01,15,21874,卖盘,002654,2025-10-17 22:49:25
10:47:12,14.58,0.0,45,65612,卖盘,002654,2025-10-17 22:49:25
10:47:15,14.59,0.01,31,45229,买盘,002654,2025-10-17 22:49:25
10:47:18,14.59,0.0,14,20425,买盘,002654,2025-10-17 22:49:25
10:47:21,14.59,0.0,45,65643,买盘,002654,2025-10-17 22:49:25
10:47:27,14.59,0.0,4,5836,买盘,002654,2025-10-17 22:49:25
10:47:30,14.59,0.0,2,2918,买盘,002654,2025-10-17 22:49:25
10:47:33,14.59,0.0,3,4377,卖盘,002654,2025-10-17 22:49:25
10:47:36,14.6,0.01,73,106510,买盘,002654,2025-10-17 22:49:25
10:47:39,14.59,-0.01,35,51042,买盘,002654,2025-10-17 22:49:25
10:47:42,14.59,0.0,84,122514,买盘,002654,2025-10-17 22:49:25
10:47:45,14.59,0.0,30,43752,买盘,002654,2025-10-17 22:49:25
10:47:48,14.59,0.0,64,93358,买盘,002654,2025-10-17 22:49:25
10:47:51,14.59,0.0,11,16048,买盘,002654,2025-10-17 22:49:25
10:47:54,14.59,0.0,30,43770,买盘,002654,2025-10-17 22:49:25
10:47:57,14.58,-0.01,14,20412,卖盘,002654,2025-10-17 22:49:25
10:48:00,14.6,0.02,3,4380,买盘,002654,2025-10-17 22:49:25
10:48:03,14.59,-0.01,15,21890,卖盘,002654,2025-10-17 22:49:25
10:48:06,14.6,0.01,3,4379,买盘,002654,2025-10-17 22:49:25
10:48:09,14.59,-0.01,10,14592,卖盘,002654,2025-10-17 22:49:25
10:48:12,14.59,0.0,42,61305,卖盘,002654,2025-10-17 22:49:25
10:48:15,14.59,0.0,78,113834,卖盘,002654,2025-10-17 22:49:25
10:48:18,14.59,0.0,28,40872,买盘,002654,2025-10-17 22:49:25
10:48:21,14.6,0.01,21,30659,买盘,002654,2025-10-17 22:49:25
10:48:27,14.6,0.0,13,18972,买盘,002654,2025-10-17 22:49:25
10:48:30,14.6,0.0,25,36500,买盘,002654,2025-10-17 22:49:25
10:48:33,14.6,0.0,4,5840,买盘,002654,2025-10-17 22:49:25
10:48:36,14.6,0.0,38,55462,买盘,002654,2025-10-17 22:49:25
10:48:39,14.59,-0.01,3,4378,卖盘,002654,2025-10-17 22:49:25
10:48:42,14.6,0.01,3,4379,买盘,002654,2025-10-17 22:49:25
10:48:45,14.59,-0.01,2,2918,卖盘,002654,2025-10-17 22:49:25
10:48:51,14.59,0.0,3,4377,卖盘,002654,2025-10-17 22:49:25
10:48:54,14.6,0.01,20,29200,买盘,002654,2025-10-17 22:49:25
10:48:57,14.6,0.0,28,40880,买盘,002654,2025-10-17 22:49:25
10:49:00,14.6,0.0,135,197098,买盘,002654,2025-10-17 22:49:25
10:49:03,14.6,0.0,18,26296,卖盘,002654,2025-10-17 22:49:25
10:49:06,14.61,0.01,17,24837,买盘,002654,2025-10-17 22:49:25
10:49:09,14.61,0.0,7,10227,买盘,002654,2025-10-17 22:49:25
10:49:12,14.61,0.0,5,7305,买盘,002654,2025-10-17 22:49:25
10:49:15,14.61,0.0,31,45291,买盘,002654,2025-10-17 22:49:25
10:49:18,14.61,0.0,33,48213,买盘,002654,2025-10-17 22:49:25
10:49:21,14.61,0.0,8,11688,卖盘,002654,2025-10-17 22:49:25
10:49:24,14.61,0.0,15,21915,卖盘,002654,2025-10-17 22:49:25
10:49:27,14.62,0.01,135,197275,买盘,002654,2025-10-17 22:49:25
10:49:30,14.59,-0.03,328,478887,卖盘,002654,2025-10-17 22:49:25
10:49:33,14.59,0.0,14,20435,卖盘,002654,2025-10-17 22:49:25
10:49:36,14.6,0.01,10,14600,中性盘,002654,2025-10-17 22:49:25
10:49:39,14.6,0.0,26,37960,买盘,002654,2025-10-17 22:49:25
10:49:42,14.59,-0.01,12,17510,卖盘,002654,2025-10-17 22:49:25
10:49:45,14.59,0.0,114,166329,卖盘,002654,2025-10-17 22:49:25
10:49:48,14.58,-0.01,9,13122,卖盘,002654,2025-10-17 22:49:25
10:49:51,14.57,-0.01,826,1204471,卖盘,002654,2025-10-17 22:49:25
10:49:57,14.57,0.0,7,10204,卖盘,002654,2025-10-17 22:49:25
10:50:03,14.57,0.0,2,2915,卖盘,002654,2025-10-17 22:49:25
10:50:06,14.58,0.01,30,43739,卖盘,002654,2025-10-17 22:49:25
10:50:09,14.58,0.0,4,5833,卖盘,002654,2025-10-17 22:49:25
10:50:12,14.59,0.01,25,36456,买盘,002654,2025-10-17 22:49:25
10:50:15,14.59,0.0,3,4377,买盘,002654,2025-10-17 22:49:25
10:50:18,14.59,0.0,1,1459,买盘,002654,2025-10-17 22:49:25
10:50:24,14.61,0.02,118,172335,买盘,002654,2025-10-17 22:49:25
10:50:27,14.59,-0.02,24,35016,卖盘,002654,2025-10-17 22:49:25
10:50:30,14.59,0.0,140,204235,卖盘,002654,2025-10-17 22:49:25
10:50:33,14.59,0.0,89,129873,买盘,002654,2025-10-17 22:49:25
10:50:36,14.59,0.0,5,7295,买盘,002654,2025-10-17 22:49:25
10:50:39,14.59,0.0,7,10208,买盘,002654,2025-10-17 22:49:25
10:50:42,14.59,0.0,166,242180,买盘,002654,2025-10-17 22:49:25
10:50:48,14.6,0.01,48,70061,买盘,002654,2025-10-17 22:49:25
10:50:51,14.59,-0.01,67,97753,卖盘,002654,2025-10-17 22:49:25
10:50:54,14.6,0.01,13,18972,买盘,002654,2025-10-17 22:49:25
10:51:00,14.58,-0.02,239,348627,卖盘,002654,2025-10-17 22:49:25
10:51:03,14.58,0.0,24,34982,卖盘,002654,2025-10-17 22:49:25
10:51:06,14.57,-0.01,136,198160,卖盘,002654,2025-10-17 22:49:25
10:51:09,14.57,0.0,10,14570,卖盘,002654,2025-10-17 22:49:25
10:51:12,14.57,0.0,7,10200,卖盘,002654,2025-10-17 22:49:25
10:51:15,14.58,0.01,1,1458,买盘,002654,2025-10-17 22:49:25
10:51:18,14.57,-0.01,26,37883,卖盘,002654,2025-10-17 22:49:25
10:51:21,14.57,0.0,15,21860,卖盘,002654,2025-10-17 22:49:25
10:51:24,14.57,0.0,10,14576,卖盘,002654,2025-10-17 22:49:25
10:51:27,14.57,0.0,26,37895,卖盘,002654,2025-10-17 22:49:25
10:51:30,14.57,0.0,1,1457,卖盘,002654,2025-10-17 22:49:25
10:51:33,14.58,0.01,45,65610,买盘,002654,2025-10-17 22:49:25
10:51:36,14.57,-0.01,40,58310,卖盘,002654,2025-10-17 22:49:25
10:51:42,14.57,0.0,1,1457,卖盘,002654,2025-10-17 22:49:25
10:51:45,14.58,0.01,6,8748,买盘,002654,2025-10-17 22:49:25
10:51:51,14.58,0.0,21,30618,买盘,002654,2025-10-17 22:49:25
10:51:54,14.58,0.0,6,8748,买盘,002654,2025-10-17 22:49:25
10:51:57,14.58,0.0,47,68481,买盘,002654,2025-10-17 22:49:25
10:52:00,14.58,0.0,17,24786,买盘,002654,2025-10-17 22:49:25
10:52:06,14.57,-0.01,18,26238,卖盘,002654,2025-10-17 22:49:25
10:52:15,14.59,0.02,4,5833,买盘,002654,2025-10-17 22:49:25
10:52:18,14.59,0.0,5,7295,买盘,002654,2025-10-17 22:49:25
10:52:24,14.59,0.0,6,8754,买盘,002654,2025-10-17 22:49:25
10:52:27,14.58,-0.01,100,145800,卖盘,002654,2025-10-17 22:49:25
10:52:30,14.58,0.0,63,91860,卖盘,002654,2025-10-17 22:49:25
10:52:33,14.58,0.0,29,42282,卖盘,002654,2025-10-17 22:49:25
10:52:36,14.58,0.0,35,51030,买盘,002654,2025-10-17 22:49:25
10:52:39,14.58,0.0,4,5832,买盘,002654,2025-10-17 22:49:25
10:52:42,14.57,-0.01,22,32065,卖盘,002654,2025-10-17 22:49:25
10:52:45,14.58,0.01,5,7290,买盘,002654,2025-10-17 22:49:25
10:52:51,14.57,-0.01,1,1457,卖盘,002654,2025-10-17 22:49:25
10:52:54,14.57,0.0,18,26234,卖盘,002654,2025-10-17 22:49:25
10:52:57,14.57,0.0,1,1457,卖盘,002654,2025-10-17 22:49:25
10:53:00,14.58,0.01,9,13122,买盘,002654,2025-10-17 22:49:25
10:53:03,14.58,0.0,9,13122,买盘,002654,2025-10-17 22:49:25
10:53:06,14.58,0.0,43,62694,买盘,002654,2025-10-17 22:49:25
10:53:09,14.58,0.0,2,2916,卖盘,002654,2025-10-17 22:49:25
10:53:12,14.58,0.0,7,10212,卖盘,002654,2025-10-17 22:49:25
10:53:15,14.58,0.0,36,52488,卖盘,002654,2025-10-17 22:49:25
10:53:21,14.57,-0.01,26,37905,卖盘,002654,2025-10-17 22:49:25
10:53:24,14.57,0.0,1,1457,卖盘,002654,2025-10-17 22:49:25
10:53:27,14.57,0.0,8,11656,卖盘,002654,2025-10-17 22:49:25
10:53:30,14.55,-0.02,1219,1775089,卖盘,002654,2025-10-17 22:49:25
10:53:33,14.56,0.01,63,91725,买盘,002654,2025-10-17 22:49:25
10:53:39,14.55,-0.01,1,1455,卖盘,002654,2025-10-17 22:49:25
10:53:42,14.55,0.0,41,59655,卖盘,002654,2025-10-17 22:49:25
10:53:45,14.55,0.0,32,46562,卖盘,002654,2025-10-17 22:49:25
10:53:48,14.56,0.01,21,30557,买盘,002654,2025-10-17 22:49:25
10:53:51,14.55,-0.01,2,2910,卖盘,002654,2025-10-17 22:49:25
10:53:54,14.55,0.0,145,210975,卖盘,002654,2025-10-17 22:49:25
10:53:57,14.54,-0.01,32,46554,卖盘,002654,2025-10-17 22:49:25
10:54:00,14.55,0.01,2,2910,买盘,002654,2025-10-17 22:49:25
10:54:03,14.54,-0.01,2,2908,卖盘,002654,2025-10-17 22:49:25
10:54:06,14.54,0.0,9,13086,卖盘,002654,2025-10-17 22:49:25
10:54:09,14.55,0.01,25,36355,买盘,002654,2025-10-17 22:49:25
10:54:12,14.56,0.01,539,784249,买盘,002654,2025-10-17 22:49:25
10:54:18,14.56,0.0,23,33468,买盘,002654,2025-10-17 22:49:25
10:54:21,14.56,0.0,21,30576,买盘,002654,2025-10-17 22:49:25
10:54:24,14.56,0.0,26,37856,买盘,002654,2025-10-17 22:49:25
10:54:27,14.57,0.01,12,17484,买盘,002654,2025-10-17 22:49:25
10:54:33,14.56,-0.01,10,14566,卖盘,002654,2025-10-17 22:49:25
10:54:39,14.56,0.0,31,45196,卖盘,002654,2025-10-17 22:49:25
10:54:48,14.58,0.02,13,18942,买盘,002654,2025-10-17 22:49:25
10:55:00,14.58,0.0,4,5832,买盘,002654,2025-10-17 22:49:25
10:55:06,14.58,0.0,4,5830,买盘,002654,2025-10-17 22:49:25
10:55:09,14.58,0.0,22,32076,买盘,002654,2025-10-17 22:49:25
10:55:12,14.57,-0.01,46,67044,卖盘,002654,2025-10-17 22:49:25
10:55:15,14.57,0.0,6,8742,卖盘,002654,2025-10-17 22:49:25
10:55:18,14.57,0.0,373,543813,卖盘,002654,2025-10-17 22:49:25
10:55:24,14.58,0.01,23,33534,买盘,002654,2025-10-17 22:49:25
10:55:27,14.57,-0.01,2,2914,卖盘,002654,2025-10-17 22:49:25
10:55:33,14.57,0.0,34,49538,卖盘,002654,2025-10-17 22:49:25
10:55:36,14.58,0.01,31,45198,买盘,002654,2025-10-17 22:49:25
10:55:39,14.58,0.0,156,227425,买盘,002654,2025-10-17 22:49:25
10:55:42,14.58,0.0,3,4374,买盘,002654,2025-10-17 22:49:25
10:55:45,14.57,-0.01,105,152990,卖盘,002654,2025-10-17 22:49:25
10:55:48,14.57,0.0,55,80135,卖盘,002654,2025-10-17 22:49:25
10:55:51,14.57,0.0,2,2914,买盘,002654,2025-10-17 22:49:25
10:55:54,14.56,-0.01,93,135460,卖盘,002654,2025-10-17 22:49:25
10:55:57,14.56,0.0,13,18935,卖盘,002654,2025-10-17 22:49:25
10:56:00,14.56,0.0,19,27664,卖盘,002654,2025-10-17 22:49:25
10:56:03,14.55,-0.01,506,736390,卖盘,002654,2025-10-17 22:49:25
10:56:06,14.55,0.0,1307,1900380,中性盘,002654,2025-10-17 22:49:25
10:56:09,14.56,0.01,154,224117,买盘,002654,2025-10-17 22:49:25
10:56:12,14.56,0.0,20,29120,买盘,002654,2025-10-17 22:49:25
10:56:15,14.53,-0.03,240,348754,卖盘,002654,2025-10-17 22:49:25
10:56:18,14.54,0.01,3,4362,中性盘,002654,2025-10-17 22:49:25
10:56:21,14.51,-0.03,1000,1451782,卖盘,002654,2025-10-17 22:49:25
10:56:24,14.52,0.01,2,2904,中性盘,002654,2025-10-17 22:49:25
10:56:27,14.53,0.01,7,10171,买盘,002654,2025-10-17 22:49:25
10:56:30,14.53,0.0,10,14530,买盘,002654,2025-10-17 22:49:25
10:56:33,14.52,-0.01,3,4356,卖盘,002654,2025-10-17 22:49:25
10:56:42,14.53,0.01,24,34870,买盘,002654,2025-10-17 22:49:25
10:56:45,14.52,-0.01,39,56629,卖盘,002654,2025-10-17 22:49:25
10:56:48,14.52,0.0,10,14520,卖盘,002654,2025-10-17 22:49:25
10:56:51,14.53,0.01,19,27607,买盘,002654,2025-10-17 22:49:25
10:56:54,14.52,-0.01,1,1452,卖盘,002654,2025-10-17 22:49:25
10:56:57,14.53,0.01,11,15983,买盘,002654,2025-10-17 22:49:25
10:57:00,14.53,0.0,14,20335,买盘,002654,2025-10-17 22:49:25
10:57:03,14.53,0.0,363,528103,买盘,002654,2025-10-17 22:49:25
10:57:06,14.52,-0.01,126,182992,卖盘,002654,2025-10-17 22:49:25
10:57:09,14.52,0.0,15,21780,卖盘,002654,2025-10-17 22:49:25
10:57:12,14.52,0.0,44,63924,卖盘,002654,2025-10-17 22:49:25
10:57:15,14.52,0.0,62,90061,卖盘,002654,2025-10-17 22:49:25
10:57:18,14.52,0.0,264,383328,卖盘,002654,2025-10-17 22:49:25
10:57:21,14.52,0.0,9,13068,买盘,002654,2025-10-17 22:49:25
10:57:30,14.53,0.01,1,1453,买盘,002654,2025-10-17 22:49:25
10:57:36,14.53,0.0,27,39231,买盘,002654,2025-10-17 22:49:25
10:57:39,14.52,-0.01,29,42108,卖盘,002654,2025-10-17 22:49:25
10:57:42,14.53,0.01,68,98769,买盘,002654,2025-10-17 22:49:25
10:57:45,14.52,-0.01,24,34866,卖盘,002654,2025-10-17 22:49:25
10:57:48,14.52,0.0,17,24684,卖盘,002654,2025-10-17 22:49:25
10:57:51,14.53,0.01,22,31949,买盘,002654,2025-10-17 22:49:25
10:57:57,14.53,0.0,1,1453,买盘,002654,2025-10-17 22:49:25
10:58:00,14.53,0.0,18,26149,买盘,002654,2025-10-17 22:49:25
10:58:03,14.53,0.0,39,56635,买盘,002654,2025-10-17 22:49:25
10:58:06,14.53,0.0,67,97324,买盘,002654,2025-10-17 22:49:25
10:58:09,14.52,-0.01,58,84216,卖盘,002654,2025-10-17 22:49:25
10:58:15,14.52,0.0,20,29054,卖盘,002654,2025-10-17 22:49:25
10:58:18,14.52,0.0,38,55181,卖盘,002654,2025-10-17 22:49:25
10:58:21,14.52,0.0,47,68281,卖盘,002654,2025-10-17 22:49:25
10:58:24,14.52,0.0,5,7260,卖盘,002654,2025-10-17 22:49:25
10:58:27,14.52,0.0,12,17425,卖盘,002654,2025-10-17 22:49:25
10:58:30,14.51,-0.01,574,832968,卖盘,002654,2025-10-17 22:49:25
