时间,成交价,价格变动,成交量,成交额,买卖盘性质,股票代码,采集时间
09:25:00,21.45,-0.01,10596,22729128,卖盘,002670,2025-10-17 22:58:48
09:30:00,21.45,0.0,8264,17719659,卖盘,002670,2025-10-17 22:58:48
09:30:03,21.45,0.0,9930,21306496,买盘,002670,2025-10-17 22:58:48
09:30:06,21.45,0.0,2213,4738585,买盘,002670,2025-10-17 22:58:48
09:30:09,21.37,-0.08,781,1669939,中性盘,002670,2025-10-17 22:58:48
09:30:12,21.35,-0.02,610,1303894,卖盘,002670,2025-10-17 22:58:48
09:30:15,21.36,0.01,415,886192,中性盘,002670,2025-10-17 22:58:48
09:30:18,21.35,-0.01,880,1878882,卖盘,002670,2025-10-17 22:58:48
09:30:21,21.37,0.02,2177,4649439,买盘,002670,2025-10-17 22:58:48
09:30:24,21.35,-0.02,651,1388998,卖盘,002670,2025-10-17 22:58:48
09:30:27,21.36,0.01,1063,2267877,买盘,002670,2025-10-17 22:58:48
09:30:30,21.39,0.03,1522,3253655,买盘,002670,2025-10-17 22:58:48
09:30:33,21.44,0.05,2220,4754828,买盘,002670,2025-10-17 22:58:48
09:30:36,21.5,0.06,5792,12442533,买盘,002670,2025-10-17 22:58:48
09:30:39,21.53,0.03,875,1881069,买盘,002670,2025-10-17 22:58:48
09:30:42,21.54,0.01,777,1673637,买盘,002670,2025-10-17 22:58:48
09:30:45,21.53,-0.01,1510,3252103,卖盘,002670,2025-10-17 22:58:48
09:30:48,21.69,0.16,8930,19325072,买盘,002670,2025-10-17 22:58:48
09:30:51,21.74,0.05,4555,9910145,买盘,002670,2025-10-17 22:58:48
09:30:54,21.82,0.08,914,1989548,买盘,002670,2025-10-17 22:58:48
09:30:57,21.85,0.03,2642,5774436,买盘,002670,2025-10-17 22:58:48
09:31:00,21.82,-0.03,2032,4439854,卖盘,002670,2025-10-17 22:58:48
09:31:03,21.78,-0.04,3428,7484005,卖盘,002670,2025-10-17 22:58:48
09:31:06,21.77,-0.01,1981,4314718,中性盘,002670,2025-10-17 22:58:48
09:31:09,21.74,-0.03,3809,8293316,卖盘,002670,2025-10-17 22:58:48
09:31:12,21.7,-0.04,1896,4122061,卖盘,002670,2025-10-17 22:58:48
09:31:15,21.64,-0.06,1160,2515857,卖盘,002670,2025-10-17 22:58:48
09:31:18,21.62,-0.02,1556,3371969,卖盘,002670,2025-10-17 22:58:48
09:31:21,21.68,0.06,2562,5546133,买盘,002670,2025-10-17 22:58:48
09:31:24,21.68,0.0,2022,4376153,卖盘,002670,2025-10-17 22:58:48
09:31:27,21.76,0.08,3741,8119309,买盘,002670,2025-10-17 22:58:48
09:31:30,21.78,0.02,1429,3106107,买盘,002670,2025-10-17 22:58:48
09:31:33,21.78,0.0,2017,4393071,买盘,002670,2025-10-17 22:58:48
09:31:36,21.79,0.01,1713,3732121,中性盘,002670,2025-10-17 22:58:48
09:31:39,21.79,0.0,2077,4528676,买盘,002670,2025-10-17 22:58:48
09:31:42,21.8,0.01,1842,4014441,买盘,002670,2025-10-17 22:58:48
09:31:45,21.8,0.0,1713,3733729,卖盘,002670,2025-10-17 22:58:48
09:31:48,21.81,0.01,1992,4343794,买盘,002670,2025-10-17 22:58:48
09:31:51,21.8,-0.01,1969,4292387,卖盘,002670,2025-10-17 22:58:48
09:31:54,21.72,-0.08,2409,5247960,卖盘,002670,2025-10-17 22:58:48
09:31:57,21.72,0.0,1430,3113846,卖盘,002670,2025-10-17 22:58:48
09:32:00,21.7,-0.02,1870,4064980,卖盘,002670,2025-10-17 22:58:48
09:32:03,21.71,0.01,1733,3762624,买盘,002670,2025-10-17 22:58:48
09:32:06,21.68,-0.03,1243,2696093,卖盘,002670,2025-10-17 22:58:48
09:32:09,21.62,-0.06,633,1371804,卖盘,002670,2025-10-17 22:58:48
09:32:12,21.69,0.07,835,1808796,买盘,002670,2025-10-17 22:58:48
09:32:15,21.66,-0.03,1767,3833490,卖盘,002670,2025-10-17 22:58:48
09:32:18,21.7,0.04,1042,2264216,中性盘,002670,2025-10-17 22:58:48
09:32:21,21.76,0.06,742,1610402,买盘,002670,2025-10-17 22:58:48
09:32:24,21.72,-0.04,2211,4810082,卖盘,002670,2025-10-17 22:58:48
09:32:27,21.74,0.02,1031,2244842,中性盘,002670,2025-10-17 22:58:48
09:32:30,21.76,0.02,1681,3657989,买盘,002670,2025-10-17 22:58:48
09:32:33,21.82,0.06,4702,10246571,买盘,002670,2025-10-17 22:58:48
09:32:36,21.85,0.03,3522,7692688,买盘,002670,2025-10-17 22:58:48
09:32:39,21.9,0.05,3108,6800231,买盘,002670,2025-10-17 22:58:48
09:32:42,21.9,0.0,1300,2846359,买盘,002670,2025-10-17 22:58:48
09:32:45,21.9,0.0,2043,4473550,买盘,002670,2025-10-17 22:58:48
09:32:48,21.9,0.0,2783,6093553,买盘,002670,2025-10-17 22:58:48
09:32:51,21.92,0.02,2694,5901456,买盘,002670,2025-10-17 22:58:48
09:32:54,21.94,0.02,2130,4670075,买盘,002670,2025-10-17 22:58:48
09:32:57,21.93,-0.01,1530,3355226,买盘,002670,2025-10-17 22:58:48
09:33:00,21.93,0.0,3253,7129734,卖盘,002670,2025-10-17 22:58:48
09:33:03,21.88,-0.05,2012,4400634,中性盘,002670,2025-10-17 22:58:48
09:33:06,21.87,-0.01,1555,3398433,中性盘,002670,2025-10-17 22:58:48
09:33:09,21.77,-0.1,885,1931612,卖盘,002670,2025-10-17 22:58:48
09:33:12,21.78,0.01,1026,2234982,买盘,002670,2025-10-17 22:58:48
09:33:15,21.78,0.0,1579,3436209,买盘,002670,2025-10-17 22:58:48
09:33:18,21.81,0.03,1657,3614116,买盘,002670,2025-10-17 22:58:48
09:33:21,21.82,0.01,2133,4658987,买盘,002670,2025-10-17 22:58:48
09:33:24,21.85,0.03,3449,7537004,买盘,002670,2025-10-17 22:58:48
09:33:27,21.9,0.05,2499,5465526,买盘,002670,2025-10-17 22:58:48
09:33:30,21.85,-0.05,581,1270373,卖盘,002670,2025-10-17 22:58:48
09:33:33,21.82,-0.03,1166,2546064,卖盘,002670,2025-10-17 22:58:48
09:33:36,21.8,-0.02,2095,4575285,卖盘,002670,2025-10-17 22:58:48
09:33:39,21.8,0.0,1664,3630142,卖盘,002670,2025-10-17 22:58:48
09:33:42,21.8,0.0,1591,3465273,买盘,002670,2025-10-17 22:58:48
09:33:45,21.79,-0.01,813,1770365,中性盘,002670,2025-10-17 22:58:48
09:33:48,21.76,-0.03,1160,2526538,中性盘,002670,2025-10-17 22:58:48
09:33:51,21.78,0.02,781,1700749,买盘,002670,2025-10-17 22:58:48
09:33:54,21.78,0.0,713,1551855,买盘,002670,2025-10-17 22:58:48
09:33:57,21.76,-0.02,862,1876863,卖盘,002670,2025-10-17 22:58:48
09:34:00,21.76,0.0,711,1547048,买盘,002670,2025-10-17 22:58:48
09:34:03,21.75,-0.01,796,1731427,卖盘,002670,2025-10-17 22:58:48
09:34:06,21.75,0.0,826,1795870,买盘,002670,2025-10-17 22:58:48
09:34:09,21.74,-0.01,869,1889255,中性盘,002670,2025-10-17 22:58:48
09:34:12,21.76,0.02,1097,2384860,买盘,002670,2025-10-17 22:58:48
09:34:15,21.76,0.0,606,1318728,卖盘,002670,2025-10-17 22:58:48
09:34:18,21.76,0.0,503,1094308,买盘,002670,2025-10-17 22:58:48
09:34:21,21.76,0.0,827,1800199,买盘,002670,2025-10-17 22:58:48
09:34:24,21.77,0.01,759,1653046,买盘,002670,2025-10-17 22:58:48
09:34:27,21.78,0.01,451,981293,买盘,002670,2025-10-17 22:58:48
09:34:30,21.79,0.01,555,1208334,买盘,002670,2025-10-17 22:58:48
09:34:33,21.79,0.0,698,1521454,卖盘,002670,2025-10-17 22:58:48
09:34:36,21.79,0.0,1519,3310792,卖盘,002670,2025-10-17 22:58:48
09:34:39,21.8,0.01,1656,3608460,买盘,002670,2025-10-17 22:58:48
09:34:42,21.8,0.0,1167,2543213,买盘,002670,2025-10-17 22:58:48
09:34:45,21.8,0.0,1663,3624634,买盘,002670,2025-10-17 22:58:48
09:34:48,21.8,0.0,981,2138757,卖盘,002670,2025-10-17 22:58:48
09:34:51,21.8,0.0,796,1735465,买盘,002670,2025-10-17 22:58:48
09:34:54,21.79,-0.01,956,2082557,卖盘,002670,2025-10-17 22:58:48
09:34:57,21.79,0.0,733,1597507,买盘,002670,2025-10-17 22:58:48
09:35:00,21.77,-0.02,1479,3221399,卖盘,002670,2025-10-17 22:58:48
09:35:03,21.76,-0.01,901,1960419,卖盘,002670,2025-10-17 22:58:48
09:35:06,21.72,-0.04,892,1939565,卖盘,002670,2025-10-17 22:58:48
09:35:09,21.71,-0.01,537,1166822,卖盘,002670,2025-10-17 22:58:48
09:35:12,21.71,0.0,765,1662775,卖盘,002670,2025-10-17 22:58:48
09:35:15,21.71,0.0,542,1176519,卖盘,002670,2025-10-17 22:58:48
09:35:18,21.71,0.0,637,1382540,买盘,002670,2025-10-17 22:58:48
09:35:21,21.7,-0.01,1631,3539915,卖盘,002670,2025-10-17 22:58:48
09:35:24,21.68,-0.02,1000,2169794,卖盘,002670,2025-10-17 22:58:48
09:35:27,21.73,0.05,6366,13865920,买盘,002670,2025-10-17 22:58:48
09:35:30,21.8,0.07,2127,4630016,中性盘,002670,2025-10-17 22:58:48
09:35:33,21.76,-0.04,823,1793451,中性盘,002670,2025-10-17 22:58:48
09:35:36,21.8,0.04,5704,12491891,中性盘,002670,2025-10-17 22:58:48
09:35:39,21.88,0.08,893,1950681,买盘,002670,2025-10-17 22:58:48
09:35:42,21.88,0.0,535,1169034,买盘,002670,2025-10-17 22:58:48
09:35:45,21.88,0.0,363,794322,买盘,002670,2025-10-17 22:58:48
09:35:48,21.88,0.0,698,1527823,卖盘,002670,2025-10-17 22:58:48
09:35:51,21.89,0.01,1257,2752311,买盘,002670,2025-10-17 22:58:48
09:35:54,21.88,-0.01,511,1118311,卖盘,002670,2025-10-17 22:58:48
09:35:57,21.89,0.01,799,1748910,买盘,002670,2025-10-17 22:58:48
09:36:00,21.89,0.0,1391,3043972,买盘,002670,2025-10-17 22:58:48
09:36:03,21.9,0.01,1164,2547659,买盘,002670,2025-10-17 22:58:48
09:36:06,21.95,0.05,6359,13948915,买盘,002670,2025-10-17 22:58:48
09:36:09,21.94,-0.01,2406,5284046,中性盘,002670,2025-10-17 22:58:48
09:36:12,21.95,0.01,2639,5798445,买盘,002670,2025-10-17 22:58:48
09:36:15,21.98,0.03,1384,3041458,买盘,002670,2025-10-17 22:58:48
09:36:18,21.99,0.01,2280,5010794,买盘,002670,2025-10-17 22:58:48
09:36:21,21.99,0.0,2714,5967980,买盘,002670,2025-10-17 22:58:48
09:36:24,22.0,0.01,2040,4486847,买盘,002670,2025-10-17 22:58:48
09:36:27,22.0,0.0,4223,9289342,买盘,002670,2025-10-17 22:58:48
09:36:30,22.0,0.0,3113,6847931,买盘,002670,2025-10-17 22:58:48
09:36:33,22.01,0.01,1253,2757359,买盘,002670,2025-10-17 22:58:48
09:36:36,22.05,0.04,1434,3159633,买盘,002670,2025-10-17 22:58:48
09:36:39,22.05,0.0,905,1995161,买盘,002670,2025-10-17 22:58:48
09:36:42,22.05,0.0,1677,3699386,中性盘,002670,2025-10-17 22:58:48
09:36:45,22.05,0.0,2254,4971092,卖盘,002670,2025-10-17 22:58:48
09:36:48,22.05,0.0,3303,7279711,中性盘,002670,2025-10-17 22:58:48
09:36:51,22.01,-0.04,2578,5682924,卖盘,002670,2025-10-17 22:58:48
09:36:54,22.0,-0.01,1767,3893559,卖盘,002670,2025-10-17 22:58:48
09:36:57,22.0,0.0,2259,4970595,卖盘,002670,2025-10-17 22:58:48
09:37:00,22.0,0.0,1376,3026559,买盘,002670,2025-10-17 22:58:48
09:37:03,21.99,-0.01,975,2144449,卖盘,002670,2025-10-17 22:58:48
09:37:06,21.97,-0.02,2660,5852465,卖盘,002670,2025-10-17 22:58:48
09:37:09,21.97,0.0,818,1798397,买盘,002670,2025-10-17 22:58:48
09:37:12,21.98,0.01,1967,4326387,买盘,002670,2025-10-17 22:58:48
09:37:15,21.97,-0.01,1769,3889060,卖盘,002670,2025-10-17 22:58:48
09:37:18,21.99,0.02,1833,4031097,买盘,002670,2025-10-17 22:58:48
09:37:21,21.92,-0.07,1080,2370942,卖盘,002670,2025-10-17 22:58:48
09:37:24,21.96,0.04,965,2119925,中性盘,002670,2025-10-17 22:58:48
09:37:27,21.92,-0.04,578,1269314,卖盘,002670,2025-10-17 22:58:48
09:37:30,21.96,0.04,509,1117417,中性盘,002670,2025-10-17 22:58:48
09:37:33,21.95,-0.01,306,671028,中性盘,002670,2025-10-17 22:58:48
09:37:36,21.93,-0.02,691,1516516,买盘,002670,2025-10-17 22:58:48
09:37:39,21.93,0.0,776,1702284,卖盘,002670,2025-10-17 22:58:48
09:37:42,21.94,0.01,882,1935440,中性盘,002670,2025-10-17 22:58:48
09:37:45,21.97,0.03,663,1455885,买盘,002670,2025-10-17 22:58:48
09:37:48,21.96,-0.01,667,1464705,卖盘,002670,2025-10-17 22:58:48
09:37:51,21.97,0.01,1709,3754118,买盘,002670,2025-10-17 22:58:48
09:37:54,22.0,0.03,1390,3056038,买盘,002670,2025-10-17 22:58:48
09:37:57,22.0,0.0,864,1899689,买盘,002670,2025-10-17 22:58:48
09:38:00,21.97,-0.03,1014,2230336,卖盘,002670,2025-10-17 22:58:48
09:38:03,22.0,0.03,1100,2420772,买盘,002670,2025-10-17 22:58:48
09:38:06,21.99,-0.01,672,1478434,卖盘,002670,2025-10-17 22:58:48
09:38:09,22.0,0.01,902,1984260,买盘,002670,2025-10-17 22:58:48
09:38:12,22.0,0.0,534,1174540,买盘,002670,2025-10-17 22:58:48
09:38:15,21.99,-0.01,870,1913448,卖盘,002670,2025-10-17 22:58:48
09:38:18,21.99,0.0,681,1497911,卖盘,002670,2025-10-17 22:58:48
09:38:21,21.99,0.0,596,1310510,买盘,002670,2025-10-17 22:58:48
09:38:24,21.98,-0.01,999,2195056,卖盘,002670,2025-10-17 22:58:48
09:38:27,21.94,-0.04,547,1200841,卖盘,002670,2025-10-17 22:58:48
09:38:30,21.93,-0.01,1158,2544855,卖盘,002670,2025-10-17 22:58:48
09:38:33,21.93,0.0,163,357593,卖盘,002670,2025-10-17 22:58:48
09:38:36,21.93,0.0,321,704411,卖盘,002670,2025-10-17 22:58:48
09:38:39,21.92,-0.01,506,1110266,卖盘,002670,2025-10-17 22:58:48
09:38:42,21.92,0.0,785,1720604,卖盘,002670,2025-10-17 22:58:48
09:38:45,21.93,0.01,474,1039554,买盘,002670,2025-10-17 22:58:48
09:38:48,21.92,-0.01,465,1019092,卖盘,002670,2025-10-17 22:58:48
09:38:51,21.92,0.0,532,1166187,买盘,002670,2025-10-17 22:58:48
09:38:54,21.92,0.0,583,1277971,卖盘,002670,2025-10-17 22:58:48
09:38:57,21.91,-0.01,1014,2221550,卖盘,002670,2025-10-17 22:58:48
09:39:00,21.9,-0.01,488,1069069,卖盘,002670,2025-10-17 22:58:48
09:39:03,21.9,0.0,382,836674,卖盘,002670,2025-10-17 22:58:48
09:39:06,21.94,0.04,3432,7531071,买盘,002670,2025-10-17 22:58:48
09:39:09,21.89,-0.05,1664,3648893,卖盘,002670,2025-10-17 22:58:48
09:39:12,21.99,0.1,1166,2556224,买盘,002670,2025-10-17 22:58:48
09:39:15,22.0,0.01,2406,5293336,买盘,002670,2025-10-17 22:58:48
09:39:18,22.02,0.02,991,2181956,买盘,002670,2025-10-17 22:58:48
09:39:21,22.03,0.01,1256,2766360,买盘,002670,2025-10-17 22:58:48
09:39:24,22.08,0.05,4012,8849568,买盘,002670,2025-10-17 22:58:48
09:39:27,22.09,0.01,720,1589614,买盘,002670,2025-10-17 22:58:48
09:39:30,22.1,0.01,880,1943818,买盘,002670,2025-10-17 22:58:48
09:39:33,22.1,0.0,1063,2348814,买盘,002670,2025-10-17 22:58:48
09:39:36,22.11,0.01,2256,4985588,买盘,002670,2025-10-17 22:58:48
09:39:39,22.12,0.01,899,1987577,买盘,002670,2025-10-17 22:58:48
09:39:42,22.13,0.01,1438,3180256,买盘,002670,2025-10-17 22:58:48
09:39:45,22.14,0.01,3852,8516848,买盘,002670,2025-10-17 22:58:48
09:39:48,22.13,-0.01,1627,3601289,中性盘,002670,2025-10-17 22:58:48
09:39:51,22.13,0.0,2819,6241717,卖盘,002670,2025-10-17 22:58:48
09:39:54,22.13,0.0,958,2121384,买盘,002670,2025-10-17 22:58:48
09:39:57,22.13,0.0,1960,4339213,卖盘,002670,2025-10-17 22:58:48
09:40:00,22.14,0.01,2254,4987784,买盘,002670,2025-10-17 22:58:48
09:40:03,22.14,0.0,1801,3986720,买盘,002670,2025-10-17 22:58:48
09:40:06,22.15,0.01,1083,2397915,买盘,002670,2025-10-17 22:58:48
09:40:09,22.14,-0.01,1098,2430288,买盘,002670,2025-10-17 22:58:48
09:40:12,22.13,-0.01,1302,2882430,卖盘,002670,2025-10-17 22:58:48
09:40:15,22.1,-0.03,1690,3738515,卖盘,002670,2025-10-17 22:58:48
09:40:18,22.0,-0.1,1637,3613567,卖盘,002670,2025-10-17 22:58:48
09:40:21,22.08,0.08,763,1683227,买盘,002670,2025-10-17 22:58:48
09:40:24,22.08,0.0,991,2182313,买盘,002670,2025-10-17 22:58:48
09:40:27,22.08,0.0,639,1409821,买盘,002670,2025-10-17 22:58:48
09:40:30,22.09,0.01,700,1544581,买盘,002670,2025-10-17 22:58:48
09:40:33,22.02,-0.07,533,1176125,卖盘,002670,2025-10-17 22:58:48
09:40:36,22.07,0.05,498,1098189,买盘,002670,2025-10-17 22:58:48
09:40:39,22.02,-0.05,371,817730,卖盘,002670,2025-10-17 22:58:48
09:40:42,22.05,0.03,550,1212063,买盘,002670,2025-10-17 22:58:48
09:40:45,22.03,-0.02,750,1652936,卖盘,002670,2025-10-17 22:58:48
09:40:48,22.02,-0.01,601,1323660,卖盘,002670,2025-10-17 22:58:48
09:40:51,22.01,-0.01,467,1028166,卖盘,002670,2025-10-17 22:58:48
09:40:54,22.01,0.0,726,1597449,买盘,002670,2025-10-17 22:58:48
09:40:57,22.0,-0.01,1433,3153434,卖盘,002670,2025-10-17 22:58:48
09:41:00,22.0,0.0,649,1427851,卖盘,002670,2025-10-17 22:58:48
09:41:03,22.0,0.0,239,525760,买盘,002670,2025-10-17 22:58:48
09:41:06,21.98,-0.02,721,1585633,卖盘,002670,2025-10-17 22:58:48
09:41:09,21.99,0.01,259,569352,买盘,002670,2025-10-17 22:58:48
09:41:12,21.97,-0.02,280,615030,卖盘,002670,2025-10-17 22:58:48
09:41:15,21.98,0.01,2070,4550297,买盘,002670,2025-10-17 22:58:48
09:41:18,22.05,0.07,6744,14860561,买盘,002670,2025-10-17 22:58:48
09:41:21,22.1,0.05,326,718765,买盘,002670,2025-10-17 22:58:48
09:41:24,22.05,-0.05,422,931701,中性盘,002670,2025-10-17 22:58:48
09:41:27,22.05,0.0,699,1542031,买盘,002670,2025-10-17 22:58:48
09:41:30,22.05,0.0,406,895979,卖盘,002670,2025-10-17 22:58:48
09:41:33,22.06,0.01,397,876144,买盘,002670,2025-10-17 22:58:48
09:41:36,22.1,0.04,634,1399859,买盘,002670,2025-10-17 22:58:48
09:41:39,22.09,-0.01,504,1113397,卖盘,002670,2025-10-17 22:58:48
09:41:42,22.09,0.0,948,2094075,卖盘,002670,2025-10-17 22:58:48
09:41:45,22.09,0.0,579,1278990,买盘,002670,2025-10-17 22:58:48
09:41:48,22.08,-0.01,806,1780007,卖盘,002670,2025-10-17 22:58:48
09:41:51,22.08,0.0,1060,2340596,买盘,002670,2025-10-17 22:58:48
09:41:54,22.07,-0.01,977,2156642,卖盘,002670,2025-10-17 22:58:48
09:41:57,22.06,-0.01,982,2166632,卖盘,002670,2025-10-17 22:58:48
09:42:00,22.06,0.0,370,816251,买盘,002670,2025-10-17 22:58:48
09:42:03,22.05,-0.01,562,1239001,卖盘,002670,2025-10-17 22:58:48
09:42:06,22.03,-0.02,1235,2722934,中性盘,002670,2025-10-17 22:58:48
09:42:09,22.02,-0.01,382,841498,卖盘,002670,2025-10-17 22:58:48
09:42:12,22.0,-0.02,1023,2253286,卖盘,002670,2025-10-17 22:58:48
09:42:15,22.0,0.0,582,1280649,卖盘,002670,2025-10-17 22:58:48
09:42:18,22.0,0.0,1059,2329249,卖盘,002670,2025-10-17 22:58:48
09:42:21,21.99,-0.01,415,912910,卖盘,002670,2025-10-17 22:58:48
09:42:24,21.97,-0.02,833,1831937,卖盘,002670,2025-10-17 22:58:48
09:42:27,21.97,0.0,649,1426313,卖盘,002670,2025-10-17 22:58:48
09:42:30,21.93,-0.04,571,1253385,卖盘,002670,2025-10-17 22:58:48
09:42:33,21.93,0.0,399,875327,卖盘,002670,2025-10-17 22:58:48
09:42:36,21.91,-0.02,330,723318,卖盘,002670,2025-10-17 22:58:48
09:42:39,21.91,0.0,732,1604137,卖盘,002670,2025-10-17 22:58:48
09:42:42,21.91,0.0,1232,2698865,买盘,002670,2025-10-17 22:58:48
09:42:45,21.9,-0.01,1102,2414310,卖盘,002670,2025-10-17 22:58:48
09:42:48,21.9,0.0,1380,3022178,卖盘,002670,2025-10-17 22:58:48
09:42:51,21.88,-0.02,659,1443368,卖盘,002670,2025-10-17 22:58:48
09:42:54,21.88,0.0,1092,2390065,卖盘,002670,2025-10-17 22:58:48
09:42:57,21.87,-0.01,481,1052015,卖盘,002670,2025-10-17 22:58:48
09:43:00,21.86,-0.01,1484,3246477,卖盘,002670,2025-10-17 22:58:48
09:43:03,21.86,0.0,1245,2721408,买盘,002670,2025-10-17 22:58:48
09:43:06,21.87,0.01,785,1715800,买盘,002670,2025-10-17 22:58:48
09:43:09,21.87,0.0,1862,4074560,卖盘,002670,2025-10-17 22:58:48
09:43:12,21.9,0.03,936,2049670,中性盘,002670,2025-10-17 22:58:48
09:43:15,21.95,0.05,557,1221537,买盘,002670,2025-10-17 22:58:48
09:43:18,21.92,-0.03,458,1005216,卖盘,002670,2025-10-17 22:58:48
09:43:21,22.01,0.09,1703,3743908,买盘,002670,2025-10-17 22:58:48
09:43:24,22.02,0.01,378,832028,买盘,002670,2025-10-17 22:58:48
09:43:27,22.05,0.03,674,1484676,买盘,002670,2025-10-17 22:58:48
09:43:30,22.03,-0.02,292,643187,中性盘,002670,2025-10-17 22:58:48
09:43:33,22.05,0.02,881,1942555,买盘,002670,2025-10-17 22:58:48
09:43:36,22.06,0.01,408,899672,买盘,002670,2025-10-17 22:58:48
09:43:39,22.06,0.0,775,1709386,买盘,002670,2025-10-17 22:58:48
09:43:42,22.05,-0.01,906,1997409,买盘,002670,2025-10-17 22:58:48
09:43:45,22.06,0.01,1261,2781324,买盘,002670,2025-10-17 22:58:48
09:43:48,22.06,0.0,653,1440410,卖盘,002670,2025-10-17 22:58:48
09:43:51,22.07,0.01,704,1552888,买盘,002670,2025-10-17 22:58:48
09:43:54,22.06,-0.01,821,1810805,买盘,002670,2025-10-17 22:58:48
09:43:57,22.05,-0.01,702,1548290,卖盘,002670,2025-10-17 22:58:48
09:44:00,22.04,-0.01,344,758469,卖盘,002670,2025-10-17 22:58:48
09:44:03,22.04,0.0,619,1364626,卖盘,002670,2025-10-17 22:58:48
09:44:06,22.03,-0.01,959,2113658,卖盘,002670,2025-10-17 22:58:48
09:44:09,22.03,0.0,780,1718661,卖盘,002670,2025-10-17 22:58:48
09:44:12,22.04,0.01,930,2049046,买盘,002670,2025-10-17 22:58:48
09:44:15,22.02,-0.02,1629,3590569,卖盘,002670,2025-10-17 22:58:48
09:44:18,22.02,0.0,432,951544,卖盘,002670,2025-10-17 22:58:48
09:44:21,22.01,-0.01,964,2122746,卖盘,002670,2025-10-17 22:58:48
09:44:24,22.01,0.0,592,1302872,卖盘,002670,2025-10-17 22:58:48
09:44:27,22.01,0.0,545,1199290,买盘,002670,2025-10-17 22:58:48
09:44:30,21.99,-0.02,402,884398,卖盘,002670,2025-10-17 22:58:48
09:44:33,22.01,0.02,7529,16603547,买盘,002670,2025-10-17 22:58:48
09:44:36,22.0,-0.01,524,1153681,卖盘,002670,2025-10-17 22:58:48
09:44:39,22.01,0.01,6441,14236935,中性盘,002670,2025-10-17 22:58:48
09:44:42,22.15,0.14,909,2007047,买盘,002670,2025-10-17 22:58:48
09:44:45,22.17,0.02,5023,11127878,买盘,002670,2025-10-17 22:58:48
09:44:48,22.21,0.04,5228,11602126,买盘,002670,2025-10-17 22:58:48
09:44:51,22.26,0.05,3603,8011532,买盘,002670,2025-10-17 22:58:48
09:44:54,22.28,0.02,1886,4202506,买盘,002670,2025-10-17 22:58:48
09:44:57,22.3,0.02,2002,4463945,买盘,002670,2025-10-17 22:58:48
09:45:00,22.33,0.03,1469,3277288,买盘,002670,2025-10-17 22:58:48
09:45:03,22.36,0.03,1260,2814286,买盘,002670,2025-10-17 22:58:48
09:45:06,22.36,0.0,1269,2836335,买盘,002670,2025-10-17 22:58:48
09:45:09,22.39,0.03,2452,5487077,买盘,002670,2025-10-17 22:58:48
09:45:12,22.38,-0.01,3502,7828918,卖盘,002670,2025-10-17 22:58:48
09:45:15,22.38,0.0,3866,8649595,买盘,002670,2025-10-17 22:58:48
09:45:18,22.37,-0.01,1450,3243192,中性盘,002670,2025-10-17 22:58:48
09:45:21,22.26,-0.11,2566,5727471,卖盘,002670,2025-10-17 22:58:48
09:45:24,22.27,0.01,1032,2299041,买盘,002670,2025-10-17 22:58:48
09:45:27,22.25,-0.02,1299,2891894,中性盘,002670,2025-10-17 22:58:48
09:45:30,22.26,0.01,1193,2655302,中性盘,002670,2025-10-17 22:58:48
09:45:33,22.26,0.0,1001,2226930,卖盘,002670,2025-10-17 22:58:48
09:45:36,22.25,-0.01,699,1556572,中性盘,002670,2025-10-17 22:58:48
09:45:39,22.23,-0.02,749,1666464,中性盘,002670,2025-10-17 22:58:48
09:45:42,22.25,0.02,1432,3186582,买盘,002670,2025-10-17 22:58:48
09:45:45,22.23,-0.02,1239,2756973,卖盘,002670,2025-10-17 22:58:48
09:45:48,22.26,0.03,1375,3059648,买盘,002670,2025-10-17 22:58:48
09:45:51,22.24,-0.02,1405,3125221,卖盘,002670,2025-10-17 22:58:48
09:45:54,22.26,0.02,886,1971346,买盘,002670,2025-10-17 22:58:48
09:45:57,22.24,-0.02,871,1937496,卖盘,002670,2025-10-17 22:58:48
09:46:00,22.24,0.0,1062,2362257,买盘,002670,2025-10-17 22:58:48
09:46:03,22.23,-0.01,365,811498,卖盘,002670,2025-10-17 22:58:48
09:46:06,22.23,0.0,331,735725,买盘,002670,2025-10-17 22:58:48
09:46:09,22.21,-0.02,680,1510847,卖盘,002670,2025-10-17 22:58:48
09:46:12,22.2,-0.01,731,1623448,卖盘,002670,2025-10-17 22:58:48
09:46:15,22.19,-0.01,634,1406644,卖盘,002670,2025-10-17 22:58:48
09:46:18,22.15,-0.04,412,913856,卖盘,002670,2025-10-17 22:58:48
09:46:21,22.17,0.02,1092,2419595,中性盘,002670,2025-10-17 22:58:48
09:46:24,22.24,0.07,3453,7669699,买盘,002670,2025-10-17 22:58:48
09:46:27,22.24,0.0,444,987385,卖盘,002670,2025-10-17 22:58:48
09:46:30,22.24,0.0,1399,3110802,买盘,002670,2025-10-17 22:58:48
09:46:33,22.22,-0.02,1100,2446460,卖盘,002670,2025-10-17 22:58:48
09:46:36,22.23,0.01,859,1910497,卖盘,002670,2025-10-17 22:58:48
09:46:39,22.24,0.01,728,1619161,买盘,002670,2025-10-17 22:58:48
09:46:42,22.23,-0.01,1293,2873746,中性盘,002670,2025-10-17 22:58:48
09:46:45,22.22,-0.01,691,1536109,卖盘,002670,2025-10-17 22:58:48
09:46:48,22.2,-0.02,362,804078,卖盘,002670,2025-10-17 22:58:48
09:46:51,22.2,0.0,373,828472,卖盘,002670,2025-10-17 22:58:48
09:46:54,22.17,-0.03,245,543643,卖盘,002670,2025-10-17 22:58:48
09:46:57,22.16,-0.01,503,1115744,卖盘,002670,2025-10-17 22:58:48
09:47:00,22.13,-0.03,439,973002,卖盘,002670,2025-10-17 22:58:48
09:47:03,22.12,-0.01,301,665998,卖盘,002670,2025-10-17 22:58:48
09:47:06,22.12,0.0,414,915113,买盘,002670,2025-10-17 22:58:48
09:47:09,22.1,-0.02,881,1949029,买盘,002670,2025-10-17 22:58:48
09:47:12,22.04,-0.06,677,1494906,卖盘,002670,2025-10-17 22:58:48
09:47:15,22.09,0.05,612,1350452,买盘,002670,2025-10-17 22:58:48
09:47:18,22.07,-0.02,896,1977207,中性盘,002670,2025-10-17 22:58:48
09:47:21,22.05,-0.02,627,1383093,卖盘,002670,2025-10-17 22:58:48
09:47:24,22.07,0.02,417,920658,买盘,002670,2025-10-17 22:58:48
09:47:27,22.07,0.0,656,1448206,卖盘,002670,2025-10-17 22:58:48
09:47:30,22.07,0.0,485,1070217,买盘,002670,2025-10-17 22:58:48
09:47:33,22.05,-0.02,467,1030539,卖盘,002670,2025-10-17 22:58:48
09:47:36,22.05,0.0,549,1211061,卖盘,002670,2025-10-17 22:58:48
09:47:39,22.07,0.02,380,838186,买盘,002670,2025-10-17 22:58:48
09:47:42,22.05,-0.02,572,1261670,卖盘,002670,2025-10-17 22:58:48
09:47:45,22.05,0.0,662,1459671,买盘,002670,2025-10-17 22:58:48
09:47:48,22.04,-0.01,433,954328,卖盘,002670,2025-10-17 22:58:48
09:47:51,22.03,-0.01,428,943188,卖盘,002670,2025-10-17 22:58:48
09:47:54,22.03,0.0,561,1235952,卖盘,002670,2025-10-17 22:58:48
09:47:57,22.03,0.0,503,1108060,买盘,002670,2025-10-17 22:58:48
09:48:00,22.03,0.0,401,883210,卖盘,002670,2025-10-17 22:58:48
09:48:03,22.04,0.01,528,1163060,买盘,002670,2025-10-17 22:58:48
09:48:06,22.05,0.01,790,1740172,买盘,002670,2025-10-17 22:58:48
09:48:09,22.06,0.01,1169,2579364,买盘,002670,2025-10-17 22:58:48
09:48:12,22.08,0.02,726,1603691,中性盘,002670,2025-10-17 22:58:48
09:48:15,22.14,0.06,119,263229,买盘,002670,2025-10-17 22:58:48
09:48:18,22.13,-0.01,267,590965,卖盘,002670,2025-10-17 22:58:48
09:48:21,22.14,0.01,656,1452022,买盘,002670,2025-10-17 22:58:48
09:48:24,22.14,0.0,515,1140106,买盘,002670,2025-10-17 22:58:48
09:48:27,22.15,0.01,392,868074,买盘,002670,2025-10-17 22:58:48
09:48:30,22.15,0.0,492,1090203,卖盘,002670,2025-10-17 22:58:48
09:48:33,22.16,0.01,541,1198938,买盘,002670,2025-10-17 22:58:48
09:48:36,22.16,0.0,418,926431,卖盘,002670,2025-10-17 22:58:48
09:48:39,22.17,0.01,934,2070783,买盘,002670,2025-10-17 22:58:48
09:48:42,22.18,0.01,632,1400765,买盘,002670,2025-10-17 22:58:48
09:48:45,22.18,0.0,998,2213913,卖盘,002670,2025-10-17 22:58:48
09:48:48,22.19,0.01,678,1504814,买盘,002670,2025-10-17 22:58:48
09:48:51,22.2,0.01,458,1016544,买盘,002670,2025-10-17 22:58:48
09:48:54,22.2,0.0,393,872517,买盘,002670,2025-10-17 22:58:48
09:48:57,22.2,0.0,549,1219071,卖盘,002670,2025-10-17 22:58:48
09:49:00,22.2,0.0,1388,3083027,卖盘,002670,2025-10-17 22:58:48
09:49:03,22.22,0.02,1992,4423580,买盘,002670,2025-10-17 22:58:48
09:49:06,22.22,0.0,1107,2459825,卖盘,002670,2025-10-17 22:58:48
09:49:09,22.23,0.01,1187,2638332,买盘,002670,2025-10-17 22:58:48
09:49:12,22.23,0.0,695,1545014,卖盘,002670,2025-10-17 22:58:48
09:49:15,22.22,-0.01,1671,3712989,卖盘,002670,2025-10-17 22:58:48
09:49:18,22.2,-0.02,1252,2779882,卖盘,002670,2025-10-17 22:58:48
09:49:21,22.21,0.01,805,1786880,买盘,002670,2025-10-17 22:58:48
09:49:24,22.18,-0.03,696,1543523,卖盘,002670,2025-10-17 22:58:48
09:49:27,22.17,-0.01,671,1488119,卖盘,002670,2025-10-17 22:58:48
09:49:30,22.17,0.0,281,622852,卖盘,002670,2025-10-17 22:58:48
09:49:33,22.16,-0.01,663,1469307,卖盘,002670,2025-10-17 22:58:48
09:49:36,22.16,0.0,469,1039429,卖盘,002670,2025-10-17 22:58:48
09:49:39,22.16,0.0,168,372205,买盘,002670,2025-10-17 22:58:48
09:49:42,22.14,-0.02,1118,2476506,卖盘,002670,2025-10-17 22:58:48
09:49:45,22.13,-0.01,539,1193738,卖盘,002670,2025-10-17 22:58:48
09:49:48,22.13,0.0,298,659426,卖盘,002670,2025-10-17 22:58:48
09:49:51,22.11,-0.02,192,424567,卖盘,002670,2025-10-17 22:58:48
09:49:54,22.11,0.0,723,1598547,买盘,002670,2025-10-17 22:58:48
09:49:57,22.1,-0.01,467,1032143,卖盘,002670,2025-10-17 22:58:48
09:50:00,22.08,-0.02,340,751142,卖盘,002670,2025-10-17 22:58:48
09:50:03,22.08,0.0,208,459390,卖盘,002670,2025-10-17 22:58:48
09:50:06,22.07,-0.01,506,1117211,卖盘,002670,2025-10-17 22:58:48
09:50:09,22.05,-0.02,335,739155,卖盘,002670,2025-10-17 22:58:48
09:50:12,22.05,0.0,191,421250,卖盘,002670,2025-10-17 22:58:48
09:50:15,22.05,0.0,944,2082309,买盘,002670,2025-10-17 22:58:48
09:50:18,22.04,-0.01,626,1380297,卖盘,002670,2025-10-17 22:58:48
09:50:21,22.04,0.0,569,1254318,卖盘,002670,2025-10-17 22:58:48
09:50:24,22.04,0.0,616,1357471,买盘,002670,2025-10-17 22:58:48
09:50:27,22.04,0.0,715,1576036,卖盘,002670,2025-10-17 22:58:48
09:50:30,22.04,0.0,915,2017977,卖盘,002670,2025-10-17 22:58:48
09:50:33,22.05,0.01,426,939267,中性盘,002670,2025-10-17 22:58:48
09:50:36,22.1,0.05,643,1418097,买盘,002670,2025-10-17 22:58:48
09:50:39,22.07,-0.03,199,439160,买盘,002670,2025-10-17 22:58:48
09:50:42,22.15,0.08,1120,2478184,买盘,002670,2025-10-17 22:58:48
09:50:45,22.15,0.0,621,1375685,卖盘,002670,2025-10-17 22:58:48
09:50:48,22.15,0.0,364,806474,卖盘,002670,2025-10-17 22:58:48
09:50:51,22.2,0.05,3618,8027837,买盘,002670,2025-10-17 22:58:48
09:50:54,22.21,0.01,409,908342,中性盘,002670,2025-10-17 22:58:48
09:50:57,22.21,0.0,208,462255,卖盘,002670,2025-10-17 22:58:48
09:51:00,22.23,0.02,3263,7262999,买盘,002670,2025-10-17 22:58:48
09:51:03,22.23,0.0,646,1437024,买盘,002670,2025-10-17 22:58:48
09:51:06,22.28,0.05,254,565080,买盘,002670,2025-10-17 22:58:48
09:51:09,22.27,-0.01,761,1695580,中性盘,002670,2025-10-17 22:58:48
09:51:12,22.28,0.01,423,942181,卖盘,002670,2025-10-17 22:58:48
09:51:15,22.25,-0.03,3218,7155467,中性盘,002670,2025-10-17 22:58:48
09:51:18,22.24,-0.01,488,1084362,中性盘,002670,2025-10-17 22:58:48
09:51:21,22.2,-0.04,282,626184,中性盘,002670,2025-10-17 22:58:48
09:51:24,22.16,-0.04,581,1289448,卖盘,002670,2025-10-17 22:58:48
09:51:27,22.16,0.0,493,1092408,买盘,002670,2025-10-17 22:58:48
09:51:30,22.15,-0.01,255,564601,中性盘,002670,2025-10-17 22:58:48
09:51:33,22.15,0.0,334,739489,买盘,002670,2025-10-17 22:58:48
09:51:36,22.15,0.0,393,869774,买盘,002670,2025-10-17 22:58:48
09:51:39,22.12,-0.03,238,526743,卖盘,002670,2025-10-17 22:58:48
09:51:42,22.11,-0.01,310,685768,卖盘,002670,2025-10-17 22:58:48
09:51:45,22.09,-0.02,566,1251597,卖盘,002670,2025-10-17 22:58:48
09:51:48,22.09,0.0,178,393309,卖盘,002670,2025-10-17 22:58:48
09:51:51,22.09,0.0,325,717655,卖盘,002670,2025-10-17 22:58:48
09:51:54,22.09,0.0,219,483685,买盘,002670,2025-10-17 22:58:48
09:51:57,22.08,-0.01,321,708649,中性盘,002670,2025-10-17 22:58:48
09:52:00,22.07,-0.01,234,516655,卖盘,002670,2025-10-17 22:58:48
09:52:03,22.06,-0.01,682,1504425,卖盘,002670,2025-10-17 22:58:48
09:52:06,22.06,0.0,286,630721,买盘,002670,2025-10-17 22:58:48
09:52:09,22.05,-0.01,576,1269733,买盘,002670,2025-10-17 22:58:48
09:52:12,22.04,-0.01,1194,2632483,卖盘,002670,2025-10-17 22:58:48
09:52:15,22.05,0.01,512,1128611,买盘,002670,2025-10-17 22:58:48
09:52:18,22.05,0.0,558,1230002,买盘,002670,2025-10-17 22:58:48
09:52:21,22.05,0.0,510,1124525,卖盘,002670,2025-10-17 22:58:48
09:52:24,22.05,0.0,686,1512571,卖盘,002670,2025-10-17 22:58:48
09:52:27,22.05,0.0,546,1204050,卖盘,002670,2025-10-17 22:58:48
09:52:30,22.05,0.0,525,1157588,卖盘,002670,2025-10-17 22:58:48
09:52:33,22.06,0.01,348,767462,买盘,002670,2025-10-17 22:58:48
09:52:36,22.05,-0.01,334,736665,中性盘,002670,2025-10-17 22:58:48
09:52:39,22.1,0.05,2483,5484968,买盘,002670,2025-10-17 22:58:48
09:52:42,22.1,0.0,179,395698,卖盘,002670,2025-10-17 22:58:48
09:52:45,22.12,0.02,107,236624,买盘,002670,2025-10-17 22:58:48
09:52:48,22.12,0.0,262,579528,卖盘,002670,2025-10-17 22:58:48
09:52:51,22.13,0.01,216,478056,买盘,002670,2025-10-17 22:58:48
09:52:54,22.14,0.01,74,163783,买盘,002670,2025-10-17 22:58:48
09:52:57,22.14,0.0,277,613478,卖盘,002670,2025-10-17 22:58:48
09:53:00,22.15,0.01,490,1085296,买盘,002670,2025-10-17 22:58:48
09:53:03,22.15,0.0,365,808717,卖盘,002670,2025-10-17 22:58:48
09:53:06,22.16,0.01,451,999441,买盘,002670,2025-10-17 22:58:48
09:53:09,22.18,0.02,294,651610,买盘,002670,2025-10-17 22:58:48
09:53:12,22.19,0.01,245,543449,买盘,002670,2025-10-17 22:58:48
09:53:15,22.18,-0.01,491,1089398,卖盘,002670,2025-10-17 22:58:48
09:53:18,22.18,0.0,565,1253902,买盘,002670,2025-10-17 22:58:48
09:53:21,22.18,0.0,649,1439390,卖盘,002670,2025-10-17 22:58:48
09:53:24,22.16,-0.02,135,299313,卖盘,002670,2025-10-17 22:58:48
09:53:27,22.16,0.0,762,1688703,卖盘,002670,2025-10-17 22:58:48
09:53:30,22.16,0.0,389,862382,买盘,002670,2025-10-17 22:58:48
09:53:33,22.15,-0.01,767,1698678,卖盘,002670,2025-10-17 22:58:48
09:53:36,22.13,-0.02,212,469494,卖盘,002670,2025-10-17 22:58:48
09:53:39,22.14,0.01,195,431707,买盘,002670,2025-10-17 22:58:48
09:53:42,22.13,-0.01,802,1773571,卖盘,002670,2025-10-17 22:58:48
09:53:45,22.13,0.0,216,477892,买盘,002670,2025-10-17 22:58:48
09:53:48,22.13,0.0,419,926402,买盘,002670,2025-10-17 22:58:48
09:53:51,22.1,-0.03,777,1717866,卖盘,002670,2025-10-17 22:58:48
09:53:54,22.1,0.0,618,1366642,卖盘,002670,2025-10-17 22:58:48
09:53:57,22.1,0.0,80,176772,买盘,002670,2025-10-17 22:58:48
09:54:00,22.08,-0.02,267,589779,卖盘,002670,2025-10-17 22:58:48
09:54:03,22.07,-0.01,349,770153,卖盘,002670,2025-10-17 22:58:48
09:54:06,22.06,-0.01,248,547292,卖盘,002670,2025-10-17 22:58:48
09:54:09,22.06,0.0,423,933156,卖盘,002670,2025-10-17 22:58:48
09:54:12,22.05,-0.01,579,1276873,卖盘,002670,2025-10-17 22:58:48
09:54:15,22.04,-0.01,217,478329,卖盘,002670,2025-10-17 22:58:48
09:54:18,22.04,0.0,353,777965,卖盘,002670,2025-10-17 22:58:48
09:54:21,22.04,0.0,101,222547,买盘,002670,2025-10-17 22:58:48
09:54:24,22.03,-0.01,715,1575102,卖盘,002670,2025-10-17 22:58:48
09:54:27,22.02,-0.01,684,1506382,卖盘,002670,2025-10-17 22:58:48
09:54:30,22.01,-0.01,175,385218,卖盘,002670,2025-10-17 22:58:48
09:54:33,22.02,0.01,660,1452722,买盘,002670,2025-10-17 22:58:48
09:54:36,22.01,-0.01,861,1894819,卖盘,002670,2025-10-17 22:58:48
09:54:39,22.0,-0.01,2079,4574238,卖盘,002670,2025-10-17 22:58:48
09:54:42,22.0,0.0,1537,3381621,卖盘,002670,2025-10-17 22:58:48
09:54:45,21.99,-0.01,358,787638,卖盘,002670,2025-10-17 22:58:48
09:54:48,22.0,0.01,704,1547877,买盘,002670,2025-10-17 22:58:48
09:54:51,21.97,-0.03,706,1550975,卖盘,002670,2025-10-17 22:58:48
09:54:54,21.98,0.01,131,287798,买盘,002670,2025-10-17 22:58:48
09:54:57,21.95,-0.03,629,1381171,卖盘,002670,2025-10-17 22:58:48
09:55:00,21.96,0.01,786,1726301,中性盘,002670,2025-10-17 22:58:48
09:55:03,21.98,0.02,691,1517716,买盘,002670,2025-10-17 22:58:48
09:55:06,21.98,0.0,696,1530450,卖盘,002670,2025-10-17 22:58:48
09:55:09,21.99,0.01,566,1244052,中性盘,002670,2025-10-17 22:58:48
09:55:12,22.0,0.01,1442,3171974,买盘,002670,2025-10-17 22:58:48
09:55:15,22.05,0.05,2250,4961032,买盘,002670,2025-10-17 22:58:48
09:55:18,22.15,0.1,395,872929,买盘,002670,2025-10-17 22:58:48
09:55:21,22.15,0.0,209,462575,买盘,002670,2025-10-17 22:58:48
09:55:24,22.15,0.0,848,1877839,买盘,002670,2025-10-17 22:58:48
09:55:27,22.15,0.0,289,639873,买盘,002670,2025-10-17 22:58:48
09:55:30,22.15,0.0,329,728460,买盘,002670,2025-10-17 22:58:48
09:55:33,22.12,-0.03,505,1118369,中性盘,002670,2025-10-17 22:58:48
09:55:36,22.12,0.0,210,464308,买盘,002670,2025-10-17 22:58:48
09:55:39,22.11,-0.01,234,517723,卖盘,002670,2025-10-17 22:58:48
09:55:42,22.12,0.01,252,557675,买盘,002670,2025-10-17 22:58:48
09:55:45,22.11,-0.01,306,676628,卖盘,002670,2025-10-17 22:58:48
09:55:48,22.1,-0.01,505,1116378,卖盘,002670,2025-10-17 22:58:48
09:55:51,22.1,0.0,840,1855965,卖盘,002670,2025-10-17 22:58:48
09:55:54,22.09,-0.01,215,475214,中性盘,002670,2025-10-17 22:58:48
09:55:57,22.07,-0.02,229,505835,卖盘,002670,2025-10-17 22:58:48
09:56:00,22.07,0.0,203,448008,买盘,002670,2025-10-17 22:58:48
09:56:03,22.07,0.0,240,529836,卖盘,002670,2025-10-17 22:58:48
09:56:06,22.06,-0.01,106,233902,中性盘,002670,2025-10-17 22:58:48
09:56:09,22.05,-0.01,358,789853,卖盘,002670,2025-10-17 22:58:48
09:56:12,22.02,-0.03,229,504758,卖盘,002670,2025-10-17 22:58:48
09:56:15,22.02,0.0,124,273142,卖盘,002670,2025-10-17 22:58:48
09:56:18,22.02,0.0,954,2100875,卖盘,002670,2025-10-17 22:58:48
09:56:21,22.02,0.0,110,242273,卖盘,002670,2025-10-17 22:58:48
09:56:24,22.02,0.0,302,664954,买盘,002670,2025-10-17 22:58:48
09:56:27,22.01,-0.01,550,1211760,卖盘,002670,2025-10-17 22:58:48
09:56:30,22.01,0.0,166,365414,买盘,002670,2025-10-17 22:58:48
09:56:33,22.0,-0.01,534,1175298,卖盘,002670,2025-10-17 22:58:48
09:56:36,22.01,0.01,353,776784,中性盘,002670,2025-10-17 22:58:48
09:56:39,22.01,0.0,709,1560229,卖盘,002670,2025-10-17 22:58:48
09:56:42,22.0,-0.01,392,862917,卖盘,002670,2025-10-17 22:58:48
09:56:45,22.01,0.01,299,658066,买盘,002670,2025-10-17 22:58:48
09:56:48,22.01,0.0,310,682192,买盘,002670,2025-10-17 22:58:48
09:56:51,22.02,0.01,305,671187,买盘,002670,2025-10-17 22:58:48
09:56:54,22.02,0.0,401,882539,买盘,002670,2025-10-17 22:58:48
09:56:57,22.03,0.01,210,462485,买盘,002670,2025-10-17 22:58:48
09:57:00,22.05,0.02,228,501078,买盘,002670,2025-10-17 22:58:48
09:57:03,22.05,0.0,87,191782,买盘,002670,2025-10-17 22:58:48
09:57:06,22.04,-0.01,119,262296,卖盘,002670,2025-10-17 22:58:48
09:57:09,22.05,0.01,327,720755,买盘,002670,2025-10-17 22:58:48
09:57:12,22.05,0.0,226,498280,买盘,002670,2025-10-17 22:58:48
09:57:15,22.06,0.01,240,529241,买盘,002670,2025-10-17 22:58:48
09:57:18,22.07,0.01,404,891171,买盘,002670,2025-10-17 22:58:48
09:57:21,22.07,0.0,456,1006357,买盘,002670,2025-10-17 22:58:48
09:57:24,22.09,0.02,111,245053,买盘,002670,2025-10-17 22:58:48
09:57:27,22.08,-0.01,173,382134,卖盘,002670,2025-10-17 22:58:48
09:57:30,22.1,0.02,469,1036456,买盘,002670,2025-10-17 22:58:48
09:57:33,22.11,0.01,461,1018812,买盘,002670,2025-10-17 22:58:48
09:57:36,22.12,0.01,82,181364,买盘,002670,2025-10-17 22:58:48
09:57:39,22.12,0.0,231,511000,买盘,002670,2025-10-17 22:58:48
09:57:42,22.12,0.0,407,900760,卖盘,002670,2025-10-17 22:58:48
09:57:45,22.13,0.01,208,460280,中性盘,002670,2025-10-17 22:58:48
09:57:48,22.14,0.01,277,613079,买盘,002670,2025-10-17 22:58:48
09:57:51,22.14,0.0,462,1023020,卖盘,002670,2025-10-17 22:58:48
09:57:54,22.15,0.01,1062,2352131,买盘,002670,2025-10-17 22:58:48
09:57:57,22.14,-0.01,358,792703,卖盘,002670,2025-10-17 22:58:48
09:58:00,22.16,0.02,1665,3687167,买盘,002670,2025-10-17 22:58:48
09:58:03,22.15,-0.01,375,830402,买盘,002670,2025-10-17 22:58:48
09:58:06,22.14,-0.01,1049,2322466,卖盘,002670,2025-10-17 22:58:48
09:58:09,22.12,-0.02,175,387444,卖盘,002670,2025-10-17 22:58:48
09:58:12,22.12,0.0,189,418422,卖盘,002670,2025-10-17 22:58:48
09:58:15,22.1,-0.02,193,426881,卖盘,002670,2025-10-17 22:58:48
09:58:18,22.12,0.02,200,442329,买盘,002670,2025-10-17 22:58:48
09:58:21,22.11,-0.01,371,819955,卖盘,002670,2025-10-17 22:58:48
09:58:24,22.11,0.0,165,364732,买盘,002670,2025-10-17 22:58:48
09:58:27,22.1,-0.01,226,499497,卖盘,002670,2025-10-17 22:58:48
09:58:30,22.08,-0.02,140,309241,卖盘,002670,2025-10-17 22:58:48
09:58:33,22.08,0.0,108,238568,卖盘,002670,2025-10-17 22:58:48
09:58:36,22.07,-0.01,313,691173,卖盘,002670,2025-10-17 22:58:48
09:58:39,22.08,0.01,241,532125,买盘,002670,2025-10-17 22:58:48
09:58:42,22.08,0.0,128,282625,买盘,002670,2025-10-17 22:58:48
09:58:45,22.09,0.01,465,1026903,买盘,002670,2025-10-17 22:58:48
09:58:48,22.09,0.0,245,541312,卖盘,002670,2025-10-17 22:58:48
09:58:51,22.1,0.01,541,1195436,买盘,002670,2025-10-17 22:58:48
09:58:54,22.11,0.01,632,1396395,买盘,002670,2025-10-17 22:58:48
09:58:57,22.11,0.0,324,716145,买盘,002670,2025-10-17 22:58:48
09:59:00,22.11,0.0,291,643229,买盘,002670,2025-10-17 22:58:48
09:59:03,22.09,-0.02,270,596814,卖盘,002670,2025-10-17 22:58:48
09:59:06,22.1,0.01,261,576996,中性盘,002670,2025-10-17 22:58:48
09:59:09,22.1,0.0,112,247556,卖盘,002670,2025-10-17 22:58:48
09:59:12,22.11,0.01,987,2182366,买盘,002670,2025-10-17 22:58:48
09:59:15,22.1,-0.01,334,738365,卖盘,002670,2025-10-17 22:58:48
09:59:18,22.12,0.02,384,849260,买盘,002670,2025-10-17 22:58:48
09:59:21,22.11,-0.01,124,274217,卖盘,002670,2025-10-17 22:58:48
09:59:24,22.11,0.0,81,179059,卖盘,002670,2025-10-17 22:58:48
09:59:27,22.11,0.0,452,999381,卖盘,002670,2025-10-17 22:58:48
09:59:30,22.12,0.01,340,751853,买盘,002670,2025-10-17 22:58:48
09:59:33,22.11,-0.01,290,641345,卖盘,002670,2025-10-17 22:58:48
09:59:36,22.12,0.01,216,477780,中性盘,002670,2025-10-17 22:58:48
09:59:39,22.13,0.01,447,989127,买盘,002670,2025-10-17 22:58:48
09:59:42,22.13,0.0,167,369575,卖盘,002670,2025-10-17 22:58:48
09:59:45,22.12,-0.01,482,1066827,卖盘,002670,2025-10-17 22:58:48
09:59:48,22.13,0.01,275,608531,买盘,002670,2025-10-17 22:58:48
09:59:51,22.13,0.0,156,345126,买盘,002670,2025-10-17 22:58:48
09:59:54,22.11,-0.02,186,411583,卖盘,002670,2025-10-17 22:58:48
09:59:57,22.13,0.02,103,227882,卖盘,002670,2025-10-17 22:58:48
10:00:00,22.12,-0.01,582,1287695,卖盘,002670,2025-10-17 22:58:48
10:00:03,22.13,0.01,190,420421,中性盘,002670,2025-10-17 22:58:48
10:00:06,22.09,-0.04,733,1620064,卖盘,002670,2025-10-17 22:58:48
10:00:09,22.11,0.02,391,864429,买盘,002670,2025-10-17 22:58:48
10:00:12,22.09,-0.02,296,654584,中性盘,002670,2025-10-17 22:58:48
10:00:15,22.09,0.0,600,1325439,卖盘,002670,2025-10-17 22:58:48
10:00:18,22.1,0.01,171,377602,中性盘,002670,2025-10-17 22:58:48
10:00:21,22.07,-0.03,221,487931,卖盘,002670,2025-10-17 22:58:48
10:00:24,22.06,-0.01,738,1630591,卖盘,002670,2025-10-17 22:58:48
10:00:27,22.06,0.0,249,549429,卖盘,002670,2025-10-17 22:58:48
10:00:30,22.06,0.0,502,1106807,买盘,002670,2025-10-17 22:58:48
10:00:33,22.06,0.0,114,251408,买盘,002670,2025-10-17 22:58:48
10:00:36,22.06,0.0,141,310747,买盘,002670,2025-10-17 22:58:48
10:00:39,22.06,0.0,617,1360704,买盘,002670,2025-10-17 22:58:48
10:00:42,22.03,-0.03,175,385789,卖盘,002670,2025-10-17 22:58:48
10:00:45,22.03,0.0,144,317341,卖盘,002670,2025-10-17 22:58:48
10:00:48,22.03,0.0,111,244532,买盘,002670,2025-10-17 22:58:48
10:00:51,22.02,-0.01,347,764110,卖盘,002670,2025-10-17 22:58:48
10:00:54,22.02,0.0,217,477856,卖盘,002670,2025-10-17 22:58:48
10:00:57,22.02,0.0,96,211312,买盘,002670,2025-10-17 22:58:48
10:01:00,22.01,-0.01,307,675816,卖盘,002670,2025-10-17 22:58:48
10:01:03,22.0,-0.01,248,545828,卖盘,002670,2025-10-17 22:58:48
10:01:06,22.01,0.01,384,845091,买盘,002670,2025-10-17 22:58:48
10:01:09,22.0,-0.01,767,1687227,卖盘,002670,2025-10-17 22:58:48
10:01:12,22.0,0.0,974,2143737,买盘,002670,2025-10-17 22:58:48
10:01:15,22.0,0.0,133,292578,买盘,002670,2025-10-17 22:58:48
10:01:18,21.99,-0.01,299,657621,卖盘,002670,2025-10-17 22:58:48
10:01:21,21.99,0.0,270,593811,卖盘,002670,2025-10-17 22:58:48
10:01:24,21.98,-0.01,268,589303,卖盘,002670,2025-10-17 22:58:48
10:01:27,21.99,0.01,192,422094,买盘,002670,2025-10-17 22:58:48
10:01:30,21.98,-0.01,357,784802,卖盘,002670,2025-10-17 22:58:48
10:01:33,21.98,0.0,83,182434,卖盘,002670,2025-10-17 22:58:48
10:01:36,21.98,0.0,187,410980,买盘,002670,2025-10-17 22:58:48
10:01:39,21.97,-0.01,240,527390,卖盘,002670,2025-10-17 22:58:48
10:01:42,21.97,0.0,313,687826,卖盘,002670,2025-10-17 22:58:48
10:01:45,21.97,0.0,453,995375,卖盘,002670,2025-10-17 22:58:48
10:01:48,21.97,0.0,82,180133,买盘,002670,2025-10-17 22:58:48
10:01:51,21.97,0.0,308,676639,买盘,002670,2025-10-17 22:58:48
10:01:54,21.97,0.0,259,568898,买盘,002670,2025-10-17 22:58:48
10:01:57,21.97,0.0,558,1225749,买盘,002670,2025-10-17 22:58:48
10:02:00,21.97,0.0,261,574317,买盘,002670,2025-10-17 22:58:48
10:02:03,21.97,0.0,171,375698,卖盘,002670,2025-10-17 22:58:48
10:02:06,21.98,0.01,390,856806,买盘,002670,2025-10-17 22:58:48
10:02:09,21.97,-0.01,269,591071,买盘,002670,2025-10-17 22:58:48
10:02:12,21.99,0.02,207,454834,买盘,002670,2025-10-17 22:58:48
10:02:15,21.99,0.0,266,584721,买盘,002670,2025-10-17 22:58:48
10:02:18,21.98,-0.01,221,485895,卖盘,002670,2025-10-17 22:58:48
10:02:21,22.0,0.02,516,1134920,买盘,002670,2025-10-17 22:58:48
10:02:24,22.01,0.01,209,459823,买盘,002670,2025-10-17 22:58:48
10:02:27,22.02,0.01,114,250910,买盘,002670,2025-10-17 22:58:48
10:02:30,22.02,0.0,146,321500,买盘,002670,2025-10-17 22:58:48
10:02:33,22.03,0.01,170,374517,买盘,002670,2025-10-17 22:58:48
10:02:36,22.05,0.02,38,83735,买盘,002670,2025-10-17 22:58:48
10:02:39,22.05,0.0,121,267598,买盘,002670,2025-10-17 22:58:48
10:02:42,22.06,0.01,174,383752,买盘,002670,2025-10-17 22:58:48
10:02:45,22.07,0.01,284,626506,买盘,002670,2025-10-17 22:58:48
10:02:48,22.08,0.01,126,278197,买盘,002670,2025-10-17 22:58:48
10:02:51,22.08,0.0,75,165591,买盘,002670,2025-10-17 22:58:48
10:02:54,22.1,0.02,291,642757,买盘,002670,2025-10-17 22:58:48
10:02:57,22.1,0.0,349,771207,买盘,002670,2025-10-17 22:58:48
10:03:00,22.1,0.0,129,285075,买盘,002670,2025-10-17 22:58:48
10:03:03,22.11,0.01,104,229906,买盘,002670,2025-10-17 22:58:48
10:03:06,22.1,-0.01,528,1166930,卖盘,002670,2025-10-17 22:58:48
10:03:09,22.1,0.0,199,439762,买盘,002670,2025-10-17 22:58:48
10:03:12,22.11,0.01,365,806889,买盘,002670,2025-10-17 22:58:48
10:03:15,22.11,0.0,215,475298,卖盘,002670,2025-10-17 22:58:48
10:03:18,22.11,0.0,279,616813,买盘,002670,2025-10-17 22:58:48
10:03:21,22.11,0.0,245,541621,买盘,002670,2025-10-17 22:58:48
10:03:24,22.11,0.0,272,601108,买盘,002670,2025-10-17 22:58:48
10:03:27,22.1,-0.01,212,468499,买盘,002670,2025-10-17 22:58:48
10:03:30,22.1,0.0,444,981189,买盘,002670,2025-10-17 22:58:48
10:03:33,22.1,0.0,492,1087435,买盘,002670,2025-10-17 22:58:48
10:03:36,22.1,0.0,119,262995,卖盘,002670,2025-10-17 22:58:48
10:03:39,22.1,0.0,728,1609203,卖盘,002670,2025-10-17 22:58:48
10:03:42,22.1,0.0,137,302731,买盘,002670,2025-10-17 22:58:48
10:03:45,22.1,0.0,211,466245,买盘,002670,2025-10-17 22:58:48
10:03:48,22.09,-0.01,138,304890,卖盘,002670,2025-10-17 22:58:48
10:03:51,22.09,0.0,85,187756,中性盘,002670,2025-10-17 22:58:48
10:03:54,22.09,0.0,34,75105,买盘,002670,2025-10-17 22:58:48
10:03:57,22.09,0.0,326,719938,买盘,002670,2025-10-17 22:58:48
10:04:00,22.08,-0.01,80,176676,卖盘,002670,2025-10-17 22:58:48
10:04:03,22.08,0.0,64,141320,卖盘,002670,2025-10-17 22:58:48
10:04:06,22.07,-0.01,166,366362,卖盘,002670,2025-10-17 22:58:48
10:04:09,22.06,-0.01,131,289153,卖盘,002670,2025-10-17 22:58:48
10:04:12,22.06,0.0,71,156684,卖盘,002670,2025-10-17 22:58:48
10:04:15,22.05,-0.01,291,641968,卖盘,002670,2025-10-17 22:58:48
10:04:18,22.06,0.01,82,180882,买盘,002670,2025-10-17 22:58:48
10:04:21,22.05,-0.01,98,216092,卖盘,002670,2025-10-17 22:58:48
10:04:24,22.05,0.0,141,310950,卖盘,002670,2025-10-17 22:58:48
10:04:27,22.05,0.0,510,1124708,卖盘,002670,2025-10-17 22:58:48
10:04:30,22.05,0.0,439,967440,卖盘,002670,2025-10-17 22:58:48
10:04:33,22.05,0.0,201,443191,买盘,002670,2025-10-17 22:58:48
10:04:36,22.03,-0.02,402,886340,卖盘,002670,2025-10-17 22:58:48
10:04:39,22.03,0.0,85,187274,卖盘,002670,2025-10-17 22:58:48
10:04:42,22.03,0.0,269,592693,卖盘,002670,2025-10-17 22:58:48
10:04:45,22.03,0.0,171,376732,卖盘,002670,2025-10-17 22:58:48
10:04:48,22.03,0.0,73,160830,买盘,002670,2025-10-17 22:58:48
10:04:51,22.03,0.0,331,729418,买盘,002670,2025-10-17 22:58:48
10:04:54,22.05,0.02,158,348250,买盘,002670,2025-10-17 22:58:48
10:04:57,22.05,0.0,260,572949,买盘,002670,2025-10-17 22:58:48
10:05:00,22.02,-0.03,386,850131,卖盘,002670,2025-10-17 22:58:48
10:05:03,22.03,0.01,244,537314,买盘,002670,2025-10-17 22:58:48
10:05:06,22.03,0.0,186,409693,买盘,002670,2025-10-17 22:58:48
10:05:09,22.01,-0.02,1020,2245125,卖盘,002670,2025-10-17 22:58:48
10:05:12,22.01,0.0,97,213495,买盘,002670,2025-10-17 22:58:48
10:05:15,22.03,0.02,79,173892,买盘,002670,2025-10-17 22:58:48
10:05:18,22.02,-0.01,133,292826,卖盘,002670,2025-10-17 22:58:48
10:05:21,22.03,0.01,193,425109,买盘,002670,2025-10-17 22:58:48
10:05:24,22.03,0.0,106,233458,买盘,002670,2025-10-17 22:58:48
10:05:27,22.02,-0.01,91,200376,买盘,002670,2025-10-17 22:58:48
10:05:30,22.02,0.0,332,730868,买盘,002670,2025-10-17 22:58:48
10:05:33,22.02,0.0,893,1966368,买盘,002670,2025-10-17 22:58:48
10:05:36,22.02,0.0,111,244382,买盘,002670,2025-10-17 22:58:48
10:05:39,22.02,0.0,213,468922,买盘,002670,2025-10-17 22:58:48
10:05:42,22.02,0.0,118,259835,卖盘,002670,2025-10-17 22:58:48
10:05:45,22.03,0.01,225,495521,买盘,002670,2025-10-17 22:58:48
10:05:48,22.02,-0.01,281,618850,卖盘,002670,2025-10-17 22:58:48
10:05:51,22.03,0.01,56,123377,卖盘,002670,2025-10-17 22:58:48
10:05:54,22.04,0.01,148,326091,买盘,002670,2025-10-17 22:58:48
10:05:57,22.05,0.01,63,138868,买盘,002670,2025-10-17 22:58:48
10:06:00,22.04,-0.01,258,568641,卖盘,002670,2025-10-17 22:58:48
10:06:03,22.03,-0.01,818,1802162,卖盘,002670,2025-10-17 22:58:48
10:06:06,22.03,0.0,230,506690,买盘,002670,2025-10-17 22:58:48
10:06:09,22.03,0.0,102,224672,买盘,002670,2025-10-17 22:58:48
10:06:12,22.02,-0.01,240,528599,卖盘,002670,2025-10-17 22:58:48
10:06:15,22.02,0.0,185,407430,卖盘,002670,2025-10-17 22:58:48
10:06:18,22.03,0.01,129,284173,买盘,002670,2025-10-17 22:58:48
10:06:21,22.03,0.0,119,262105,买盘,002670,2025-10-17 22:58:48
10:06:24,22.02,-0.01,254,559482,卖盘,002670,2025-10-17 22:58:48
10:06:27,22.03,0.01,164,361213,买盘,002670,2025-10-17 22:58:48
10:06:30,22.02,-0.01,169,372172,卖盘,002670,2025-10-17 22:58:48
10:06:33,22.02,0.0,858,1889864,卖盘,002670,2025-10-17 22:58:48
10:06:36,22.03,0.01,171,376689,买盘,002670,2025-10-17 22:58:48
10:06:39,22.03,0.0,59,129977,卖盘,002670,2025-10-17 22:58:48
10:06:42,22.03,0.0,184,405367,卖盘,002670,2025-10-17 22:58:48
10:06:45,22.03,0.0,523,1152184,卖盘,002670,2025-10-17 22:58:48
10:06:48,22.03,0.0,114,251155,卖盘,002670,2025-10-17 22:58:48
10:06:51,22.04,0.01,134,295209,买盘,002670,2025-10-17 22:58:48
10:06:54,22.04,0.0,108,237958,买盘,002670,2025-10-17 22:58:48
10:06:57,22.04,0.0,70,154241,买盘,002670,2025-10-17 22:58:48
10:07:00,22.04,0.0,130,286463,买盘,002670,2025-10-17 22:58:48
10:07:03,22.04,0.0,374,823967,买盘,002670,2025-10-17 22:58:48
10:07:06,22.04,0.0,67,147649,买盘,002670,2025-10-17 22:58:48
10:07:09,22.04,0.0,80,176310,买盘,002670,2025-10-17 22:58:48
10:07:12,22.04,0.0,89,196094,买盘,002670,2025-10-17 22:58:48
10:07:15,22.03,-0.01,175,385597,卖盘,002670,2025-10-17 22:58:48
10:07:18,22.03,0.0,66,145422,卖盘,002670,2025-10-17 22:58:48
10:07:21,22.03,0.0,80,176247,卖盘,002670,2025-10-17 22:58:48
10:07:24,22.04,0.01,63,138793,买盘,002670,2025-10-17 22:58:48
10:07:27,22.04,0.0,311,685366,买盘,002670,2025-10-17 22:58:48
10:07:30,22.04,0.0,88,193956,卖盘,002670,2025-10-17 22:58:48
10:07:33,22.04,0.0,37,81557,卖盘,002670,2025-10-17 22:58:48
10:07:36,22.05,0.01,173,381266,买盘,002670,2025-10-17 22:58:48
10:07:39,22.04,-0.01,69,152100,卖盘,002670,2025-10-17 22:58:48
10:07:42,22.04,0.0,93,205005,卖盘,002670,2025-10-17 22:58:48
10:07:45,22.05,0.01,46,101404,买盘,002670,2025-10-17 22:58:48
10:07:48,22.05,0.0,162,357167,买盘,002670,2025-10-17 22:58:48
10:07:51,22.05,0.0,77,169770,买盘,002670,2025-10-17 22:58:48
10:07:54,22.05,0.0,268,590845,买盘,002670,2025-10-17 22:58:48
10:07:57,22.05,0.0,211,465240,买盘,002670,2025-10-17 22:58:48
10:08:00,22.04,-0.01,112,246874,卖盘,002670,2025-10-17 22:58:48
10:08:03,22.05,0.01,316,696761,买盘,002670,2025-10-17 22:58:48
10:08:06,22.05,0.0,188,415318,买盘,002670,2025-10-17 22:58:48
10:08:09,22.05,0.0,160,352714,卖盘,002670,2025-10-17 22:58:48
10:08:12,22.06,0.01,120,264633,买盘,002670,2025-10-17 22:58:48
10:08:15,22.06,0.0,123,271276,买盘,002670,2025-10-17 22:58:48
10:08:18,22.06,0.0,109,240386,买盘,002670,2025-10-17 22:58:48
10:08:21,22.06,0.0,111,244860,买盘,002670,2025-10-17 22:58:48
10:08:24,22.06,0.0,110,242641,卖盘,002670,2025-10-17 22:58:48
10:08:27,22.06,0.0,52,114727,卖盘,002670,2025-10-17 22:58:48
10:08:30,22.07,0.01,28,61794,买盘,002670,2025-10-17 22:58:48
10:08:33,22.07,0.0,126,278016,买盘,002670,2025-10-17 22:58:48
10:08:36,22.07,0.0,187,412620,买盘,002670,2025-10-17 22:58:48
10:08:39,22.07,0.0,40,88285,卖盘,002670,2025-10-17 22:58:48
10:08:42,22.08,0.01,176,388476,买盘,002670,2025-10-17 22:58:48
10:08:45,22.08,0.0,330,728602,买盘,002670,2025-10-17 22:58:48
10:08:48,22.08,0.0,184,406248,买盘,002670,2025-10-17 22:58:48
10:08:51,22.09,0.01,182,401903,买盘,002670,2025-10-17 22:58:48
10:08:54,22.09,0.0,331,731097,买盘,002670,2025-10-17 22:58:48
10:08:57,22.1,0.01,166,366662,买盘,002670,2025-10-17 22:58:48
10:09:00,22.03,-0.07,3477,7664727,卖盘,002670,2025-10-17 22:58:48
10:09:03,22.03,0.0,3172,6982494,买盘,002670,2025-10-17 22:58:48
10:09:06,22.04,0.01,1747,3848066,买盘,002670,2025-10-17 22:58:48
10:09:09,22.03,-0.01,403,887810,卖盘,002670,2025-10-17 22:58:48
10:09:12,22.03,0.0,149,328259,买盘,002670,2025-10-17 22:58:48
10:09:15,22.03,0.0,446,982526,卖盘,002670,2025-10-17 22:58:48
10:09:18,22.02,-0.01,58,127716,买盘,002670,2025-10-17 22:58:48
10:09:21,22.02,0.0,133,292820,买盘,002670,2025-10-17 22:58:48
10:09:24,22.01,-0.01,183,402883,卖盘,002670,2025-10-17 22:58:48
10:09:27,22.02,0.01,248,545918,买盘,002670,2025-10-17 22:58:48
10:09:30,22.02,0.0,39,85850,买盘,002670,2025-10-17 22:58:48
10:09:33,22.01,-0.01,182,400646,卖盘,002670,2025-10-17 22:58:48
10:09:36,22.02,0.01,170,374196,买盘,002670,2025-10-17 22:58:48
10:09:39,22.02,0.0,155,341211,买盘,002670,2025-10-17 22:58:48
10:09:42,22.01,-0.01,314,691244,卖盘,002670,2025-10-17 22:58:48
10:09:45,22.01,0.0,154,339060,卖盘,002670,2025-10-17 22:58:48
10:09:48,22.01,0.0,165,363198,卖盘,002670,2025-10-17 22:58:48
10:09:51,22.01,0.0,130,286216,卖盘,002670,2025-10-17 22:58:48
10:09:54,22.01,0.0,184,404999,卖盘,002670,2025-10-17 22:58:48
10:09:57,22.01,0.0,72,158436,买盘,002670,2025-10-17 22:58:48
10:10:00,22.0,-0.01,73,160600,卖盘,002670,2025-10-17 22:58:48
10:10:03,22.0,0.0,434,954900,卖盘,002670,2025-10-17 22:58:48
10:10:06,21.99,-0.01,166,365039,卖盘,002670,2025-10-17 22:58:48
10:10:09,21.98,-0.01,118,259393,卖盘,002670,2025-10-17 22:58:48
10:10:12,21.98,0.0,155,340754,卖盘,002670,2025-10-17 22:58:48
10:10:15,21.97,-0.01,585,1285268,卖盘,002670,2025-10-17 22:58:48
10:10:18,21.98,0.01,371,815260,买盘,002670,2025-10-17 22:58:48
10:10:21,21.97,-0.01,159,349458,卖盘,002670,2025-10-17 22:58:48
10:10:24,21.98,0.01,166,364863,中性盘,002670,2025-10-17 22:58:48
10:10:27,21.98,0.0,67,147266,卖盘,002670,2025-10-17 22:58:48
10:10:30,21.98,0.0,161,353759,买盘,002670,2025-10-17 22:58:48
10:10:33,21.97,-0.01,375,824109,卖盘,002670,2025-10-17 22:58:48
10:10:36,21.98,0.01,132,290026,买盘,002670,2025-10-17 22:58:48
10:10:39,21.98,0.0,233,511806,买盘,002670,2025-10-17 22:58:48
10:10:42,21.97,-0.01,220,483376,卖盘,002670,2025-10-17 22:58:48
10:10:45,21.97,0.0,270,593190,买盘,002670,2025-10-17 22:58:48
10:10:48,21.97,0.0,809,1776893,卖盘,002670,2025-10-17 22:58:48
10:10:51,21.97,0.0,32,70303,买盘,002670,2025-10-17 22:58:48
10:10:54,21.97,0.0,529,1162018,买盘,002670,2025-10-17 22:58:48
10:10:57,21.96,-0.01,176,386507,卖盘,002670,2025-10-17 22:58:48
10:11:00,21.96,0.0,209,458809,买盘,002670,2025-10-17 22:58:48
10:11:03,21.96,0.0,256,561993,买盘,002670,2025-10-17 22:58:48
10:11:06,21.96,0.0,592,1299489,买盘,002670,2025-10-17 22:58:48
10:11:09,21.95,-0.01,290,636595,卖盘,002670,2025-10-17 22:58:48
10:11:12,21.95,0.0,373,819018,买盘,002670,2025-10-17 22:58:48
10:11:15,21.94,-0.01,267,585842,卖盘,002670,2025-10-17 22:58:48
10:11:18,21.93,-0.01,249,546130,卖盘,002670,2025-10-17 22:58:48
10:11:21,21.92,-0.01,254,556947,卖盘,002670,2025-10-17 22:58:48
10:11:24,21.93,0.01,574,1258003,买盘,002670,2025-10-17 22:58:48
10:11:27,21.92,-0.01,294,644320,中性盘,002670,2025-10-17 22:58:48
10:11:30,21.92,0.0,360,788820,买盘,002670,2025-10-17 22:58:48
10:11:33,21.91,-0.01,718,1572790,中性盘,002670,2025-10-17 22:58:48
10:11:36,21.9,-0.01,1336,2925912,卖盘,002670,2025-10-17 22:58:48
10:11:39,21.89,-0.01,720,1576264,卖盘,002670,2025-10-17 22:58:48
10:11:42,21.87,-0.02,318,695791,卖盘,002670,2025-10-17 22:58:48
10:11:45,21.87,0.0,162,354320,卖盘,002670,2025-10-17 22:58:48
10:11:48,21.87,0.0,346,756662,卖盘,002670,2025-10-17 22:58:48
10:11:51,21.85,-0.02,285,623100,卖盘,002670,2025-10-17 22:58:48
10:11:54,21.85,0.0,400,874021,卖盘,002670,2025-10-17 22:58:48
10:11:57,21.83,-0.02,172,375616,卖盘,002670,2025-10-17 22:58:48
10:12:00,21.82,-0.01,343,748600,卖盘,002670,2025-10-17 22:58:48
10:12:03,21.81,-0.01,712,1552869,卖盘,002670,2025-10-17 22:58:48
10:12:06,21.81,0.0,885,1929459,买盘,002670,2025-10-17 22:58:48
10:12:09,21.81,0.0,935,2038694,买盘,002670,2025-10-17 22:58:48
10:12:12,21.79,-0.02,333,725556,卖盘,002670,2025-10-17 22:58:48
10:12:15,21.8,0.01,314,684421,买盘,002670,2025-10-17 22:58:48
10:12:18,21.86,0.06,4714,10290017,买盘,002670,2025-10-17 22:58:48
10:12:21,21.89,0.03,1174,2561268,中性盘,002670,2025-10-17 22:58:48
10:12:24,21.91,0.02,811,1775685,买盘,002670,2025-10-17 22:58:48
10:12:27,21.93,0.02,736,1614008,买盘,002670,2025-10-17 22:58:48
10:12:30,21.94,0.01,169,370719,中性盘,002670,2025-10-17 22:58:48
10:12:33,21.95,0.01,235,515793,买盘,002670,2025-10-17 22:58:48
10:12:36,21.97,0.02,195,428231,买盘,002670,2025-10-17 22:58:48
10:12:39,21.97,0.0,158,347074,买盘,002670,2025-10-17 22:58:48
10:12:42,21.95,-0.02,486,1067377,卖盘,002670,2025-10-17 22:58:48
10:12:45,21.95,0.0,213,467731,卖盘,002670,2025-10-17 22:58:48
10:12:48,21.95,0.0,321,705124,卖盘,002670,2025-10-17 22:58:48
10:12:51,21.95,0.0,191,419233,卖盘,002670,2025-10-17 22:58:48
10:12:54,21.95,0.0,129,283085,买盘,002670,2025-10-17 22:58:48
10:12:57,21.94,-0.01,221,484801,中性盘,002670,2025-10-17 22:58:48
10:13:00,21.93,-0.01,527,1155430,中性盘,002670,2025-10-17 22:58:48
10:13:03,21.92,-0.01,107,234601,中性盘,002670,2025-10-17 22:58:48
10:13:06,21.9,-0.02,335,733775,卖盘,002670,2025-10-17 22:58:48
10:13:09,21.89,-0.01,317,694293,卖盘,002670,2025-10-17 22:58:48
10:13:12,21.88,-0.01,351,768649,卖盘,002670,2025-10-17 22:58:48
10:13:15,21.89,0.01,198,433314,中性盘,002670,2025-10-17 22:58:48
10:13:18,21.87,-0.02,463,1012795,卖盘,002670,2025-10-17 22:58:48
10:13:21,21.88,0.01,319,697625,买盘,002670,2025-10-17 22:58:48
10:13:24,21.88,0.0,512,1119707,买盘,002670,2025-10-17 22:58:48
10:13:27,21.88,0.0,323,706353,买盘,002670,2025-10-17 22:58:48
10:13:30,21.86,-0.02,362,791418,卖盘,002670,2025-10-17 22:58:48
10:13:33,21.87,0.01,443,968748,买盘,002670,2025-10-17 22:58:48
10:13:36,21.85,-0.02,866,1894464,卖盘,002670,2025-10-17 22:58:48
10:13:39,21.86,0.01,312,682094,中性盘,002670,2025-10-17 22:58:48
10:13:42,21.85,-0.01,491,1073190,卖盘,002670,2025-10-17 22:58:48
10:13:45,21.83,-0.02,255,556984,卖盘,002670,2025-10-17 22:58:48
10:13:48,21.86,0.03,399,872165,买盘,002670,2025-10-17 22:58:48
10:13:51,21.85,-0.01,262,572942,卖盘,002670,2025-10-17 22:58:48
10:13:54,21.83,-0.02,185,404093,卖盘,002670,2025-10-17 22:58:48
10:13:57,21.86,0.03,214,467580,买盘,002670,2025-10-17 22:58:48
10:14:00,21.85,-0.01,136,297193,卖盘,002670,2025-10-17 22:58:48
10:14:03,21.85,0.0,448,979016,卖盘,002670,2025-10-17 22:58:48
10:14:06,21.85,0.0,232,506911,卖盘,002670,2025-10-17 22:58:48
10:14:09,21.86,0.01,373,815121,买盘,002670,2025-10-17 22:58:48
10:14:12,21.84,-0.02,546,1192447,卖盘,002670,2025-10-17 22:58:48
10:14:15,21.85,0.01,583,1273537,买盘,002670,2025-10-17 22:58:48
10:14:18,21.86,0.01,125,273088,买盘,002670,2025-10-17 22:58:48
10:14:21,21.86,0.0,122,266672,买盘,002670,2025-10-17 22:58:48
10:14:24,21.85,-0.01,193,421849,卖盘,002670,2025-10-17 22:58:48
10:14:27,21.86,0.01,83,181456,买盘,002670,2025-10-17 22:58:48
10:14:30,21.9,0.04,780,1706898,买盘,002670,2025-10-17 22:58:48
10:14:33,21.9,0.0,145,317552,卖盘,002670,2025-10-17 22:58:48
10:14:36,21.93,0.03,170,372613,买盘,002670,2025-10-17 22:58:48
10:14:39,21.94,0.01,115,252088,买盘,002670,2025-10-17 22:58:48
10:14:42,21.94,0.0,33,72378,买盘,002670,2025-10-17 22:58:48
10:14:45,21.94,0.0,181,397217,买盘,002670,2025-10-17 22:58:48
10:14:48,21.95,0.01,461,1012149,买盘,002670,2025-10-17 22:58:48
10:14:51,21.98,0.03,96,210943,买盘,002670,2025-10-17 22:58:48
10:14:54,21.97,-0.01,44,96657,卖盘,002670,2025-10-17 22:58:48
10:14:57,21.98,0.01,275,604401,买盘,002670,2025-10-17 22:58:48
10:15:00,22.0,0.02,1425,3134447,买盘,002670,2025-10-17 22:58:48
10:15:03,22.0,0.0,154,338923,卖盘,002670,2025-10-17 22:58:48
10:15:06,22.02,0.02,52,114495,买盘,002670,2025-10-17 22:58:48
10:15:09,22.03,0.01,38,83671,买盘,002670,2025-10-17 22:58:48
10:15:12,22.03,0.0,125,275348,买盘,002670,2025-10-17 22:58:48
10:15:15,22.05,0.02,155,341536,买盘,002670,2025-10-17 22:58:48
10:15:18,22.05,0.0,122,268982,买盘,002670,2025-10-17 22:58:48
10:15:21,22.05,0.0,126,277822,买盘,002670,2025-10-17 22:58:48
10:15:24,22.06,0.01,317,699512,买盘,002670,2025-10-17 22:58:48
10:15:27,22.08,0.02,87,192000,买盘,002670,2025-10-17 22:58:48
10:15:30,22.09,0.01,44,97169,买盘,002670,2025-10-17 22:58:48
10:15:33,22.09,0.0,270,596302,买盘,002670,2025-10-17 22:58:48
10:15:36,22.08,-0.01,486,1072656,卖盘,002670,2025-10-17 22:58:48
10:15:39,22.06,-0.02,583,1285909,卖盘,002670,2025-10-17 22:58:48
10:15:42,22.03,-0.03,146,321972,卖盘,002670,2025-10-17 22:58:48
10:15:45,22.03,0.0,127,279775,卖盘,002670,2025-10-17 22:58:48
10:15:48,22.03,0.0,119,262163,买盘,002670,2025-10-17 22:58:48
10:15:51,22.03,0.0,298,656444,买盘,002670,2025-10-17 22:58:48
10:15:54,22.02,-0.01,275,605728,卖盘,002670,2025-10-17 22:58:48
10:15:57,22.02,0.0,88,193775,买盘,002670,2025-10-17 22:58:48
10:16:00,22.02,0.0,178,391880,买盘,002670,2025-10-17 22:58:48
10:16:03,22.02,0.0,168,369895,买盘,002670,2025-10-17 22:58:48
10:16:06,22.0,-0.02,117,257502,卖盘,002670,2025-10-17 22:58:48
10:16:09,22.01,0.01,109,239831,买盘,002670,2025-10-17 22:58:48
10:16:12,22.0,-0.01,105,230990,买盘,002670,2025-10-17 22:58:48
10:16:15,21.99,-0.01,33,72568,卖盘,002670,2025-10-17 22:58:48
10:16:18,22.0,0.01,55,120963,买盘,002670,2025-10-17 22:58:48
10:16:21,22.0,0.0,119,261765,买盘,002670,2025-10-17 22:58:48
10:16:24,22.0,0.0,399,877428,买盘,002670,2025-10-17 22:58:48
10:16:27,21.98,-0.02,73,160490,卖盘,002670,2025-10-17 22:58:48
10:16:30,21.98,0.0,39,85751,买盘,002670,2025-10-17 22:58:48
10:16:33,21.98,0.0,50,109887,买盘,002670,2025-10-17 22:58:48
10:16:36,21.98,0.0,145,318643,买盘,002670,2025-10-17 22:58:48
10:16:39,21.98,0.0,113,248372,买盘,002670,2025-10-17 22:58:48
10:16:42,21.97,-0.01,202,443991,卖盘,002670,2025-10-17 22:58:48
10:16:45,21.97,0.0,171,375657,买盘,002670,2025-10-17 22:58:48
10:16:48,21.96,-0.01,47,103222,卖盘,002670,2025-10-17 22:58:48
10:16:51,21.96,0.0,792,1739582,买盘,002670,2025-10-17 22:58:48
10:16:54,21.96,0.0,98,215182,买盘,002670,2025-10-17 22:58:48
10:16:57,21.95,-0.01,74,162431,卖盘,002670,2025-10-17 22:58:48
10:17:00,21.95,0.0,88,193192,买盘,002670,2025-10-17 22:58:48
10:17:03,21.95,0.0,148,324823,买盘,002670,2025-10-17 22:58:48
10:17:06,21.97,0.02,110,241519,买盘,002670,2025-10-17 22:58:48
10:17:09,21.94,-0.03,94,206367,卖盘,002670,2025-10-17 22:58:48
10:17:12,21.95,0.01,75,164591,买盘,002670,2025-10-17 22:58:48
10:17:15,22.0,0.05,757,1664865,买盘,002670,2025-10-17 22:58:48
10:17:18,22.01,0.01,187,411436,买盘,002670,2025-10-17 22:58:48
10:17:21,22.03,0.02,190,418232,买盘,002670,2025-10-17 22:58:48
10:17:24,22.03,0.0,38,83708,买盘,002670,2025-10-17 22:58:48
10:17:27,22.03,0.0,98,215884,买盘,002670,2025-10-17 22:58:48
10:17:30,22.04,0.01,33,72725,买盘,002670,2025-10-17 22:58:48
10:17:33,22.05,0.01,182,401085,买盘,002670,2025-10-17 22:58:48
10:17:36,22.04,-0.01,38,83783,卖盘,002670,2025-10-17 22:58:48
10:17:39,22.05,0.01,210,462908,买盘,002670,2025-10-17 22:58:48
10:17:42,22.06,0.01,163,359409,买盘,002670,2025-10-17 22:58:48
10:17:45,22.06,0.0,54,119108,买盘,002670,2025-10-17 22:58:48
10:17:48,22.06,0.0,235,518334,买盘,002670,2025-10-17 22:58:48
10:17:51,22.06,0.0,65,143392,卖盘,002670,2025-10-17 22:58:48
10:17:54,22.07,0.01,159,350846,买盘,002670,2025-10-17 22:58:48
10:17:57,22.06,-0.01,276,609146,卖盘,002670,2025-10-17 22:58:48
10:18:00,22.06,0.0,121,266819,卖盘,002670,2025-10-17 22:58:48
10:18:03,22.08,0.02,205,452487,买盘,002670,2025-10-17 22:58:48
10:18:06,22.07,-0.01,85,187608,卖盘,002670,2025-10-17 22:58:48
10:18:09,21.97,-0.1,910,2005596,卖盘,002670,2025-10-17 22:58:48
10:18:12,22.04,0.07,287,632475,买盘,002670,2025-10-17 22:58:48
10:18:15,21.93,-0.11,363,796831,卖盘,002670,2025-10-17 22:58:48
10:18:18,21.95,0.02,159,348899,买盘,002670,2025-10-17 22:58:48
10:18:21,21.95,0.0,58,127252,买盘,002670,2025-10-17 22:58:48
10:18:24,21.96,0.01,147,322666,买盘,002670,2025-10-17 22:58:48
10:18:27,21.95,-0.01,66,144875,卖盘,002670,2025-10-17 22:58:48
10:18:30,22.0,0.05,39,85705,买盘,002670,2025-10-17 22:58:48
10:18:33,22.0,0.0,124,272329,买盘,002670,2025-10-17 22:58:48
10:18:36,21.97,-0.03,91,200100,卖盘,002670,2025-10-17 22:58:48
10:18:39,21.97,0.0,83,182372,卖盘,002670,2025-10-17 22:58:48
10:18:42,22.0,0.03,124,272684,买盘,002670,2025-10-17 22:58:48
10:18:45,21.96,-0.04,226,496455,卖盘,002670,2025-10-17 22:58:48
10:18:48,21.95,-0.01,294,645645,卖盘,002670,2025-10-17 22:58:48
10:18:51,21.97,0.02,136,298786,买盘,002670,2025-10-17 22:58:48
10:18:54,21.96,-0.01,57,125175,卖盘,002670,2025-10-17 22:58:48
10:18:57,21.96,0.0,168,368988,卖盘,002670,2025-10-17 22:58:48
10:19:00,21.97,0.01,428,939510,买盘,002670,2025-10-17 22:58:48
10:19:03,21.97,0.0,36,79063,买盘,002670,2025-10-17 22:58:48
10:19:06,21.96,-0.01,118,259135,卖盘,002670,2025-10-17 22:58:48
10:19:09,21.96,0.0,96,210816,买盘,002670,2025-10-17 22:58:48
10:19:12,21.97,0.01,101,221802,买盘,002670,2025-10-17 22:58:48
10:19:15,21.95,-0.02,111,243740,卖盘,002670,2025-10-17 22:58:48
10:19:18,21.97,0.02,14,30747,买盘,002670,2025-10-17 22:58:48
10:19:21,21.96,-0.01,27,59288,中性盘,002670,2025-10-17 22:58:48
10:19:24,21.95,-0.01,472,1036287,卖盘,002670,2025-10-17 22:58:48
10:19:27,21.95,0.0,187,410453,卖盘,002670,2025-10-17 22:58:48
10:19:30,21.95,0.0,96,210716,买盘,002670,2025-10-17 22:58:48
10:19:33,21.94,-0.01,39,85581,卖盘,002670,2025-10-17 22:58:48
10:19:36,21.94,0.0,106,232572,卖盘,002670,2025-10-17 22:58:48
10:19:39,21.93,-0.01,15,32899,卖盘,002670,2025-10-17 22:58:48
10:19:42,21.93,0.0,53,116252,卖盘,002670,2025-10-17 22:58:48
10:19:45,21.93,0.0,114,250068,卖盘,002670,2025-10-17 22:58:48
10:19:48,21.93,0.0,79,173265,卖盘,002670,2025-10-17 22:58:48
10:19:51,21.93,0.0,86,188569,买盘,002670,2025-10-17 22:58:48
10:19:54,21.92,-0.01,82,179753,卖盘,002670,2025-10-17 22:58:48
10:19:57,21.91,-0.01,148,324496,卖盘,002670,2025-10-17 22:58:48
10:20:00,21.92,0.01,113,247668,买盘,002670,2025-10-17 22:58:48
10:20:03,21.91,-0.01,122,267315,卖盘,002670,2025-10-17 22:58:48
10:20:06,21.91,0.0,56,122721,卖盘,002670,2025-10-17 22:58:48
10:20:09,21.91,0.0,112,245392,卖盘,002670,2025-10-17 22:58:48
10:20:12,21.91,0.0,51,111732,买盘,002670,2025-10-17 22:58:48
10:20:15,21.91,0.0,62,135804,买盘,002670,2025-10-17 22:58:48
10:20:18,21.91,0.0,167,365813,买盘,002670,2025-10-17 22:58:48
10:20:21,21.91,0.0,443,970030,买盘,002670,2025-10-17 22:58:48
10:20:24,21.91,0.0,104,227796,买盘,002670,2025-10-17 22:58:48
10:20:27,21.91,0.0,158,346060,卖盘,002670,2025-10-17 22:58:48
10:20:30,21.91,0.0,142,311001,买盘,002670,2025-10-17 22:58:48
10:20:33,21.88,-0.03,102,223177,卖盘,002670,2025-10-17 22:58:48
10:20:36,21.87,-0.01,239,522910,卖盘,002670,2025-10-17 22:58:48
10:20:39,21.87,0.0,36,78744,卖盘,002670,2025-10-17 22:58:48
10:20:42,21.87,0.0,154,336884,卖盘,002670,2025-10-17 22:58:48
10:20:45,21.87,0.0,53,115910,买盘,002670,2025-10-17 22:58:48
10:20:48,21.86,-0.01,321,701743,卖盘,002670,2025-10-17 22:58:48
10:20:51,21.86,0.0,624,1363666,卖盘,002670,2025-10-17 22:58:48
10:20:54,21.85,-0.01,32,69932,卖盘,002670,2025-10-17 22:58:48
10:20:57,21.84,-0.01,103,225096,卖盘,002670,2025-10-17 22:58:48
10:21:00,21.84,0.0,48,104832,卖盘,002670,2025-10-17 22:58:48
10:21:03,21.83,-0.01,151,329873,卖盘,002670,2025-10-17 22:58:48
10:21:06,21.83,0.0,446,973799,卖盘,002670,2025-10-17 22:58:48
10:21:09,21.85,0.02,221,482523,买盘,002670,2025-10-17 22:58:48
10:21:12,21.85,0.0,95,207490,买盘,002670,2025-10-17 22:58:48
10:21:15,21.85,0.0,172,375849,买盘,002670,2025-10-17 22:58:48
10:21:18,21.85,0.0,91,198900,卖盘,002670,2025-10-17 22:58:48
10:21:21,21.89,0.04,1523,3332084,买盘,002670,2025-10-17 22:58:48
10:21:24,21.9,0.01,208,455116,买盘,002670,2025-10-17 22:58:48
10:21:27,21.9,0.0,62,135770,买盘,002670,2025-10-17 22:58:48
10:21:30,21.91,0.01,134,293466,买盘,002670,2025-10-17 22:58:48
10:21:33,21.91,0.0,92,201540,买盘,002670,2025-10-17 22:58:48
10:21:36,21.91,0.0,121,265102,买盘,002670,2025-10-17 22:58:48
10:21:39,21.91,0.0,79,173088,买盘,002670,2025-10-17 22:58:48
10:21:42,21.92,0.01,301,659774,买盘,002670,2025-10-17 22:58:48
10:21:45,21.93,0.01,65,142495,买盘,002670,2025-10-17 22:58:48
10:21:48,21.93,0.0,24,52617,买盘,002670,2025-10-17 22:58:48
10:21:51,21.94,0.01,55,120629,买盘,002670,2025-10-17 22:58:48
10:21:54,21.94,0.0,71,155776,买盘,002670,2025-10-17 22:58:48
10:21:57,21.92,-0.02,1162,2548425,卖盘,002670,2025-10-17 22:58:48
10:22:00,21.93,0.01,220,482462,中性盘,002670,2025-10-17 22:58:48
10:22:03,21.92,-0.01,320,701431,卖盘,002670,2025-10-17 22:58:48
10:22:06,21.93,0.01,173,379388,买盘,002670,2025-10-17 22:58:48
10:22:09,21.93,0.0,100,219265,买盘,002670,2025-10-17 22:58:48
10:22:12,21.93,0.0,41,89924,卖盘,002670,2025-10-17 22:58:48
10:22:15,21.94,0.01,50,109683,买盘,002670,2025-10-17 22:58:48
10:22:18,21.94,0.0,36,78995,卖盘,002670,2025-10-17 22:58:48
10:22:21,21.94,0.0,116,254483,卖盘,002670,2025-10-17 22:58:48
10:22:24,21.95,0.01,46,100963,买盘,002670,2025-10-17 22:58:48
10:22:27,21.95,0.0,164,359906,买盘,002670,2025-10-17 22:58:48
10:22:30,21.95,0.0,91,199716,中性盘,002670,2025-10-17 22:58:48
10:22:33,21.95,0.0,112,245782,卖盘,002670,2025-10-17 22:58:48
10:22:36,21.94,-0.01,60,131708,卖盘,002670,2025-10-17 22:58:48
10:22:39,21.96,0.02,78,171250,买盘,002670,2025-10-17 22:58:48
10:22:42,21.95,-0.01,38,83430,卖盘,002670,2025-10-17 22:58:48
10:22:45,21.97,0.02,118,259090,买盘,002670,2025-10-17 22:58:48
10:22:48,21.97,0.0,74,162441,买盘,002670,2025-10-17 22:58:48
10:22:51,21.97,0.0,50,109828,买盘,002670,2025-10-17 22:58:48
10:22:54,21.97,0.0,171,375676,买盘,002670,2025-10-17 22:58:48
10:22:57,21.97,0.0,327,718015,卖盘,002670,2025-10-17 22:58:48
10:23:00,21.99,0.02,343,753612,买盘,002670,2025-10-17 22:58:48
10:23:03,21.99,0.0,34,74726,买盘,002670,2025-10-17 22:58:48
10:23:06,21.99,0.0,38,83555,买盘,002670,2025-10-17 22:58:48
10:23:09,21.98,-0.01,86,189068,卖盘,002670,2025-10-17 22:58:48
10:23:12,21.99,0.01,156,342984,买盘,002670,2025-10-17 22:58:48
10:23:15,22.0,0.01,71,156130,买盘,002670,2025-10-17 22:58:48
10:23:18,21.99,-0.01,45,98987,卖盘,002670,2025-10-17 22:58:48
10:23:21,21.99,0.0,197,433160,卖盘,002670,2025-10-17 22:58:48
10:23:24,21.99,0.0,111,243943,买盘,002670,2025-10-17 22:58:48
10:23:27,21.97,-0.02,219,481493,中性盘,002670,2025-10-17 22:58:48
10:23:30,21.97,0.0,26,57164,买盘,002670,2025-10-17 22:58:48
10:23:33,21.97,0.0,33,72492,买盘,002670,2025-10-17 22:58:48
10:23:36,21.96,-0.01,98,215258,卖盘,002670,2025-10-17 22:58:48
10:23:39,21.97,0.01,116,254852,买盘,002670,2025-10-17 22:58:48
10:23:42,21.96,-0.01,12,26360,卖盘,002670,2025-10-17 22:58:48
10:23:45,21.97,0.01,101,221847,买盘,002670,2025-10-17 22:58:48
10:23:48,21.97,0.0,56,123033,卖盘,002670,2025-10-17 22:58:48
10:23:51,21.98,0.01,154,338426,买盘,002670,2025-10-17 22:58:48
10:23:54,21.96,-0.02,28,61516,卖盘,002670,2025-10-17 22:58:48
10:23:57,21.99,0.03,172,378144,买盘,002670,2025-10-17 22:58:48
10:24:00,21.96,-0.03,204,448009,卖盘,002670,2025-10-17 22:58:48
10:24:03,21.96,0.0,1146,2515474,中性盘,002670,2025-10-17 22:58:48
10:24:06,21.96,0.0,67,147028,买盘,002670,2025-10-17 22:58:48
10:24:09,21.93,-0.03,162,355845,卖盘,002670,2025-10-17 22:58:48
10:24:12,21.93,0.0,99,217156,卖盘,002670,2025-10-17 22:58:48
10:24:15,21.93,0.0,12,26314,买盘,002670,2025-10-17 22:58:48
10:24:18,21.92,-0.01,70,153510,卖盘,002670,2025-10-17 22:58:48
10:24:21,21.94,0.02,51,111844,买盘,002670,2025-10-17 22:58:48
10:24:24,21.93,-0.01,67,146960,卖盘,002670,2025-10-17 22:58:48
10:24:27,21.92,-0.01,381,835053,卖盘,002670,2025-10-17 22:58:48
10:24:30,21.9,-0.02,18,39441,卖盘,002670,2025-10-17 22:58:48
10:24:33,21.92,0.02,21,46009,买盘,002670,2025-10-17 22:58:48
10:24:36,21.9,-0.02,435,952684,卖盘,002670,2025-10-17 22:58:48
10:24:39,21.89,-0.01,91,199277,卖盘,002670,2025-10-17 22:58:48
10:24:42,21.9,0.01,53,116042,买盘,002670,2025-10-17 22:58:48
10:24:45,21.89,-0.01,62,135710,中性盘,002670,2025-10-17 22:58:48
10:24:48,21.89,0.0,43,94158,卖盘,002670,2025-10-17 22:58:48
10:24:51,21.9,0.01,53,116037,买盘,002670,2025-10-17 22:58:48
10:24:54,21.9,0.0,209,457704,买盘,002670,2025-10-17 22:58:48
10:24:57,21.88,-0.02,87,190472,卖盘,002670,2025-10-17 22:58:48
10:25:00,21.9,0.02,40,87563,买盘,002670,2025-10-17 22:58:48
10:25:03,21.89,-0.01,144,315296,中性盘,002670,2025-10-17 22:58:48
10:25:06,21.9,0.01,92,201461,买盘,002670,2025-10-17 22:58:48
10:25:09,21.89,-0.01,87,190482,卖盘,002670,2025-10-17 22:58:48
10:25:12,21.9,0.01,157,343800,买盘,002670,2025-10-17 22:58:48
10:25:15,21.89,-0.01,53,116056,卖盘,002670,2025-10-17 22:58:48
10:25:18,21.9,0.01,47,102974,买盘,002670,2025-10-17 22:58:48
10:25:21,21.9,0.0,30,65699,卖盘,002670,2025-10-17 22:58:48
10:25:24,21.9,0.0,49,107290,买盘,002670,2025-10-17 22:58:48
10:25:27,21.9,0.0,191,418125,买盘,002670,2025-10-17 22:58:48
10:25:30,21.89,-0.01,98,214573,中性盘,002670,2025-10-17 22:58:48
10:25:33,21.89,0.0,86,188247,卖盘,002670,2025-10-17 22:58:48
10:25:36,21.9,0.01,101,221050,买盘,002670,2025-10-17 22:58:48
10:25:39,21.89,-0.01,33,72255,卖盘,002670,2025-10-17 22:58:48
10:25:42,21.89,0.0,186,407281,卖盘,002670,2025-10-17 22:58:48
10:25:45,21.9,0.01,45,98543,买盘,002670,2025-10-17 22:58:48
10:25:48,21.91,0.01,62,135783,买盘,002670,2025-10-17 22:58:48
10:25:51,21.9,-0.01,32,70092,卖盘,002670,2025-10-17 22:58:48
10:25:54,21.91,0.01,197,431742,买盘,002670,2025-10-17 22:58:48
10:25:57,21.91,0.0,13,28486,卖盘,002670,2025-10-17 22:58:48
10:26:00,21.92,0.01,105,230162,买盘,002670,2025-10-17 22:58:48
10:26:03,21.94,0.02,65,142537,买盘,002670,2025-10-17 22:58:48
10:26:06,21.92,-0.02,5,10962,卖盘,002670,2025-10-17 22:58:48
10:26:09,21.95,0.03,62,136015,买盘,002670,2025-10-17 22:58:48
10:26:12,21.94,-0.01,10,21940,买盘,002670,2025-10-17 22:58:48
10:26:15,21.97,0.03,28,61485,买盘,002670,2025-10-17 22:58:48
10:26:18,21.98,0.01,85,186681,买盘,002670,2025-10-17 22:58:48
10:26:21,21.95,-0.03,92,201965,卖盘,002670,2025-10-17 22:58:48
10:26:24,21.96,0.01,131,287653,买盘,002670,2025-10-17 22:58:48
10:26:27,21.96,0.0,53,116387,买盘,002670,2025-10-17 22:58:48
10:26:30,21.95,-0.01,1101,2416806,卖盘,002670,2025-10-17 22:58:48
10:26:33,21.97,0.02,24,52719,买盘,002670,2025-10-17 22:58:48
10:26:36,21.97,0.0,46,101078,中性盘,002670,2025-10-17 22:58:48
10:26:39,21.98,0.01,31,68124,买盘,002670,2025-10-17 22:58:48
10:26:42,21.98,0.0,193,424208,买盘,002670,2025-10-17 22:58:48
10:26:45,21.98,0.0,139,305569,买盘,002670,2025-10-17 22:58:48
10:26:48,21.98,0.0,420,923510,卖盘,002670,2025-10-17 22:58:48
10:26:51,21.99,0.01,77,169287,买盘,002670,2025-10-17 22:58:48
10:26:54,21.99,0.0,264,580510,买盘,002670,2025-10-17 22:58:48
10:26:57,21.99,0.0,87,191292,买盘,002670,2025-10-17 22:58:48
10:27:00,21.98,-0.01,164,360437,卖盘,002670,2025-10-17 22:58:48
10:27:03,21.99,0.01,63,138522,买盘,002670,2025-10-17 22:58:48
10:27:06,21.98,-0.01,123,270365,卖盘,002670,2025-10-17 22:58:48
10:27:09,21.99,0.01,235,516300,买盘,002670,2025-10-17 22:58:48
10:27:12,21.99,0.0,68,149501,买盘,002670,2025-10-17 22:58:48
10:27:15,21.98,-0.01,379,832816,卖盘,002670,2025-10-17 22:58:48
10:27:18,21.97,-0.01,306,671986,中性盘,002670,2025-10-17 22:58:48
10:27:21,21.96,-0.01,1233,2706459,卖盘,002670,2025-10-17 22:58:48
10:27:24,21.96,0.0,47,103230,买盘,002670,2025-10-17 22:58:48
10:27:27,21.96,0.0,26,57094,买盘,002670,2025-10-17 22:58:48
10:27:30,21.95,-0.01,53,116343,中性盘,002670,2025-10-17 22:58:48
10:27:33,21.95,0.0,33,72435,买盘,002670,2025-10-17 22:58:48
10:27:36,21.93,-0.02,178,390639,卖盘,002670,2025-10-17 22:58:48
10:27:39,21.92,-0.01,60,131571,卖盘,002670,2025-10-17 22:58:48
10:27:42,21.93,0.01,29,63592,买盘,002670,2025-10-17 22:58:48
10:27:45,21.93,0.0,197,432001,买盘,002670,2025-10-17 22:58:48
10:27:48,21.93,0.0,129,282874,买盘,002670,2025-10-17 22:58:48
10:27:51,21.93,0.0,85,186398,买盘,002670,2025-10-17 22:58:48
10:27:54,21.93,0.0,103,225886,买盘,002670,2025-10-17 22:58:48
10:27:57,21.93,0.0,58,127222,卖盘,002670,2025-10-17 22:58:48
10:28:00,21.93,0.0,60,131601,卖盘,002670,2025-10-17 22:58:48
10:28:03,21.95,0.02,43,94373,买盘,002670,2025-10-17 22:58:48
10:28:06,21.93,-0.02,73,160169,卖盘,002670,2025-10-17 22:58:48
10:28:09,21.96,0.03,31,68067,买盘,002670,2025-10-17 22:58:48
10:28:12,21.95,-0.01,26,57081,卖盘,002670,2025-10-17 22:58:48
10:28:15,21.96,0.01,110,241547,买盘,002670,2025-10-17 22:58:48
10:28:18,21.96,0.0,151,331691,卖盘,002670,2025-10-17 22:58:48
10:28:21,21.96,0.0,223,489776,卖盘,002670,2025-10-17 22:58:48
10:28:24,21.95,-0.01,229,502757,卖盘,002670,2025-10-17 22:58:48
10:28:27,21.95,0.0,282,618971,买盘,002670,2025-10-17 22:58:48
10:28:30,21.94,-0.01,90,197547,卖盘,002670,2025-10-17 22:58:48
10:28:33,21.95,0.01,25,54874,买盘,002670,2025-10-17 22:58:48
10:28:36,21.95,0.0,59,129528,买盘,002670,2025-10-17 22:58:48
10:28:39,21.96,0.01,2,4392,买盘,002670,2025-10-17 22:58:48
10:28:42,21.97,0.01,49,107615,买盘,002670,2025-10-17 22:58:48
10:28:45,21.98,0.01,231,507672,买盘,002670,2025-10-17 22:58:48
10:28:48,21.99,0.01,27,59362,买盘,002670,2025-10-17 22:58:48
10:28:51,21.97,-0.02,152,334185,卖盘,002670,2025-10-17 22:58:48
10:28:54,21.97,0.0,58,127505,卖盘,002670,2025-10-17 22:58:48
10:28:57,21.99,0.02,38,83536,买盘,002670,2025-10-17 22:58:48
10:29:00,21.99,0.0,82,180230,买盘,002670,2025-10-17 22:58:48
10:29:03,21.98,-0.01,135,296737,卖盘,002670,2025-10-17 22:58:48
10:29:06,21.99,0.01,209,459589,买盘,002670,2025-10-17 22:58:48
10:29:09,21.98,-0.01,197,433048,卖盘,002670,2025-10-17 22:58:48
10:29:12,21.96,-0.02,428,939871,卖盘,002670,2025-10-17 22:58:48
10:29:15,21.97,0.01,88,193244,买盘,002670,2025-10-17 22:58:48
10:29:18,21.97,0.0,108,237245,买盘,002670,2025-10-17 22:58:48
10:29:21,21.97,0.0,370,812817,买盘,002670,2025-10-17 22:58:48
10:29:24,21.98,0.01,53,116459,买盘,002670,2025-10-17 22:58:48
10:29:27,21.97,-0.01,685,1505012,卖盘,002670,2025-10-17 22:58:48
10:29:30,21.95,-0.02,663,1455334,卖盘,002670,2025-10-17 22:58:48
10:29:33,21.95,0.0,102,223896,买盘,002670,2025-10-17 22:58:48
10:29:36,21.95,0.0,63,138306,卖盘,002670,2025-10-17 22:58:48
10:29:39,21.95,0.0,83,182208,买盘,002670,2025-10-17 22:58:48
10:29:42,21.96,0.01,318,698228,买盘,002670,2025-10-17 22:58:48
10:29:45,21.97,0.01,79,173490,买盘,002670,2025-10-17 22:58:48
10:29:48,21.96,-0.01,28,61510,卖盘,002670,2025-10-17 22:58:48
10:29:51,21.97,0.01,49,107635,买盘,002670,2025-10-17 22:58:48
10:29:54,21.97,0.0,98,215284,买盘,002670,2025-10-17 22:58:48
10:29:57,21.97,0.0,50,109839,买盘,002670,2025-10-17 22:58:48
10:30:00,21.96,-0.01,1216,2670373,卖盘,002670,2025-10-17 22:58:48
10:30:03,21.91,-0.05,1009,2213024,卖盘,002670,2025-10-17 22:58:48
10:30:06,21.95,0.04,82,179928,买盘,002670,2025-10-17 22:58:48
10:30:09,21.94,-0.01,26,57024,买盘,002670,2025-10-17 22:58:48
10:30:12,21.92,-0.02,44,96534,卖盘,002670,2025-10-17 22:58:48
10:30:15,21.94,0.02,23,50460,中性盘,002670,2025-10-17 22:58:48
10:30:18,21.94,0.0,27,59230,买盘,002670,2025-10-17 22:58:48
10:30:21,21.95,0.01,32,70199,买盘,002670,2025-10-17 22:58:48
10:30:24,21.94,-0.01,36,78964,卖盘,002670,2025-10-17 22:58:48
10:30:27,21.94,0.0,40,87751,买盘,002670,2025-10-17 22:58:48
10:30:30,21.92,-0.02,78,171102,卖盘,002670,2025-10-17 22:58:48
10:30:33,21.94,0.02,111,243526,买盘,002670,2025-10-17 22:58:48
10:30:36,21.94,0.0,60,131640,卖盘,002670,2025-10-17 22:58:48
10:30:39,21.94,0.0,8,17553,卖盘,002670,2025-10-17 22:58:48
10:30:42,21.94,0.0,59,129420,买盘,002670,2025-10-17 22:58:48
10:30:45,21.92,-0.02,41,89894,卖盘,002670,2025-10-17 22:58:48
10:30:48,21.93,0.01,26,56589,买盘,002670,2025-10-17 22:58:48
10:30:51,21.94,0.01,23,50441,买盘,002670,2025-10-17 22:58:48
10:30:54,21.93,-0.01,45,99125,卖盘,002670,2025-10-17 22:58:48
10:30:57,21.92,-0.01,61,133328,卖盘,002670,2025-10-17 22:58:48
10:31:00,21.94,0.02,194,425401,买盘,002670,2025-10-17 22:58:48
10:31:03,21.93,-0.01,120,263085,中性盘,002670,2025-10-17 22:58:48
10:31:06,21.93,0.0,36,78961,卖盘,002670,2025-10-17 22:58:48
10:31:09,21.93,0.0,37,81142,卖盘,002670,2025-10-17 22:58:48
10:31:12,21.93,0.0,38,83334,卖盘,002670,2025-10-17 22:58:48
10:31:15,21.94,0.01,122,267560,买盘,002670,2025-10-17 22:58:48
10:31:18,21.94,0.0,380,833675,买盘,002670,2025-10-17 22:58:48
10:31:21,21.94,0.0,99,217161,买盘,002670,2025-10-17 22:58:48
10:31:24,21.93,-0.01,198,434368,卖盘,002670,2025-10-17 22:58:48
10:31:27,21.95,0.02,5,10972,买盘,002670,2025-10-17 22:58:48
10:31:30,21.95,0.0,103,225941,买盘,002670,2025-10-17 22:58:48
10:31:33,21.93,-0.02,13,28521,卖盘,002670,2025-10-17 22:58:48
10:31:36,21.94,0.01,111,243565,中性盘,002670,2025-10-17 22:58:48
10:31:39,21.94,0.0,47,103118,买盘,002670,2025-10-17 22:58:48
10:31:42,21.93,-0.01,34,74591,卖盘,002670,2025-10-17 22:58:48
10:31:45,21.95,0.02,49,107493,买盘,002670,2025-10-17 22:58:48
10:31:48,21.94,-0.01,11,24144,卖盘,002670,2025-10-17 22:58:48
10:31:51,21.94,0.0,19,41696,卖盘,002670,2025-10-17 22:58:48
10:31:54,21.95,0.01,26,57069,买盘,002670,2025-10-17 22:58:48
10:31:57,21.95,0.0,28,61455,买盘,002670,2025-10-17 22:58:48
10:32:00,21.95,0.0,88,193151,买盘,002670,2025-10-17 22:58:48
10:32:03,21.95,0.0,97,212881,买盘,002670,2025-10-17 22:58:48
10:32:06,21.96,0.01,49,107809,买盘,002670,2025-10-17 22:58:48
10:32:09,21.96,0.0,116,254722,买盘,002670,2025-10-17 22:58:48
10:32:12,21.96,0.0,65,142734,买盘,002670,2025-10-17 22:58:48
10:32:15,21.96,0.0,116,254826,卖盘,002670,2025-10-17 22:58:48
10:32:18,21.96,0.0,35,76890,卖盘,002670,2025-10-17 22:58:48
10:32:21,21.97,0.01,107,235060,买盘,002670,2025-10-17 22:58:48
10:32:24,21.98,0.01,31,67019,买盘,002670,2025-10-17 22:58:48
10:32:27,21.98,0.0,13,28563,买盘,002670,2025-10-17 22:58:48
10:32:30,21.97,-0.01,628,1378623,卖盘,002670,2025-10-17 22:58:48
10:32:33,21.98,0.01,97,213180,买盘,002670,2025-10-17 22:58:48
10:32:36,21.97,-0.01,41,90114,卖盘,002670,2025-10-17 22:58:48
10:32:39,21.98,0.01,103,226386,买盘,002670,2025-10-17 22:58:48
10:32:42,21.98,0.0,21,46158,买盘,002670,2025-10-17 22:58:48
10:32:45,21.98,0.0,200,439599,买盘,002670,2025-10-17 22:58:48
10:32:48,21.98,0.0,225,494520,买盘,002670,2025-10-17 22:58:48
10:32:51,21.98,0.0,94,205509,买盘,002670,2025-10-17 22:58:48
10:32:54,21.99,0.01,15,32975,买盘,002670,2025-10-17 22:58:48
10:32:57,21.99,0.0,90,197885,买盘,002670,2025-10-17 22:58:48
10:33:00,21.99,0.0,140,307855,买盘,002670,2025-10-17 22:58:48
10:33:03,21.98,-0.01,105,230855,卖盘,002670,2025-10-17 22:58:48
10:33:06,21.98,0.0,296,650695,卖盘,002670,2025-10-17 22:58:48
10:33:09,21.98,0.0,349,767110,卖盘,002670,2025-10-17 22:58:48
10:33:12,21.98,0.0,99,217602,买盘,002670,2025-10-17 22:58:48
10:33:15,21.98,0.0,26,57143,买盘,002670,2025-10-17 22:58:48
10:33:18,21.98,0.0,307,674998,买盘,002670,2025-10-17 22:58:48
10:33:21,21.98,0.0,1544,3396150,卖盘,002670,2025-10-17 22:58:48
10:33:24,21.98,0.0,9,19782,卖盘,002670,2025-10-17 22:58:48
10:33:27,21.99,0.01,116,255003,买盘,002670,2025-10-17 22:58:48
10:33:30,21.99,0.0,166,364916,买盘,002670,2025-10-17 22:58:48
10:33:33,21.99,0.0,153,336425,买盘,002670,2025-10-17 22:58:48
10:33:36,22.0,0.01,60,131990,买盘,002670,2025-10-17 22:58:48
10:33:39,22.0,0.0,126,277192,买盘,002670,2025-10-17 22:58:48
10:33:42,22.0,0.0,283,622390,买盘,002670,2025-10-17 22:58:48
10:33:45,22.0,0.0,20,43999,买盘,002670,2025-10-17 22:58:48
10:33:48,22.0,0.0,270,593861,买盘,002670,2025-10-17 22:58:48
10:33:51,21.99,-0.01,83,182590,中性盘,002670,2025-10-17 22:58:48
10:33:54,22.0,0.01,636,1399134,买盘,002670,2025-10-17 22:58:48
10:33:57,21.99,-0.01,215,472965,卖盘,002670,2025-10-17 22:58:48
10:34:00,22.0,0.01,251,552075,买盘,002670,2025-10-17 22:58:48
10:34:03,22.0,0.0,129,283715,买盘,002670,2025-10-17 22:58:48
10:34:06,22.0,0.0,183,402506,买盘,002670,2025-10-17 22:58:48
10:34:09,22.0,0.0,209,459800,买盘,002670,2025-10-17 22:58:48
10:34:12,22.01,0.01,367,807312,买盘,002670,2025-10-17 22:58:48
10:34:15,22.01,0.0,161,354292,买盘,002670,2025-10-17 22:58:48
10:34:18,22.01,0.0,34,74835,买盘,002670,2025-10-17 22:58:48
10:34:21,22.01,0.0,112,246580,卖盘,002670,2025-10-17 22:58:48
10:34:24,22.01,0.0,77,169515,卖盘,002670,2025-10-17 22:58:48
10:34:27,22.02,0.01,64,140928,买盘,002670,2025-10-17 22:58:48
10:34:30,22.01,-0.01,98,215749,卖盘,002670,2025-10-17 22:58:48
10:34:33,22.02,0.01,47,103482,中性盘,002670,2025-10-17 22:58:48
10:34:36,22.02,0.0,99,217980,买盘,002670,2025-10-17 22:58:48
10:34:39,22.02,0.0,82,180538,买盘,002670,2025-10-17 22:58:48
10:34:42,22.02,0.0,89,195975,买盘,002670,2025-10-17 22:58:48
10:34:45,22.0,-0.02,298,655879,卖盘,002670,2025-10-17 22:58:48
10:34:48,22.0,0.0,283,622506,卖盘,002670,2025-10-17 22:58:48
10:34:51,22.03,0.03,347,763918,买盘,002670,2025-10-17 22:58:48
10:34:54,22.0,-0.03,193,424630,卖盘,002670,2025-10-17 22:58:48
10:34:57,21.99,-0.01,54,118786,中性盘,002670,2025-10-17 22:58:48
10:35:00,22.0,0.01,158,347596,买盘,002670,2025-10-17 22:58:48
10:35:03,21.99,-0.01,568,1248481,中性盘,002670,2025-10-17 22:58:48
10:35:06,21.99,0.0,106,233054,买盘,002670,2025-10-17 22:58:48
10:35:09,22.0,0.01,160,351967,买盘,002670,2025-10-17 22:58:48
10:35:12,21.99,-0.01,10,21990,卖盘,002670,2025-10-17 22:58:48
10:35:15,22.0,0.01,27,59399,买盘,002670,2025-10-17 22:58:48
10:35:18,22.0,0.0,30,65986,买盘,002670,2025-10-17 22:58:48
10:35:21,22.0,0.0,123,270580,买盘,002670,2025-10-17 22:58:48
10:35:24,22.0,0.0,57,125382,买盘,002670,2025-10-17 22:58:48
10:35:27,22.0,0.0,24,52797,买盘,002670,2025-10-17 22:58:48
10:35:30,22.0,0.0,22,48399,买盘,002670,2025-10-17 22:58:48
10:35:33,22.0,0.0,112,246396,买盘,002670,2025-10-17 22:58:48
10:35:36,22.0,0.0,103,226596,买盘,002670,2025-10-17 22:58:48
10:35:39,22.0,0.0,164,360800,买盘,002670,2025-10-17 22:58:48
10:35:42,22.01,0.01,17,37401,买盘,002670,2025-10-17 22:58:48
10:35:45,22.0,-0.01,29,63816,卖盘,002670,2025-10-17 22:58:48
10:35:48,22.01,0.01,89,195885,买盘,002670,2025-10-17 22:58:48
10:35:51,22.02,0.01,103,226763,买盘,002670,2025-10-17 22:58:48
10:35:54,22.02,0.0,9,19817,买盘,002670,2025-10-17 22:58:48
10:35:57,22.03,0.01,17,37438,买盘,002670,2025-10-17 22:58:48
10:36:00,22.03,0.0,52,114493,买盘,002670,2025-10-17 22:58:48
10:36:03,22.03,0.0,133,292999,买盘,002670,2025-10-17 22:58:48
10:36:06,22.03,0.0,129,284198,卖盘,002670,2025-10-17 22:58:48
10:36:09,22.03,0.0,142,312824,卖盘,002670,2025-10-17 22:58:48
10:36:12,22.03,0.0,112,246733,买盘,002670,2025-10-17 22:58:48
10:36:15,22.02,-0.01,104,229044,卖盘,002670,2025-10-17 22:58:48
10:36:18,22.03,0.01,259,570544,买盘,002670,2025-10-17 22:58:48
10:36:21,22.03,0.0,170,374457,买盘,002670,2025-10-17 22:58:48
10:36:24,22.02,-0.01,238,524180,卖盘,002670,2025-10-17 22:58:48
10:36:27,22.03,0.01,105,231263,买盘,002670,2025-10-17 22:58:48
10:36:30,22.03,0.0,43,94732,卖盘,002670,2025-10-17 22:58:48
10:36:33,22.03,0.0,37,81511,卖盘,002670,2025-10-17 22:58:48
10:36:36,22.03,0.0,152,334857,买盘,002670,2025-10-17 22:58:48
10:36:39,22.04,0.01,64,140994,买盘,002670,2025-10-17 22:58:48
10:36:42,22.03,-0.01,89,196113,中性盘,002670,2025-10-17 22:58:48
10:36:45,22.03,0.0,163,359012,买盘,002670,2025-10-17 22:58:48
10:36:48,22.0,-0.03,916,2015991,卖盘,002670,2025-10-17 22:58:48
10:36:51,22.02,0.02,112,246464,买盘,002670,2025-10-17 22:58:48
10:36:54,22.03,0.01,208,458068,买盘,002670,2025-10-17 22:58:48
10:36:57,22.0,-0.03,83,182759,卖盘,002670,2025-10-17 22:58:48
10:37:00,22.0,0.0,110,242114,卖盘,002670,2025-10-17 22:58:48
10:37:03,22.01,0.01,31,68212,买盘,002670,2025-10-17 22:58:48
10:37:06,22.01,0.0,26,57218,卖盘,002670,2025-10-17 22:58:48
10:37:09,22.01,0.0,26,57226,卖盘,002670,2025-10-17 22:58:48
10:37:12,22.0,-0.01,32,70430,卖盘,002670,2025-10-17 22:58:48
10:37:15,22.0,0.0,52,114431,卖盘,002670,2025-10-17 22:58:48
10:37:18,22.0,0.0,87,191460,卖盘,002670,2025-10-17 22:58:48
10:37:21,22.0,0.0,11,24201,卖盘,002670,2025-10-17 22:58:48
10:37:24,22.0,0.0,44,96823,卖盘,002670,2025-10-17 22:58:48
10:37:27,22.0,0.0,46,101227,卖盘,002670,2025-10-17 22:58:48
10:37:30,22.01,0.01,114,250821,买盘,002670,2025-10-17 22:58:48
10:37:33,22.01,0.0,143,314743,卖盘,002670,2025-10-17 22:58:48
10:37:36,22.01,0.0,110,242110,卖盘,002670,2025-10-17 22:58:48
10:37:39,22.01,0.0,69,151884,卖盘,002670,2025-10-17 22:58:48
10:37:42,22.01,0.0,13,28613,卖盘,002670,2025-10-17 22:58:48
10:37:45,22.0,-0.01,33,72616,卖盘,002670,2025-10-17 22:58:48
10:37:48,22.0,0.0,81,178230,卖盘,002670,2025-10-17 22:58:48
10:37:51,22.01,0.01,72,158414,买盘,002670,2025-10-17 22:58:48
10:37:54,22.0,-0.01,245,539171,卖盘,002670,2025-10-17 22:58:48
10:37:57,22.0,0.0,272,598318,卖盘,002670,2025-10-17 22:58:48
10:38:00,21.99,-0.01,55,120992,卖盘,002670,2025-10-17 22:58:48
10:38:03,22.0,0.01,141,310195,买盘,002670,2025-10-17 22:58:48
10:38:06,22.0,0.0,20,43985,买盘,002670,2025-10-17 22:58:48
10:38:09,22.0,0.0,152,334313,买盘,002670,2025-10-17 22:58:48
10:38:12,22.0,0.0,29,63790,买盘,002670,2025-10-17 22:58:48
10:38:15,22.0,0.0,35,76978,买盘,002670,2025-10-17 22:58:48
10:38:18,22.0,0.0,29,63795,买盘,002670,2025-10-17 22:58:48
10:38:21,22.0,0.0,18,39595,买盘,002670,2025-10-17 22:58:48
10:38:24,21.99,-0.01,26,57174,卖盘,002670,2025-10-17 22:58:48
10:38:27,22.0,0.01,367,807380,买盘,002670,2025-10-17 22:58:48
10:38:30,22.0,0.0,47,103400,卖盘,002670,2025-10-17 22:58:48
10:38:33,22.0,0.0,64,140802,卖盘,002670,2025-10-17 22:58:48
10:38:36,22.01,0.01,55,121015,买盘,002670,2025-10-17 22:58:48
10:38:39,22.01,0.0,13,28601,买盘,002670,2025-10-17 22:58:48
10:38:42,22.0,-0.01,15,33005,卖盘,002670,2025-10-17 22:58:48
10:38:45,22.01,0.01,322,708242,买盘,002670,2025-10-17 22:58:48
10:38:48,22.0,-0.01,32,70417,中性盘,002670,2025-10-17 22:58:48
10:38:51,22.0,0.0,29,63800,买盘,002670,2025-10-17 22:58:48
10:38:54,22.01,0.01,102,224403,买盘,002670,2025-10-17 22:58:48
10:38:57,22.01,0.0,8,17601,买盘,002670,2025-10-17 22:58:48
10:39:00,22.0,-0.01,95,209006,卖盘,002670,2025-10-17 22:58:48
10:39:03,22.0,0.0,28,61608,卖盘,002670,2025-10-17 22:58:48
10:39:06,22.0,0.0,204,448663,卖盘,002670,2025-10-17 22:58:48
10:39:09,21.97,-0.03,461,1013257,卖盘,002670,2025-10-17 22:58:48
10:39:12,21.98,0.01,20,43960,买盘,002670,2025-10-17 22:58:48
10:39:15,21.95,-0.03,595,1305754,卖盘,002670,2025-10-17 22:58:48
10:39:18,21.95,0.0,29,63675,卖盘,002670,2025-10-17 22:58:48
10:39:21,21.95,0.0,3,6585,卖盘,002670,2025-10-17 22:58:48
10:39:24,21.98,0.03,30,65883,买盘,002670,2025-10-17 22:58:48
10:39:27,21.95,-0.03,63,138285,卖盘,002670,2025-10-17 22:58:48
10:39:30,21.95,0.0,64,140480,卖盘,002670,2025-10-17 22:58:48
10:39:33,21.95,0.0,33,72204,卖盘,002670,2025-10-17 22:58:48
10:39:36,21.97,0.02,81,178046,买盘,002670,2025-10-17 22:58:48
10:39:39,21.96,-0.01,32,70294,中性盘,002670,2025-10-17 22:58:48
10:39:42,21.95,-0.01,113,248084,卖盘,002670,2025-10-17 22:58:48
10:39:45,21.95,0.0,32,70248,卖盘,002670,2025-10-17 22:58:48
10:39:48,21.95,0.0,148,325106,卖盘,002670,2025-10-17 22:58:48
10:39:51,21.95,0.0,30,65893,卖盘,002670,2025-10-17 22:58:48
10:39:54,21.95,0.0,138,302669,卖盘,002670,2025-10-17 22:58:48
10:39:57,21.95,0.0,58,127257,买盘,002670,2025-10-17 22:58:48
10:40:00,21.94,-0.01,78,171176,卖盘,002670,2025-10-17 22:58:48
10:40:03,21.94,0.0,195,427795,卖盘,002670,2025-10-17 22:58:48
10:40:06,21.94,0.0,85,186424,买盘,002670,2025-10-17 22:58:48
10:40:09,21.92,-0.02,445,975657,卖盘,002670,2025-10-17 22:58:48
10:40:12,21.92,0.0,103,225708,买盘,002670,2025-10-17 22:58:48
10:40:15,21.91,-0.01,34,74512,卖盘,002670,2025-10-17 22:58:48
10:40:18,21.92,0.01,19,41648,买盘,002670,2025-10-17 22:58:48
10:40:21,21.92,0.0,75,164337,买盘,002670,2025-10-17 22:58:48
10:40:24,21.91,-0.01,107,234485,卖盘,002670,2025-10-17 22:58:48
10:40:27,21.91,0.0,85,186245,卖盘,002670,2025-10-17 22:58:48
10:40:30,21.91,0.0,36,78876,卖盘,002670,2025-10-17 22:58:48
10:40:33,21.91,0.0,131,287021,买盘,002670,2025-10-17 22:58:48
10:40:36,21.91,0.0,73,159978,卖盘,002670,2025-10-17 22:58:48
10:40:39,21.91,0.0,35,76695,卖盘,002670,2025-10-17 22:58:48
10:40:42,21.91,0.0,176,385635,卖盘,002670,2025-10-17 22:58:48
10:40:45,21.92,0.01,23,50402,买盘,002670,2025-10-17 22:58:48
10:40:48,21.91,-0.01,33,72306,卖盘,002670,2025-10-17 22:58:48
10:40:51,21.92,0.01,83,181867,买盘,002670,2025-10-17 22:58:48
10:40:54,21.92,0.0,36,78893,买盘,002670,2025-10-17 22:58:48
10:40:57,21.92,0.0,87,190656,买盘,002670,2025-10-17 22:58:48
10:41:00,21.92,0.0,225,493157,买盘,002670,2025-10-17 22:58:48
10:41:03,21.92,0.0,83,181936,卖盘,002670,2025-10-17 22:58:48
10:41:06,21.92,0.0,54,118368,卖盘,002670,2025-10-17 22:58:48
10:41:09,21.93,0.01,35,76724,买盘,002670,2025-10-17 22:58:48
10:41:12,21.93,0.0,70,153521,卖盘,002670,2025-10-17 22:58:48
10:41:15,21.93,0.0,21,46054,卖盘,002670,2025-10-17 22:58:48
10:41:18,21.93,0.0,23,50449,卖盘,002670,2025-10-17 22:58:48
10:41:21,21.95,0.02,9,19755,买盘,002670,2025-10-17 22:58:48
10:41:24,21.94,-0.01,86,188695,卖盘,002670,2025-10-17 22:58:48
10:41:27,21.94,0.0,13,28532,卖盘,002670,2025-10-17 22:58:48
10:41:30,21.94,0.0,52,114091,卖盘,002670,2025-10-17 22:58:48
10:41:33,21.95,0.01,26,57057,买盘,002670,2025-10-17 22:58:48
10:41:36,21.95,0.0,214,469671,买盘,002670,2025-10-17 22:58:48
10:41:39,21.95,0.0,36,79022,卖盘,002670,2025-10-17 22:58:48
10:41:42,21.95,0.0,23,50489,卖盘,002670,2025-10-17 22:58:48
10:41:45,21.96,0.01,23,50500,买盘,002670,2025-10-17 22:58:48
10:41:48,21.95,-0.01,75,164670,卖盘,002670,2025-10-17 22:58:48
10:41:51,21.93,-0.02,185,405957,卖盘,002670,2025-10-17 22:58:48
10:41:54,21.94,0.01,37,81149,买盘,002670,2025-10-17 22:58:48
10:41:57,21.95,0.01,216,473977,买盘,002670,2025-10-17 22:58:48
10:42:00,21.94,-0.01,60,131572,买盘,002670,2025-10-17 22:58:48
10:42:03,21.93,-0.01,228,500001,中性盘,002670,2025-10-17 22:58:48
10:42:06,21.92,-0.01,28,61377,中性盘,002670,2025-10-17 22:58:48
10:42:09,21.9,-0.02,896,1963500,卖盘,002670,2025-10-17 22:58:48
10:42:12,21.93,0.03,10,21929,买盘,002670,2025-10-17 22:58:48
10:42:15,21.92,-0.01,30,65736,买盘,002670,2025-10-17 22:58:48
10:42:18,21.9,-0.02,114,249932,卖盘,002670,2025-10-17 22:58:48
10:42:21,21.9,0.0,1253,2744090,卖盘,002670,2025-10-17 22:58:48
10:42:24,21.89,-0.01,37,81005,卖盘,002670,2025-10-17 22:58:48
10:42:27,21.89,0.0,64,140098,卖盘,002670,2025-10-17 22:58:48
10:42:30,21.89,0.0,161,352445,卖盘,002670,2025-10-17 22:58:48
10:42:33,21.89,0.0,52,113829,卖盘,002670,2025-10-17 22:58:48
10:42:36,21.89,0.0,56,122584,卖盘,002670,2025-10-17 22:58:48
10:42:39,21.88,-0.01,104,227574,卖盘,002670,2025-10-17 22:58:48
10:42:42,21.88,0.0,77,168476,卖盘,002670,2025-10-17 22:58:48
10:42:45,21.88,0.0,325,711209,卖盘,002670,2025-10-17 22:58:48
10:42:48,21.88,0.0,32,70018,卖盘,002670,2025-10-17 22:58:48
10:42:51,21.89,0.01,140,306386,买盘,002670,2025-10-17 22:58:48
10:42:54,21.86,-0.03,497,1087063,卖盘,002670,2025-10-17 22:58:48
10:42:57,21.86,0.0,371,811075,卖盘,002670,2025-10-17 22:58:48
10:43:00,21.86,0.0,83,181438,卖盘,002670,2025-10-17 22:58:48
10:43:03,21.86,0.0,96,209857,卖盘,002670,2025-10-17 22:58:48
10:43:06,21.86,0.0,83,181438,买盘,002670,2025-10-17 22:58:48
10:43:09,21.86,0.0,304,664262,买盘,002670,2025-10-17 22:58:48
10:43:12,21.86,0.0,154,336536,买盘,002670,2025-10-17 22:58:48
10:43:15,21.86,0.0,195,426211,买盘,002670,2025-10-17 22:58:48
10:43:18,21.85,-0.01,372,812975,卖盘,002670,2025-10-17 22:58:48
10:43:21,21.84,-0.01,65,142019,卖盘,002670,2025-10-17 22:58:48
10:43:24,21.84,0.0,97,211906,卖盘,002670,2025-10-17 22:58:48
10:43:27,21.84,0.0,52,113576,卖盘,002670,2025-10-17 22:58:48
10:43:30,21.84,0.0,107,233689,卖盘,002670,2025-10-17 22:58:48
10:43:33,21.85,0.01,62,135428,买盘,002670,2025-10-17 22:58:48
10:43:36,21.84,-0.01,449,980730,卖盘,002670,2025-10-17 22:58:48
10:43:39,21.83,-0.01,198,432347,卖盘,002670,2025-10-17 22:58:48
10:43:42,21.84,0.01,138,301332,买盘,002670,2025-10-17 22:58:48
10:43:45,21.84,0.0,20,43680,买盘,002670,2025-10-17 22:58:48
10:43:48,21.83,-0.01,54,117933,卖盘,002670,2025-10-17 22:58:48
10:43:51,21.84,0.01,72,157254,中性盘,002670,2025-10-17 22:58:48
10:43:54,21.85,0.01,133,290486,买盘,002670,2025-10-17 22:58:48
10:43:57,21.85,0.0,100,218484,买盘,002670,2025-10-17 22:58:48
10:44:00,21.85,0.0,73,159477,卖盘,002670,2025-10-17 22:58:48
10:44:03,21.86,0.01,78,170444,买盘,002670,2025-10-17 22:58:48
10:44:06,21.84,-0.02,226,493597,卖盘,002670,2025-10-17 22:58:48
10:44:09,21.84,0.0,143,312323,买盘,002670,2025-10-17 22:58:48
10:44:12,21.85,0.01,80,174730,买盘,002670,2025-10-17 22:58:48
10:44:15,21.84,-0.01,84,183490,卖盘,002670,2025-10-17 22:58:48
10:44:18,21.85,0.01,82,179146,买盘,002670,2025-10-17 22:58:48
10:44:21,21.85,0.0,128,279571,买盘,002670,2025-10-17 22:58:48
10:44:24,21.85,0.0,81,176947,买盘,002670,2025-10-17 22:58:48
10:44:27,21.85,0.0,81,176961,买盘,002670,2025-10-17 22:58:48
10:44:30,21.85,0.0,52,113600,买盘,002670,2025-10-17 22:58:48
10:44:33,21.85,0.0,69,150710,买盘,002670,2025-10-17 22:58:48
10:44:36,21.84,-0.01,86,187884,卖盘,002670,2025-10-17 22:58:48
10:44:39,21.84,0.0,85,185659,卖盘,002670,2025-10-17 22:58:48
10:44:42,21.85,0.01,173,377953,买盘,002670,2025-10-17 22:58:48
10:44:45,21.84,-0.01,29,63336,卖盘,002670,2025-10-17 22:58:48
10:44:48,21.84,0.0,63,137572,买盘,002670,2025-10-17 22:58:48
10:44:51,21.84,0.0,91,198740,买盘,002670,2025-10-17 22:58:48
10:44:54,21.83,-0.01,388,847005,卖盘,002670,2025-10-17 22:58:48
10:44:57,21.81,-0.02,1185,2584911,卖盘,002670,2025-10-17 22:58:48
10:45:00,21.83,0.02,50,109138,买盘,002670,2025-10-17 22:58:48
10:45:03,21.81,-0.02,97,211624,卖盘,002670,2025-10-17 22:58:48
10:45:06,21.8,-0.01,1023,2230194,卖盘,002670,2025-10-17 22:58:48
10:45:09,21.8,0.0,236,514536,卖盘,002670,2025-10-17 22:58:48
10:45:12,21.81,0.01,326,710797,买盘,002670,2025-10-17 22:58:48
10:45:15,21.8,-0.01,271,590949,卖盘,002670,2025-10-17 22:58:48
10:45:18,21.8,0.0,189,412044,卖盘,002670,2025-10-17 22:58:48
10:45:21,21.81,0.01,356,776181,买盘,002670,2025-10-17 22:58:48
10:45:24,21.8,-0.01,281,612654,卖盘,002670,2025-10-17 22:58:48
10:45:27,21.8,0.0,208,453501,卖盘,002670,2025-10-17 22:58:48
10:45:30,21.8,0.0,121,263721,买盘,002670,2025-10-17 22:58:48
10:45:33,21.79,-0.01,170,370528,卖盘,002670,2025-10-17 22:58:48
10:45:36,21.8,0.01,77,167804,买盘,002670,2025-10-17 22:58:48
10:45:39,21.8,0.0,137,298602,卖盘,002670,2025-10-17 22:58:48
10:45:42,21.79,-0.01,145,315955,卖盘,002670,2025-10-17 22:58:48
10:45:45,21.79,0.0,76,165594,买盘,002670,2025-10-17 22:58:48
10:45:48,21.79,0.0,351,764676,买盘,002670,2025-10-17 22:58:48
10:45:51,21.77,-0.02,842,1833280,卖盘,002670,2025-10-17 22:58:48
10:45:54,21.76,-0.01,70,152351,卖盘,002670,2025-10-17 22:58:48
10:45:57,21.76,0.0,229,498370,卖盘,002670,2025-10-17 22:58:48
10:46:00,21.76,0.0,357,776832,卖盘,002670,2025-10-17 22:58:48
10:46:03,21.76,0.0,111,241549,卖盘,002670,2025-10-17 22:58:48
10:46:06,21.75,-0.01,82,178396,卖盘,002670,2025-10-17 22:58:48
10:46:09,21.75,0.0,297,645987,卖盘,002670,2025-10-17 22:58:48
10:46:12,21.74,-0.01,69,150027,卖盘,002670,2025-10-17 22:58:48
10:46:15,21.74,0.0,110,239162,卖盘,002670,2025-10-17 22:58:48
10:46:18,21.74,0.0,125,271659,买盘,002670,2025-10-17 22:58:48
10:46:21,21.73,-0.01,220,478100,卖盘,002670,2025-10-17 22:58:48
10:46:24,21.73,0.0,77,167315,买盘,002670,2025-10-17 22:58:48
10:46:27,21.72,-0.01,142,308400,卖盘,002670,2025-10-17 22:58:48
10:46:30,21.72,0.0,100,217185,买盘,002670,2025-10-17 22:58:48
10:46:33,21.71,-0.01,207,449453,卖盘,002670,2025-10-17 22:58:48
10:46:36,21.71,0.0,528,1145992,卖盘,002670,2025-10-17 22:58:48
10:46:39,21.71,0.0,116,251779,买盘,002670,2025-10-17 22:58:48
10:46:42,21.7,-0.01,236,512221,卖盘,002670,2025-10-17 22:58:48
10:46:45,21.7,0.0,717,1555938,卖盘,002670,2025-10-17 22:58:48
10:46:48,21.7,0.0,181,392744,买盘,002670,2025-10-17 22:58:48
10:46:51,21.69,-0.01,341,739723,卖盘,002670,2025-10-17 22:58:48
10:46:54,21.69,0.0,244,529129,卖盘,002670,2025-10-17 22:58:48
10:46:57,21.69,0.0,245,531245,买盘,002670,2025-10-17 22:58:48
10:47:00,21.68,-0.01,460,997151,卖盘,002670,2025-10-17 22:58:48
10:47:03,21.68,0.0,151,327324,买盘,002670,2025-10-17 22:58:48
10:47:06,21.68,0.0,346,749998,买盘,002670,2025-10-17 22:58:48
10:47:09,21.69,0.01,499,1081969,买盘,002670,2025-10-17 22:58:48
10:47:12,21.68,-0.01,339,735084,卖盘,002670,2025-10-17 22:58:48
10:47:15,21.69,0.01,358,776323,买盘,002670,2025-10-17 22:58:48
10:47:18,21.7,0.01,117,254411,买盘,002670,2025-10-17 22:58:48
10:47:21,21.7,0.0,133,288512,买盘,002670,2025-10-17 22:58:48
10:47:24,21.7,0.0,151,327599,买盘,002670,2025-10-17 22:58:48
10:47:27,21.7,0.0,307,666097,买盘,002670,2025-10-17 22:58:48
10:47:30,21.7,0.0,338,733318,买盘,002670,2025-10-17 22:58:48
10:47:33,21.7,0.0,369,800514,买盘,002670,2025-10-17 22:58:48
10:47:36,21.7,0.0,1095,2375837,买盘,002670,2025-10-17 22:58:48
10:47:39,21.71,0.01,127,275588,买盘,002670,2025-10-17 22:58:48
10:47:42,21.7,-0.01,224,486071,卖盘,002670,2025-10-17 22:58:48
10:47:45,21.7,0.0,257,557815,卖盘,002670,2025-10-17 22:58:48
10:47:48,21.71,0.01,149,323380,买盘,002670,2025-10-17 22:58:48
10:47:51,21.7,-0.01,200,434070,卖盘,002670,2025-10-17 22:58:48
10:47:54,21.71,0.01,107,232302,买盘,002670,2025-10-17 22:58:48
10:47:57,21.72,0.01,204,442815,买盘,002670,2025-10-17 22:58:48
10:48:00,21.72,0.0,103,223691,买盘,002670,2025-10-17 22:58:48
10:48:03,21.72,0.0,123,267116,买盘,002670,2025-10-17 22:58:48
10:48:06,21.73,0.01,85,184631,买盘,002670,2025-10-17 22:58:48
10:48:09,21.73,0.0,54,117309,买盘,002670,2025-10-17 22:58:48
10:48:12,21.74,0.01,51,110840,买盘,002670,2025-10-17 22:58:48
10:48:15,21.74,0.0,83,180406,买盘,002670,2025-10-17 22:58:48
10:48:18,21.74,0.0,60,130440,买盘,002670,2025-10-17 22:58:48
10:48:21,21.74,0.0,55,119563,买盘,002670,2025-10-17 22:58:48
10:48:24,21.75,0.01,55,119616,买盘,002670,2025-10-17 22:58:48
10:48:27,21.77,0.02,66,143603,买盘,002670,2025-10-17 22:58:48
10:48:30,21.77,0.0,8,17406,买盘,002670,2025-10-17 22:58:48
10:48:33,21.78,0.01,45,98012,买盘,002670,2025-10-17 22:58:48
10:48:36,21.79,0.01,49,106746,买盘,002670,2025-10-17 22:58:48
10:48:39,21.8,0.01,96,209152,买盘,002670,2025-10-17 22:58:48
10:48:42,21.8,0.0,55,119900,买盘,002670,2025-10-17 22:58:48
10:48:45,21.81,0.01,158,344442,买盘,002670,2025-10-17 22:58:48
10:48:48,21.81,0.0,41,89421,买盘,002670,2025-10-17 22:58:48
10:48:51,21.81,0.0,46,100358,卖盘,002670,2025-10-17 22:58:48
10:48:54,21.81,0.0,911,1985625,卖盘,002670,2025-10-17 22:58:48
10:48:57,21.78,-0.03,261,568884,中性盘,002670,2025-10-17 22:58:48
10:49:00,21.77,-0.01,54,117606,卖盘,002670,2025-10-17 22:58:48
10:49:03,21.77,0.0,150,326988,卖盘,002670,2025-10-17 22:58:48
10:49:06,21.78,0.01,105,228609,买盘,002670,2025-10-17 22:58:48
10:49:09,21.78,0.0,213,463901,买盘,002670,2025-10-17 22:58:48
10:49:12,21.77,-0.01,52,113259,卖盘,002670,2025-10-17 22:58:48
10:49:15,21.78,0.01,64,139378,中性盘,002670,2025-10-17 22:58:48
10:49:18,21.78,0.0,195,424763,买盘,002670,2025-10-17 22:58:48
10:49:21,21.78,0.0,112,243963,买盘,002670,2025-10-17 22:58:48
10:49:24,21.78,0.0,105,228659,买盘,002670,2025-10-17 22:58:48
10:49:27,21.77,-0.01,92,200342,卖盘,002670,2025-10-17 22:58:48
10:49:30,21.79,0.02,93,202619,买盘,002670,2025-10-17 22:58:48
10:49:33,21.77,-0.02,102,222167,卖盘,002670,2025-10-17 22:58:48
10:49:36,21.78,0.01,39,84942,买盘,002670,2025-10-17 22:58:48
10:49:39,21.78,0.0,63,137176,买盘,002670,2025-10-17 22:58:48
10:49:42,21.76,-0.02,39,84902,卖盘,002670,2025-10-17 22:58:48
10:49:45,21.78,0.02,85,185040,买盘,002670,2025-10-17 22:58:48
10:49:48,21.77,-0.01,19,41363,卖盘,002670,2025-10-17 22:58:48
10:49:51,21.78,0.01,249,542197,买盘,002670,2025-10-17 22:58:48
10:49:54,21.78,0.0,10,21780,卖盘,002670,2025-10-17 22:58:48
10:49:57,21.77,-0.01,144,313629,卖盘,002670,2025-10-17 22:58:48
10:50:00,21.77,0.0,11,23951,卖盘,002670,2025-10-17 22:58:48
10:50:03,21.77,0.0,105,228585,卖盘,002670,2025-10-17 22:58:48
10:50:06,21.77,0.0,53,115381,买盘,002670,2025-10-17 22:58:48
10:50:09,21.78,0.01,176,383169,买盘,002670,2025-10-17 22:58:48
10:50:12,21.76,-0.02,58,126267,卖盘,002670,2025-10-17 22:58:48
10:50:15,21.77,0.01,34,74041,中性盘,002670,2025-10-17 22:58:48
10:50:18,21.77,0.0,44,95799,卖盘,002670,2025-10-17 22:58:48
10:50:21,21.77,0.0,148,322328,卖盘,002670,2025-10-17 22:58:48
10:50:24,21.78,0.01,165,359225,买盘,002670,2025-10-17 22:58:48
10:50:27,21.78,0.0,104,226432,买盘,002670,2025-10-17 22:58:48
10:50:30,21.78,0.0,23,50085,买盘,002670,2025-10-17 22:58:48
10:50:33,21.78,0.0,109,237355,买盘,002670,2025-10-17 22:58:48
10:50:36,21.78,0.0,26,56618,买盘,002670,2025-10-17 22:58:48
10:50:39,21.79,0.01,87,189531,买盘,002670,2025-10-17 22:58:48
10:50:42,21.79,0.0,12,26148,买盘,002670,2025-10-17 22:58:48
10:50:45,21.79,0.0,75,163418,买盘,002670,2025-10-17 22:58:48
10:50:48,21.79,0.0,359,781853,卖盘,002670,2025-10-17 22:58:48
10:50:51,21.79,0.0,30,65380,买盘,002670,2025-10-17 22:58:48
10:50:54,21.8,0.01,38,82809,买盘,002670,2025-10-17 22:58:48
10:50:57,21.8,0.0,13,28339,买盘,002670,2025-10-17 22:58:48
10:51:00,21.8,0.0,382,832145,买盘,002670,2025-10-17 22:58:48
10:51:03,21.8,0.0,35,76300,买盘,002670,2025-10-17 22:58:48
10:51:06,21.8,0.0,122,265957,买盘,002670,2025-10-17 22:58:48
10:51:09,21.8,0.0,49,106795,买盘,002670,2025-10-17 22:58:48
10:51:12,21.8,0.0,32,69747,买盘,002670,2025-10-17 22:58:48
10:51:15,21.8,0.0,108,235348,买盘,002670,2025-10-17 22:58:48
10:51:18,21.8,0.0,12,26160,卖盘,002670,2025-10-17 22:58:48
10:51:21,21.8,0.0,48,104663,卖盘,002670,2025-10-17 22:58:48
10:51:24,21.8,0.0,188,409840,卖盘,002670,2025-10-17 22:58:48
10:51:27,21.8,0.0,85,185300,买盘,002670,2025-10-17 22:58:48
10:51:30,21.8,0.0,47,102441,买盘,002670,2025-10-17 22:58:48
10:51:33,21.79,-0.01,176,383287,中性盘,002670,2025-10-17 22:58:48
10:51:36,21.79,0.0,39,84972,买盘,002670,2025-10-17 22:58:48
10:51:39,21.78,-0.01,19,41392,卖盘,002670,2025-10-17 22:58:48
10:51:42,21.78,0.0,71,154645,卖盘,002670,2025-10-17 22:58:48
10:51:45,21.78,0.0,7,15246,买盘,002670,2025-10-17 22:58:48
10:51:48,21.77,-0.01,45,97977,卖盘,002670,2025-10-17 22:58:48
10:51:51,21.77,0.0,13,28312,卖盘,002670,2025-10-17 22:58:48
10:51:54,21.76,-0.01,357,777186,卖盘,002670,2025-10-17 22:58:48
10:51:57,21.76,0.0,132,287301,卖盘,002670,2025-10-17 22:58:48
10:52:00,21.76,0.0,135,293778,卖盘,002670,2025-10-17 22:58:48
10:52:03,21.76,0.0,10,21760,买盘,002670,2025-10-17 22:58:48
