时间,成交价,价格变动,成交量,成交额,买卖盘性质,股票代码,采集时间
09:25:00,23.28,1.27,32228,75026784,买盘,002759,2025-10-17 22:48:48
09:30:00,23.38,0.1,24061,56274387,买盘,002759,2025-10-17 22:48:48
09:30:03,23.32,-0.06,20120,46978471,卖盘,002759,2025-10-17 22:48:48
09:30:06,23.37,0.05,19550,45683315,中性盘,002759,2025-10-17 22:48:48
09:30:09,23.2,-0.17,5170,12010688,卖盘,002759,2025-10-17 22:48:48
09:30:12,23.0,-0.2,5072,11723773,卖盘,002759,2025-10-17 22:48:48
09:30:15,22.9,-0.1,4151,9541337,卖盘,002759,2025-10-17 22:48:48
09:30:18,22.86,-0.04,4935,11322400,卖盘,002759,2025-10-17 22:48:48
09:30:21,22.85,-0.01,5057,11571075,卖盘,002759,2025-10-17 22:48:48
09:30:24,22.92,0.07,6243,14274640,买盘,002759,2025-10-17 22:48:48
09:30:27,23.03,0.11,3634,8350816,买盘,002759,2025-10-17 22:48:48
09:30:30,23.15,0.12,2432,5613179,买盘,002759,2025-10-17 22:48:48
09:30:33,23.32,0.17,5117,11877978,买盘,002759,2025-10-17 22:48:48
09:30:36,23.63,0.31,4088,9616410,买盘,002759,2025-10-17 22:48:48
09:30:39,23.75,0.12,1465,3473250,买盘,002759,2025-10-17 22:48:48
09:30:42,23.77,0.02,2626,6243763,买盘,002759,2025-10-17 22:48:48
09:30:45,23.75,-0.02,2651,6301088,卖盘,002759,2025-10-17 22:48:48
09:30:48,23.61,-0.14,4296,10187320,卖盘,002759,2025-10-17 22:48:48
09:30:51,23.61,0.0,3833,9045360,卖盘,002759,2025-10-17 22:48:48
09:30:54,23.61,0.0,10929,25903124,买盘,002759,2025-10-17 22:48:48
09:30:57,23.54,-0.07,4788,11284341,卖盘,002759,2025-10-17 22:48:48
09:31:00,23.49,-0.05,3488,8237031,中性盘,002759,2025-10-17 22:48:48
09:31:03,23.83,0.34,9941,23565756,买盘,002759,2025-10-17 22:48:48
09:31:06,23.84,0.01,5583,13303777,买盘,002759,2025-10-17 22:48:48
09:31:09,23.83,-0.01,3222,7685366,卖盘,002759,2025-10-17 22:48:48
09:31:12,23.79,-0.04,4100,9774964,卖盘,002759,2025-10-17 22:48:48
09:31:15,23.67,-0.12,5191,12344262,卖盘,002759,2025-10-17 22:48:48
09:31:18,23.91,0.24,6025,14378748,买盘,002759,2025-10-17 22:48:48
09:31:21,23.84,-0.07,2068,4931105,卖盘,002759,2025-10-17 22:48:48
09:31:24,23.84,0.0,2720,6489045,卖盘,002759,2025-10-17 22:48:48
09:31:27,23.84,0.0,4190,10005660,买盘,002759,2025-10-17 22:48:48
09:31:30,23.84,0.0,4420,10542541,卖盘,002759,2025-10-17 22:48:48
09:31:33,23.84,0.0,3232,7706368,卖盘,002759,2025-10-17 22:48:48
09:31:36,23.83,-0.01,3669,8744352,卖盘,002759,2025-10-17 22:48:48
09:31:39,23.8,-0.03,2764,6585505,卖盘,002759,2025-10-17 22:48:48
09:31:42,23.8,0.0,3270,7781326,中性盘,002759,2025-10-17 22:48:48
09:31:45,23.79,-0.01,5884,14020070,买盘,002759,2025-10-17 22:48:48
09:31:48,23.89,0.1,4991,11915447,买盘,002759,2025-10-17 22:48:48
09:31:51,24.0,0.11,5498,13169103,买盘,002759,2025-10-17 22:48:48
09:31:54,24.05,0.05,5153,12367997,买盘,002759,2025-10-17 22:48:48
09:31:57,24.07,0.02,3629,8736138,买盘,002759,2025-10-17 22:48:48
09:32:00,24.16,0.09,1451,3501380,买盘,002759,2025-10-17 22:48:48
09:32:03,24.17,0.01,6146,14861442,买盘,002759,2025-10-17 22:48:48
09:32:06,24.27,0.1,5793,14029849,中性盘,002759,2025-10-17 22:48:48
09:32:09,24.27,0.0,2830,6867555,买盘,002759,2025-10-17 22:48:48
09:32:12,24.2,-0.07,3722,9027805,卖盘,002759,2025-10-17 22:48:48
09:32:15,24.17,-0.03,2542,6142380,卖盘,002759,2025-10-17 22:48:48
09:32:18,24.16,-0.01,5220,12624809,卖盘,002759,2025-10-17 22:48:48
09:32:21,24.09,-0.07,4202,10137505,卖盘,002759,2025-10-17 22:48:48
09:32:24,24.07,-0.02,2321,5589871,卖盘,002759,2025-10-17 22:48:48
09:32:27,24.07,0.0,3038,7315766,卖盘,002759,2025-10-17 22:48:48
09:32:30,24.04,-0.03,3829,9216834,卖盘,002759,2025-10-17 22:48:48
09:32:33,24.06,0.02,5616,13520988,买盘,002759,2025-10-17 22:48:48
09:32:36,24.1,0.04,5695,13705196,买盘,002759,2025-10-17 22:48:48
09:32:39,24.1,0.0,1909,4590752,买盘,002759,2025-10-17 22:48:48
09:32:42,24.1,0.0,1855,4468567,卖盘,002759,2025-10-17 22:48:48
09:32:45,24.16,0.06,2229,5380813,买盘,002759,2025-10-17 22:48:48
09:32:48,24.16,0.0,4132,9965132,卖盘,002759,2025-10-17 22:48:48
09:32:51,24.16,0.0,1437,3470758,买盘,002759,2025-10-17 22:48:48
09:32:54,24.1,-0.06,936,2258522,卖盘,002759,2025-10-17 22:48:48
09:32:57,24.06,-0.04,1670,4025382,中性盘,002759,2025-10-17 22:48:48
09:33:00,23.99,-0.07,1780,4279577,卖盘,002759,2025-10-17 22:48:48
09:33:03,23.97,-0.02,1747,4190569,中性盘,002759,2025-10-17 22:48:48
09:33:06,23.97,0.0,3367,8075665,卖盘,002759,2025-10-17 22:48:48
09:33:09,23.83,-0.14,2283,5469882,卖盘,002759,2025-10-17 22:48:48
09:33:12,23.79,-0.04,1033,2464113,卖盘,002759,2025-10-17 22:48:48
09:33:15,23.79,0.0,1738,4140790,卖盘,002759,2025-10-17 22:48:48
09:33:18,23.86,0.07,3254,7759986,买盘,002759,2025-10-17 22:48:48
09:33:21,23.99,0.13,2394,5731502,买盘,002759,2025-10-17 22:48:48
09:33:24,24.1,0.11,1421,3419520,买盘,002759,2025-10-17 22:48:48
09:33:27,24.08,-0.02,2780,6699106,卖盘,002759,2025-10-17 22:48:48
09:33:30,24.01,-0.07,3304,7951706,卖盘,002759,2025-10-17 22:48:48
09:33:33,23.9,-0.11,2000,4801936,卖盘,002759,2025-10-17 22:48:48
09:33:36,23.91,0.01,1093,2618564,中性盘,002759,2025-10-17 22:48:48
09:33:39,24.01,0.1,3775,9058351,买盘,002759,2025-10-17 22:48:48
09:33:42,23.99,-0.02,3103,7453084,卖盘,002759,2025-10-17 22:48:48
09:33:45,24.1,0.11,6378,15344562,买盘,002759,2025-10-17 22:48:48
09:33:48,24.1,0.0,2942,7092157,买盘,002759,2025-10-17 22:48:48
09:33:51,24.17,0.07,3190,7705525,买盘,002759,2025-10-17 22:48:48
09:33:54,24.1,-0.07,1849,4456268,卖盘,002759,2025-10-17 22:48:48
09:33:57,24.15,0.05,1592,3842338,买盘,002759,2025-10-17 22:48:48
09:34:00,24.1,-0.05,1790,4306890,卖盘,002759,2025-10-17 22:48:48
09:34:03,24.1,0.0,1872,4505160,买盘,002759,2025-10-17 22:48:48
09:34:06,24.09,-0.01,3135,7538370,中性盘,002759,2025-10-17 22:48:48
09:34:09,24.05,-0.04,5300,12770650,中性盘,002759,2025-10-17 22:48:48
09:34:12,24.0,-0.05,3091,7431343,卖盘,002759,2025-10-17 22:48:48
09:34:15,24.09,0.09,3825,9182990,买盘,002759,2025-10-17 22:48:48
09:34:18,24.09,0.0,1514,3644051,买盘,002759,2025-10-17 22:48:48
09:34:21,24.03,-0.06,2593,6235272,卖盘,002759,2025-10-17 22:48:48
09:34:24,24.07,0.04,1556,3746991,买盘,002759,2025-10-17 22:48:48
09:34:27,24.0,-0.07,1209,2903641,卖盘,002759,2025-10-17 22:48:48
09:34:30,23.91,-0.09,447,1072918,卖盘,002759,2025-10-17 22:48:48
09:34:33,23.91,0.0,769,1843599,卖盘,002759,2025-10-17 22:48:48
09:34:36,23.91,0.0,630,1505959,卖盘,002759,2025-10-17 22:48:48
09:34:39,23.89,-0.02,434,1037037,卖盘,002759,2025-10-17 22:48:48
09:34:42,23.83,-0.06,3478,8312983,卖盘,002759,2025-10-17 22:48:48
09:34:45,23.88,0.05,1667,3979331,买盘,002759,2025-10-17 22:48:48
09:34:48,23.89,0.01,1413,3376102,买盘,002759,2025-10-17 22:48:48
09:34:51,23.89,0.0,2619,6254210,卖盘,002759,2025-10-17 22:48:48
09:34:54,23.89,0.0,641,1534325,卖盘,002759,2025-10-17 22:48:48
09:34:57,23.94,0.05,1226,2938096,买盘,002759,2025-10-17 22:48:48
09:35:00,23.95,0.01,1051,2513825,中性盘,002759,2025-10-17 22:48:48
09:35:03,23.92,-0.03,1683,4040125,卖盘,002759,2025-10-17 22:48:48
09:35:06,23.9,-0.02,930,2224982,卖盘,002759,2025-10-17 22:48:48
09:35:09,23.88,-0.02,1478,3542198,卖盘,002759,2025-10-17 22:48:48
09:35:12,23.82,-0.06,660,1573952,卖盘,002759,2025-10-17 22:48:48
09:35:15,23.8,-0.02,1027,2447911,卖盘,002759,2025-10-17 22:48:48
09:35:18,23.77,-0.03,1522,3627704,卖盘,002759,2025-10-17 22:48:48
09:35:21,23.76,-0.01,1003,2385091,卖盘,002759,2025-10-17 22:48:48
09:35:24,23.71,-0.05,1202,2854189,卖盘,002759,2025-10-17 22:48:48
09:35:27,23.74,0.03,4265,10132958,买盘,002759,2025-10-17 22:48:48
09:35:30,23.75,0.01,1414,3360630,中性盘,002759,2025-10-17 22:48:48
09:35:33,23.81,0.06,1210,2879401,买盘,002759,2025-10-17 22:48:48
09:35:36,23.9,0.09,2076,4939023,买盘,002759,2025-10-17 22:48:48
09:35:39,23.78,-0.12,3606,8570553,卖盘,002759,2025-10-17 22:48:48
09:35:42,23.8,0.02,714,1698457,买盘,002759,2025-10-17 22:48:48
09:35:45,23.78,-0.02,1280,3043745,中性盘,002759,2025-10-17 22:48:48
09:35:48,23.78,0.0,1648,3918847,买盘,002759,2025-10-17 22:48:48
09:35:51,23.8,0.02,742,1766995,买盘,002759,2025-10-17 22:48:48
09:35:54,23.85,0.05,1977,4723857,买盘,002759,2025-10-17 22:48:48
09:35:57,23.91,0.06,689,1648517,买盘,002759,2025-10-17 22:48:48
09:36:00,24.0,0.09,1038,2487191,买盘,002759,2025-10-17 22:48:48
09:36:03,24.11,0.11,2960,7127779,买盘,002759,2025-10-17 22:48:48
09:36:06,24.15,0.04,1532,3690502,买盘,002759,2025-10-17 22:48:48
09:36:09,24.16,0.01,3389,8191170,买盘,002759,2025-10-17 22:48:48
09:36:12,24.14,-0.02,734,1772678,卖盘,002759,2025-10-17 22:48:48
09:36:15,24.11,-0.03,1666,4022519,卖盘,002759,2025-10-17 22:48:48
09:36:18,24.1,-0.01,1226,2956295,卖盘,002759,2025-10-17 22:48:48
09:36:21,24.05,-0.05,1299,3127431,卖盘,002759,2025-10-17 22:48:48
09:36:24,24.04,-0.01,424,1019125,中性盘,002759,2025-10-17 22:48:48
09:36:27,24.04,0.0,2435,5855010,买盘,002759,2025-10-17 22:48:48
09:36:30,24.1,0.06,1909,4596801,买盘,002759,2025-10-17 22:48:48
09:36:33,24.12,0.02,1813,4365040,中性盘,002759,2025-10-17 22:48:48
09:36:36,24.14,0.02,691,1667312,中性盘,002759,2025-10-17 22:48:48
09:36:39,24.12,-0.02,1643,3965991,中性盘,002759,2025-10-17 22:48:48
09:36:42,24.14,0.02,1572,3794299,买盘,002759,2025-10-17 22:48:48
09:36:45,24.12,-0.02,4883,11789990,卖盘,002759,2025-10-17 22:48:48
09:36:48,24.15,0.03,1463,3533620,买盘,002759,2025-10-17 22:48:48
09:36:51,24.17,0.02,1534,3706143,买盘,002759,2025-10-17 22:48:48
09:36:54,24.19,0.02,2243,5425233,买盘,002759,2025-10-17 22:48:48
09:36:57,24.19,0.0,1660,4015224,卖盘,002759,2025-10-17 22:48:48
09:37:00,24.16,-0.03,1731,4187990,卖盘,002759,2025-10-17 22:48:48
09:37:03,24.16,0.0,1748,4224759,卖盘,002759,2025-10-17 22:48:48
09:37:06,24.12,-0.04,1074,2594305,卖盘,002759,2025-10-17 22:48:48
09:37:09,24.12,0.0,3896,9427348,卖盘,002759,2025-10-17 22:48:48
09:37:12,24.12,0.0,1570,3789695,卖盘,002759,2025-10-17 22:48:48
09:37:15,24.12,0.0,888,2142679,卖盘,002759,2025-10-17 22:48:48
09:37:18,24.16,0.04,1364,3290902,买盘,002759,2025-10-17 22:48:48
09:37:21,24.17,0.01,1680,4053247,买盘,002759,2025-10-17 22:48:48
09:37:24,24.15,-0.02,566,1366626,卖盘,002759,2025-10-17 22:48:48
09:37:27,24.15,0.0,1084,2616245,买盘,002759,2025-10-17 22:48:48
09:37:30,24.16,0.01,1956,4730064,买盘,002759,2025-10-17 22:48:48
09:37:33,24.18,0.02,625,1510593,买盘,002759,2025-10-17 22:48:48
09:37:36,24.19,0.01,1994,4827844,买盘,002759,2025-10-17 22:48:48
09:37:39,24.2,0.01,1108,2680296,中性盘,002759,2025-10-17 22:48:48
09:37:42,24.2,0.0,2187,5294150,卖盘,002759,2025-10-17 22:48:48
09:37:45,24.2,0.0,1209,2929587,卖盘,002759,2025-10-17 22:48:48
09:37:48,24.19,-0.01,747,1807455,卖盘,002759,2025-10-17 22:48:48
09:37:51,24.18,-0.01,810,1958975,卖盘,002759,2025-10-17 22:48:48
09:37:54,24.19,0.01,645,1560415,买盘,002759,2025-10-17 22:48:48
09:37:57,24.18,-0.01,808,1954002,卖盘,002759,2025-10-17 22:48:48
09:38:00,24.18,0.0,1232,2979789,买盘,002759,2025-10-17 22:48:48
09:38:03,24.17,-0.01,1451,3506484,卖盘,002759,2025-10-17 22:48:48
09:38:06,24.19,0.02,1055,2549377,买盘,002759,2025-10-17 22:48:48
09:38:09,24.18,-0.01,1564,3782978,买盘,002759,2025-10-17 22:48:48
09:38:12,24.18,0.0,1542,3730566,卖盘,002759,2025-10-17 22:48:48
09:38:15,24.18,0.0,637,1540008,卖盘,002759,2025-10-17 22:48:48
09:38:18,24.18,0.0,553,1336047,买盘,002759,2025-10-17 22:48:48
09:38:21,24.12,-0.06,489,1180141,卖盘,002759,2025-10-17 22:48:48
09:38:24,24.11,-0.01,329,793351,卖盘,002759,2025-10-17 22:48:48
09:38:27,24.1,-0.01,668,1610669,卖盘,002759,2025-10-17 22:48:48
09:38:30,24.1,0.0,1168,2815392,买盘,002759,2025-10-17 22:48:48
09:38:33,24.1,0.0,1716,4137835,买盘,002759,2025-10-17 22:48:48
09:38:36,24.1,0.0,1848,4453212,卖盘,002759,2025-10-17 22:48:48
09:38:39,24.11,0.01,1895,4578154,中性盘,002759,2025-10-17 22:48:48
09:38:42,24.1,-0.01,482,1161876,卖盘,002759,2025-10-17 22:48:48
09:38:45,24.1,0.0,511,1231485,买盘,002759,2025-10-17 22:48:48
09:38:48,24.09,-0.01,319,768436,买盘,002759,2025-10-17 22:48:48
09:38:51,24.06,-0.03,1227,2954978,卖盘,002759,2025-10-17 22:48:48
09:38:54,24.1,0.04,872,2100805,买盘,002759,2025-10-17 22:48:48
09:38:57,24.1,0.0,3895,9414147,卖盘,002759,2025-10-17 22:48:48
09:39:00,24.23,0.13,601,1453625,买盘,002759,2025-10-17 22:48:48
09:39:03,24.3,0.07,4372,10616083,买盘,002759,2025-10-17 22:48:48
09:39:06,24.35,0.05,6696,16329058,买盘,002759,2025-10-17 22:48:48
09:39:09,24.44,0.09,1901,4649014,买盘,002759,2025-10-17 22:48:48
09:39:12,24.47,0.03,1337,3272342,中性盘,002759,2025-10-17 22:48:48
09:39:15,24.44,-0.03,2347,5731109,卖盘,002759,2025-10-17 22:48:48
09:39:18,24.42,-0.02,1315,3209954,中性盘,002759,2025-10-17 22:48:48
09:39:21,24.31,-0.11,4544,11057257,卖盘,002759,2025-10-17 22:48:48
09:39:24,24.35,0.04,2275,5534505,买盘,002759,2025-10-17 22:48:48
09:39:27,24.28,-0.07,1055,2562037,中性盘,002759,2025-10-17 22:48:48
09:39:30,24.29,0.01,1259,3056774,买盘,002759,2025-10-17 22:48:48
09:39:33,24.27,-0.02,882,2141656,中性盘,002759,2025-10-17 22:48:48
09:39:36,24.28,0.01,1774,4312678,中性盘,002759,2025-10-17 22:48:48
09:39:39,24.29,0.01,2020,4909435,买盘,002759,2025-10-17 22:48:48
09:39:42,24.35,0.06,1534,3732625,买盘,002759,2025-10-17 22:48:48
09:39:45,24.38,0.03,1509,3670939,买盘,002759,2025-10-17 22:48:48
09:39:48,24.38,0.0,1407,3426350,卖盘,002759,2025-10-17 22:48:48
09:39:51,24.32,-0.06,1673,4073628,中性盘,002759,2025-10-17 22:48:48
09:39:54,24.29,-0.03,2570,6241966,卖盘,002759,2025-10-17 22:48:48
09:39:57,24.28,-0.01,742,1802008,中性盘,002759,2025-10-17 22:48:48
09:40:00,24.17,-0.11,1289,3121559,卖盘,002759,2025-10-17 22:48:48
09:40:03,24.14,-0.03,418,1009562,卖盘,002759,2025-10-17 22:48:48
09:40:06,24.11,-0.03,851,2053975,卖盘,002759,2025-10-17 22:48:48
09:40:09,24.15,0.04,2844,6878931,买盘,002759,2025-10-17 22:48:48
09:40:12,24.17,0.02,344,831096,中性盘,002759,2025-10-17 22:48:48
09:40:15,24.21,0.04,424,1026370,中性盘,002759,2025-10-17 22:48:48
09:40:18,24.19,-0.02,923,2234797,中性盘,002759,2025-10-17 22:48:48
09:40:21,24.21,0.02,417,1009596,中性盘,002759,2025-10-17 22:48:48
09:40:24,24.19,-0.02,1115,2696718,卖盘,002759,2025-10-17 22:48:48
09:40:27,24.19,0.0,674,1629503,卖盘,002759,2025-10-17 22:48:48
09:40:30,24.18,-0.01,558,1349987,卖盘,002759,2025-10-17 22:48:48
09:40:33,24.18,0.0,260,628570,买盘,002759,2025-10-17 22:48:48
09:40:36,24.17,-0.01,932,2252795,买盘,002759,2025-10-17 22:48:48
09:40:39,24.22,0.05,2484,6018699,买盘,002759,2025-10-17 22:48:48
09:40:42,24.2,-0.02,1057,2559722,卖盘,002759,2025-10-17 22:48:48
09:40:45,24.2,0.0,387,937030,卖盘,002759,2025-10-17 22:48:48
09:40:48,24.2,0.0,729,1765387,卖盘,002759,2025-10-17 22:48:48
09:40:51,24.2,0.0,558,1350323,买盘,002759,2025-10-17 22:48:48
09:40:54,24.2,0.0,574,1388763,买盘,002759,2025-10-17 22:48:48
09:40:57,24.18,-0.02,305,737795,卖盘,002759,2025-10-17 22:48:48
09:41:00,24.17,-0.01,560,1354313,卖盘,002759,2025-10-17 22:48:48
09:41:03,24.14,-0.03,1177,2843055,卖盘,002759,2025-10-17 22:48:48
09:41:06,24.14,0.0,232,560031,卖盘,002759,2025-10-17 22:48:48
09:41:09,24.11,-0.03,1053,2538181,卖盘,002759,2025-10-17 22:48:48
09:41:12,24.08,-0.03,772,1859872,卖盘,002759,2025-10-17 22:48:48
09:41:15,24.05,-0.03,637,1532867,卖盘,002759,2025-10-17 22:48:48
09:41:18,24.05,0.0,1015,2442341,卖盘,002759,2025-10-17 22:48:48
09:41:21,24.15,0.1,3474,8373270,买盘,002759,2025-10-17 22:48:48
09:41:24,24.13,-0.02,1256,3029713,卖盘,002759,2025-10-17 22:48:48
09:41:27,24.13,0.0,527,1270903,卖盘,002759,2025-10-17 22:48:48
09:41:30,24.11,-0.02,504,1215017,中性盘,002759,2025-10-17 22:48:48
09:41:33,24.1,-0.01,912,2198305,中性盘,002759,2025-10-17 22:48:48
09:41:36,24.1,0.0,939,2262971,卖盘,002759,2025-10-17 22:48:48
09:41:39,24.09,-0.01,884,2130159,卖盘,002759,2025-10-17 22:48:48
09:41:42,24.09,0.0,1970,4747688,买盘,002759,2025-10-17 22:48:48
09:41:45,24.08,-0.01,561,1351175,卖盘,002759,2025-10-17 22:48:48
09:41:48,24.07,-0.01,479,1153260,卖盘,002759,2025-10-17 22:48:48
09:41:51,24.07,0.0,1709,4115500,买盘,002759,2025-10-17 22:48:48
09:41:54,24.07,0.0,1038,2498049,卖盘,002759,2025-10-17 22:48:48
09:41:57,24.14,0.07,1559,3759833,买盘,002759,2025-10-17 22:48:48
09:42:00,24.17,0.03,1523,3680583,买盘,002759,2025-10-17 22:48:48
09:42:03,24.17,0.0,677,1636874,卖盘,002759,2025-10-17 22:48:48
09:42:06,24.18,0.01,2880,6966539,买盘,002759,2025-10-17 22:48:48
09:42:09,24.3,0.12,2121,5149285,买盘,002759,2025-10-17 22:48:48
09:42:12,24.3,0.0,1071,2602079,卖盘,002759,2025-10-17 22:48:48
09:42:15,24.27,-0.03,3323,8072031,卖盘,002759,2025-10-17 22:48:48
09:42:18,24.27,0.0,1160,2813838,买盘,002759,2025-10-17 22:48:48
09:42:21,24.23,-0.04,883,2142003,卖盘,002759,2025-10-17 22:48:48
09:42:24,24.27,0.04,834,2022656,买盘,002759,2025-10-17 22:48:48
09:42:27,24.27,0.0,741,1797147,买盘,002759,2025-10-17 22:48:48
09:42:30,24.23,-0.04,1399,3393289,卖盘,002759,2025-10-17 22:48:48
09:42:33,24.26,0.03,727,1763352,买盘,002759,2025-10-17 22:48:48
09:42:36,24.27,0.01,1155,2802960,买盘,002759,2025-10-17 22:48:48
09:42:39,24.28,0.01,810,1966757,中性盘,002759,2025-10-17 22:48:48
09:42:42,24.28,0.0,3197,7761155,买盘,002759,2025-10-17 22:48:48
09:42:45,24.3,0.02,1068,2593817,买盘,002759,2025-10-17 22:48:48
09:42:48,24.3,0.0,1380,3352900,买盘,002759,2025-10-17 22:48:48
09:42:51,24.32,0.02,4504,10934630,买盘,002759,2025-10-17 22:48:48
09:42:54,24.23,-0.09,1850,4489891,卖盘,002759,2025-10-17 22:48:48
09:42:57,24.29,0.06,628,1522681,买盘,002759,2025-10-17 22:48:48
09:43:00,24.28,-0.01,702,1705084,中性盘,002759,2025-10-17 22:48:48
09:43:03,24.25,-0.03,1416,3436610,卖盘,002759,2025-10-17 22:48:48
09:43:06,24.28,0.03,786,1906433,买盘,002759,2025-10-17 22:48:48
09:43:09,24.24,-0.04,1133,2746373,卖盘,002759,2025-10-17 22:48:48
09:43:12,24.22,-0.02,641,1553761,卖盘,002759,2025-10-17 22:48:48
09:43:15,24.22,0.0,1049,2540287,卖盘,002759,2025-10-17 22:48:48
09:43:18,24.18,-0.04,1031,2494791,卖盘,002759,2025-10-17 22:48:48
09:43:21,24.18,0.0,294,711069,卖盘,002759,2025-10-17 22:48:48
09:43:24,24.16,-0.02,412,995227,卖盘,002759,2025-10-17 22:48:48
09:43:27,24.15,-0.01,927,2238665,中性盘,002759,2025-10-17 22:48:48
09:43:30,24.19,0.04,1742,4210974,买盘,002759,2025-10-17 22:48:48
09:43:33,24.22,0.03,2842,6876043,买盘,002759,2025-10-17 22:48:48
09:43:36,24.24,0.02,1920,4652506,买盘,002759,2025-10-17 22:48:48
09:43:39,24.3,0.06,4255,10331239,买盘,002759,2025-10-17 22:48:48
09:43:42,24.3,0.0,1785,4333326,买盘,002759,2025-10-17 22:48:48
09:43:45,24.3,0.0,1494,3629605,买盘,002759,2025-10-17 22:48:48
09:43:48,24.27,-0.03,855,2076659,卖盘,002759,2025-10-17 22:48:48
09:43:51,24.27,0.0,736,1787061,卖盘,002759,2025-10-17 22:48:48
09:43:54,24.25,-0.02,410,994701,卖盘,002759,2025-10-17 22:48:48
09:43:57,24.25,0.0,484,1173806,卖盘,002759,2025-10-17 22:48:48
09:44:00,24.24,-0.01,261,632751,卖盘,002759,2025-10-17 22:48:48
09:44:03,24.24,0.0,533,1291614,买盘,002759,2025-10-17 22:48:48
09:44:06,24.24,0.0,974,2360763,买盘,002759,2025-10-17 22:48:48
09:44:09,24.23,-0.01,280,678411,卖盘,002759,2025-10-17 22:48:48
09:44:12,24.23,0.0,455,1102327,买盘,002759,2025-10-17 22:48:48
09:44:15,24.22,-0.01,822,1991099,买盘,002759,2025-10-17 22:48:48
09:44:18,24.21,-0.01,1217,2947399,卖盘,002759,2025-10-17 22:48:48
09:44:21,24.21,0.0,667,1614891,卖盘,002759,2025-10-17 22:48:48
09:44:24,24.2,-0.01,361,873883,卖盘,002759,2025-10-17 22:48:48
09:44:27,24.2,0.0,597,1444953,卖盘,002759,2025-10-17 22:48:48
09:44:30,24.19,-0.01,610,1476097,卖盘,002759,2025-10-17 22:48:48
09:44:33,24.18,-0.01,398,962949,卖盘,002759,2025-10-17 22:48:48
09:44:36,24.17,-0.01,183,442491,卖盘,002759,2025-10-17 22:48:48
09:44:39,24.17,0.0,298,720201,卖盘,002759,2025-10-17 22:48:48
09:44:42,24.15,-0.02,296,715137,卖盘,002759,2025-10-17 22:48:48
09:44:45,24.15,0.0,401,968414,卖盘,002759,2025-10-17 22:48:48
09:44:48,24.13,-0.02,530,1279585,卖盘,002759,2025-10-17 22:48:48
09:44:51,24.14,0.01,1832,4420038,买盘,002759,2025-10-17 22:48:48
09:44:54,24.12,-0.02,552,1331668,卖盘,002759,2025-10-17 22:48:48
09:44:57,24.13,0.01,1631,3935805,买盘,002759,2025-10-17 22:48:48
09:45:00,24.13,0.0,2073,5003096,卖盘,002759,2025-10-17 22:48:48
09:45:03,24.18,0.05,3252,7858067,买盘,002759,2025-10-17 22:48:48
09:45:06,24.18,0.0,658,1591248,卖盘,002759,2025-10-17 22:48:48
09:45:09,24.19,0.01,902,2182043,买盘,002759,2025-10-17 22:48:48
09:45:12,24.2,0.01,1130,2734041,买盘,002759,2025-10-17 22:48:48
09:45:15,24.19,-0.01,3302,7986163,卖盘,002759,2025-10-17 22:48:48
09:45:18,24.18,-0.01,912,2207029,卖盘,002759,2025-10-17 22:48:48
09:45:21,24.18,0.0,291,703834,卖盘,002759,2025-10-17 22:48:48
09:45:24,24.18,0.0,746,1802443,买盘,002759,2025-10-17 22:48:48
09:45:27,24.17,-0.01,291,703221,卖盘,002759,2025-10-17 22:48:48
09:45:30,24.17,0.0,269,649814,买盘,002759,2025-10-17 22:48:48
09:45:33,24.15,-0.02,616,1488471,中性盘,002759,2025-10-17 22:48:48
09:45:36,24.19,0.04,2580,6239472,买盘,002759,2025-10-17 22:48:48
09:45:39,24.23,0.04,2454,5943369,买盘,002759,2025-10-17 22:48:48
09:45:42,24.25,0.02,1340,3249230,买盘,002759,2025-10-17 22:48:48
09:45:45,24.25,0.0,581,1409480,卖盘,002759,2025-10-17 22:48:48
09:45:48,24.28,0.03,732,1776325,买盘,002759,2025-10-17 22:48:48
09:45:51,24.28,0.0,743,1803506,买盘,002759,2025-10-17 22:48:48
09:45:54,24.28,0.0,566,1373816,卖盘,002759,2025-10-17 22:48:48
09:45:57,24.28,0.0,750,1820763,买盘,002759,2025-10-17 22:48:48
09:46:00,24.26,-0.02,1466,3554914,卖盘,002759,2025-10-17 22:48:48
09:46:03,24.24,-0.02,341,826734,中性盘,002759,2025-10-17 22:48:48
09:46:06,24.23,-0.01,648,1570635,买盘,002759,2025-10-17 22:48:48
09:46:09,24.2,-0.03,626,1514079,卖盘,002759,2025-10-17 22:48:48
09:46:12,24.15,-0.05,280,677382,卖盘,002759,2025-10-17 22:48:48
09:46:15,24.16,0.01,163,394119,中性盘,002759,2025-10-17 22:48:48
09:46:18,24.15,-0.01,358,864931,卖盘,002759,2025-10-17 22:48:48
09:46:21,24.15,0.0,194,468612,卖盘,002759,2025-10-17 22:48:48
09:46:24,24.15,0.0,453,1094291,卖盘,002759,2025-10-17 22:48:48
09:46:27,24.15,0.0,378,912926,卖盘,002759,2025-10-17 22:48:48
09:46:30,24.14,-0.01,193,466020,卖盘,002759,2025-10-17 22:48:48
09:46:33,24.13,-0.01,197,475370,卖盘,002759,2025-10-17 22:48:48
09:46:36,24.12,-0.01,302,728567,卖盘,002759,2025-10-17 22:48:48
09:46:39,24.12,0.0,1337,3224305,买盘,002759,2025-10-17 22:48:48
09:46:42,24.12,0.0,1127,2718361,买盘,002759,2025-10-17 22:48:48
09:46:45,24.12,0.0,494,1191772,卖盘,002759,2025-10-17 22:48:48
09:46:48,24.12,0.0,501,1209174,卖盘,002759,2025-10-17 22:48:48
09:46:51,24.15,0.03,842,2031335,买盘,002759,2025-10-17 22:48:48
09:46:54,24.12,-0.03,308,742913,卖盘,002759,2025-10-17 22:48:48
09:46:57,24.12,0.0,466,1123959,买盘,002759,2025-10-17 22:48:48
09:47:00,24.12,0.0,348,839599,卖盘,002759,2025-10-17 22:48:48
09:47:03,24.11,-0.01,289,696979,卖盘,002759,2025-10-17 22:48:48
09:47:06,24.11,0.0,350,844079,卖盘,002759,2025-10-17 22:48:48
09:47:09,24.1,-0.01,187,450808,卖盘,002759,2025-10-17 22:48:48
09:47:12,24.1,0.0,322,776168,卖盘,002759,2025-10-17 22:48:48
09:47:15,24.08,-0.02,281,677032,卖盘,002759,2025-10-17 22:48:48
09:47:18,24.08,0.0,229,551579,卖盘,002759,2025-10-17 22:48:48
09:47:21,24.07,-0.01,369,888011,卖盘,002759,2025-10-17 22:48:48
09:47:24,24.05,-0.02,188,452174,卖盘,002759,2025-10-17 22:48:48
09:47:27,24.04,-0.01,452,1085822,卖盘,002759,2025-10-17 22:48:48
09:47:30,24.0,-0.04,1105,2652777,卖盘,002759,2025-10-17 22:48:48
09:47:33,23.99,-0.01,868,2083002,卖盘,002759,2025-10-17 22:48:48
09:47:36,23.97,-0.02,194,465284,卖盘,002759,2025-10-17 22:48:48
09:47:39,23.96,-0.01,740,1774196,卖盘,002759,2025-10-17 22:48:48
09:47:42,23.94,-0.02,1318,3156215,卖盘,002759,2025-10-17 22:48:48
09:47:45,23.94,0.0,1795,4298293,卖盘,002759,2025-10-17 22:48:48
09:47:48,23.93,-0.01,2588,6196095,卖盘,002759,2025-10-17 22:48:48
09:47:51,23.92,-0.01,1676,4011933,卖盘,002759,2025-10-17 22:48:48
09:47:54,23.92,0.0,1274,3047470,卖盘,002759,2025-10-17 22:48:48
09:47:57,23.9,-0.02,1423,3401987,卖盘,002759,2025-10-17 22:48:48
09:48:00,23.89,-0.01,1995,4768179,卖盘,002759,2025-10-17 22:48:48
09:48:03,23.87,-0.02,1891,4517637,卖盘,002759,2025-10-17 22:48:48
09:48:06,23.84,-0.03,663,1581741,卖盘,002759,2025-10-17 22:48:48
09:48:09,23.85,0.01,4093,9768161,买盘,002759,2025-10-17 22:48:48
09:48:12,23.86,0.01,7091,16949745,买盘,002759,2025-10-17 22:48:48
09:48:15,23.97,0.11,1794,4294024,买盘,002759,2025-10-17 22:48:48
09:48:18,24.0,0.03,709,1700067,买盘,002759,2025-10-17 22:48:48
09:48:21,24.0,0.0,888,2130091,买盘,002759,2025-10-17 22:48:48
09:48:24,24.0,0.0,452,1084794,买盘,002759,2025-10-17 22:48:48
09:48:27,24.02,0.02,351,842596,中性盘,002759,2025-10-17 22:48:48
09:48:30,24.01,-0.01,396,951068,卖盘,002759,2025-10-17 22:48:48
09:48:33,24.02,0.01,329,790214,买盘,002759,2025-10-17 22:48:48
09:48:36,24.02,0.0,1291,3098578,卖盘,002759,2025-10-17 22:48:48
09:48:39,24.01,-0.01,579,1390043,卖盘,002759,2025-10-17 22:48:48
09:48:42,24.0,-0.01,343,823121,卖盘,002759,2025-10-17 22:48:48
09:48:45,24.0,0.0,670,1607693,买盘,002759,2025-10-17 22:48:48
09:48:48,23.94,-0.06,287,687135,卖盘,002759,2025-10-17 22:48:48
09:48:51,23.9,-0.04,178,425858,卖盘,002759,2025-10-17 22:48:48
09:48:54,23.88,-0.02,295,704971,卖盘,002759,2025-10-17 22:48:48
09:48:57,23.87,-0.01,368,878633,卖盘,002759,2025-10-17 22:48:48
09:49:00,23.86,-0.01,571,1363113,卖盘,002759,2025-10-17 22:48:48
09:49:03,23.86,0.0,426,1016615,卖盘,002759,2025-10-17 22:48:48
09:49:06,23.86,0.0,660,1574641,卖盘,002759,2025-10-17 22:48:48
09:49:09,23.85,-0.01,1191,2841329,卖盘,002759,2025-10-17 22:48:48
09:49:12,23.9,0.05,2303,5505733,买盘,002759,2025-10-17 22:48:48
09:49:15,24.02,0.12,3039,7295385,买盘,002759,2025-10-17 22:48:48
09:49:18,24.03,0.01,480,1153151,买盘,002759,2025-10-17 22:48:48
09:49:21,24.04,0.01,217,521373,买盘,002759,2025-10-17 22:48:48
09:49:24,24.03,-0.01,514,1235407,卖盘,002759,2025-10-17 22:48:48
09:49:27,24.02,-0.01,1632,3921290,卖盘,002759,2025-10-17 22:48:48
09:49:30,24.02,0.0,814,1956201,买盘,002759,2025-10-17 22:48:48
09:49:33,23.94,-0.08,1292,3094938,卖盘,002759,2025-10-17 22:48:48
09:49:36,23.99,0.05,538,1288685,买盘,002759,2025-10-17 22:48:48
09:49:39,24.01,0.02,535,1283069,买盘,002759,2025-10-17 22:48:48
09:49:42,23.99,-0.02,518,1243124,中性盘,002759,2025-10-17 22:48:48
09:49:45,24.0,0.01,577,1385104,买盘,002759,2025-10-17 22:48:48
09:49:48,24.02,0.02,515,1236117,买盘,002759,2025-10-17 22:48:48
09:49:51,24.02,0.0,658,1580358,买盘,002759,2025-10-17 22:48:48
09:49:54,24.03,0.01,622,1494109,买盘,002759,2025-10-17 22:48:48
09:49:57,24.02,-0.01,568,1364066,卖盘,002759,2025-10-17 22:48:48
09:50:00,24.01,-0.01,616,1479444,卖盘,002759,2025-10-17 22:48:48
09:50:03,24.0,-0.01,374,898192,卖盘,002759,2025-10-17 22:48:48
09:50:06,24.0,0.0,670,1608693,卖盘,002759,2025-10-17 22:48:48
09:50:09,24.01,0.01,959,2303084,中性盘,002759,2025-10-17 22:48:48
09:50:12,24.01,0.0,394,945727,卖盘,002759,2025-10-17 22:48:48
09:50:15,24.01,0.0,464,1113683,买盘,002759,2025-10-17 22:48:48
09:50:18,23.99,-0.02,437,1048809,卖盘,002759,2025-10-17 22:48:48
09:50:21,24.0,0.01,227,544865,买盘,002759,2025-10-17 22:48:48
09:50:24,24.0,0.0,602,1444703,买盘,002759,2025-10-17 22:48:48
09:50:27,23.99,-0.01,624,1497571,卖盘,002759,2025-10-17 22:48:48
09:50:30,24.0,0.01,379,909465,买盘,002759,2025-10-17 22:48:48
09:50:33,23.97,-0.03,548,1314271,卖盘,002759,2025-10-17 22:48:48
09:50:36,23.96,-0.01,166,397997,卖盘,002759,2025-10-17 22:48:48
09:50:39,23.96,0.0,265,635083,卖盘,002759,2025-10-17 22:48:48
09:50:42,23.95,-0.01,184,440788,卖盘,002759,2025-10-17 22:48:48
09:50:45,23.96,0.01,273,654056,买盘,002759,2025-10-17 22:48:48
09:50:48,23.97,0.01,678,1624321,买盘,002759,2025-10-17 22:48:48
09:50:51,23.98,0.01,265,635050,买盘,002759,2025-10-17 22:48:48
09:50:54,23.98,0.0,226,541707,卖盘,002759,2025-10-17 22:48:48
09:50:57,23.97,-0.01,257,616251,买盘,002759,2025-10-17 22:48:48
09:51:00,23.99,0.02,355,851417,买盘,002759,2025-10-17 22:48:48
09:51:03,23.99,0.0,207,496381,卖盘,002759,2025-10-17 22:48:48
09:51:06,23.97,-0.02,131,314055,卖盘,002759,2025-10-17 22:48:48
09:51:09,23.96,-0.01,248,594447,卖盘,002759,2025-10-17 22:48:48
09:51:12,23.96,0.0,437,1047123,卖盘,002759,2025-10-17 22:48:48
09:51:15,23.96,0.0,154,368859,买盘,002759,2025-10-17 22:48:48
09:51:18,23.95,-0.01,258,618094,卖盘,002759,2025-10-17 22:48:48
09:51:21,23.95,0.0,343,821532,卖盘,002759,2025-10-17 22:48:48
09:51:24,23.95,0.0,365,874171,买盘,002759,2025-10-17 22:48:48
09:51:27,23.92,-0.03,404,967240,卖盘,002759,2025-10-17 22:48:48
09:51:30,23.91,-0.01,262,626883,卖盘,002759,2025-10-17 22:48:48
09:51:33,23.91,0.0,280,669680,卖盘,002759,2025-10-17 22:48:48
09:51:36,23.9,-0.01,199,475655,卖盘,002759,2025-10-17 22:48:48
09:51:39,23.88,-0.02,235,561432,卖盘,002759,2025-10-17 22:48:48
09:51:42,23.88,0.0,344,821323,卖盘,002759,2025-10-17 22:48:48
09:51:45,23.85,-0.03,409,976002,卖盘,002759,2025-10-17 22:48:48
09:51:48,23.84,-0.01,321,765572,卖盘,002759,2025-10-17 22:48:48
09:51:51,23.82,-0.02,543,1294136,卖盘,002759,2025-10-17 22:48:48
09:51:54,23.8,-0.02,638,1519016,卖盘,002759,2025-10-17 22:48:48
09:51:57,23.8,0.0,911,2168388,卖盘,002759,2025-10-17 22:48:48
09:52:00,23.8,0.0,369,877992,卖盘,002759,2025-10-17 22:48:48
09:52:03,23.76,-0.04,584,1388152,卖盘,002759,2025-10-17 22:48:48
09:52:06,23.78,0.02,750,1780155,买盘,002759,2025-10-17 22:48:48
09:52:09,23.73,-0.05,763,1811508,中性盘,002759,2025-10-17 22:48:48
09:52:12,23.74,0.01,1554,3689233,买盘,002759,2025-10-17 22:48:48
09:52:15,23.78,0.04,2428,5775700,买盘,002759,2025-10-17 22:48:48
09:52:18,23.78,0.0,1358,3229224,卖盘,002759,2025-10-17 22:48:48
09:52:21,23.8,0.02,986,2346554,买盘,002759,2025-10-17 22:48:48
09:52:24,23.9,0.1,1601,3817913,买盘,002759,2025-10-17 22:48:48
09:52:27,23.91,0.01,511,1221610,买盘,002759,2025-10-17 22:48:48
09:52:30,23.91,0.0,289,690873,买盘,002759,2025-10-17 22:48:48
09:52:33,23.91,0.0,344,822526,买盘,002759,2025-10-17 22:48:48
09:52:36,23.92,0.01,442,1057542,买盘,002759,2025-10-17 22:48:48
09:52:39,23.92,0.0,446,1066719,卖盘,002759,2025-10-17 22:48:48
09:52:42,23.92,0.0,566,1353306,卖盘,002759,2025-10-17 22:48:48
09:52:45,23.9,-0.02,184,440078,卖盘,002759,2025-10-17 22:48:48
09:52:48,23.9,0.0,285,680938,中性盘,002759,2025-10-17 22:48:48
09:52:51,23.85,-0.05,126,300736,卖盘,002759,2025-10-17 22:48:48
09:52:54,23.87,0.02,203,484235,买盘,002759,2025-10-17 22:48:48
09:52:57,23.84,-0.03,202,481187,卖盘,002759,2025-10-17 22:48:48
09:53:00,23.84,0.0,201,479289,买盘,002759,2025-10-17 22:48:48
09:53:03,23.84,0.0,320,762808,卖盘,002759,2025-10-17 22:48:48
09:53:06,23.85,0.01,879,2095669,买盘,002759,2025-10-17 22:48:48
09:53:09,23.93,0.08,1401,3347077,买盘,002759,2025-10-17 22:48:48
09:53:12,23.98,0.05,1747,4185309,买盘,002759,2025-10-17 22:48:48
09:53:15,23.99,0.01,141,338200,买盘,002759,2025-10-17 22:48:48
09:53:18,23.99,0.0,102,244764,卖盘,002759,2025-10-17 22:48:48
09:53:21,23.98,-0.01,489,1173120,卖盘,002759,2025-10-17 22:48:48
09:53:24,23.99,0.01,441,1057551,买盘,002759,2025-10-17 22:48:48
09:53:27,23.97,-0.02,329,788896,中性盘,002759,2025-10-17 22:48:48
09:53:30,23.97,0.0,175,419570,买盘,002759,2025-10-17 22:48:48
09:53:33,23.98,0.01,428,1026279,买盘,002759,2025-10-17 22:48:48
09:53:36,23.98,0.0,528,1266517,卖盘,002759,2025-10-17 22:48:48
09:53:39,23.99,0.01,366,877884,买盘,002759,2025-10-17 22:48:48
09:53:42,23.98,-0.01,378,906571,卖盘,002759,2025-10-17 22:48:48
09:53:45,23.98,0.0,331,793945,买盘,002759,2025-10-17 22:48:48
09:53:48,23.98,0.0,411,985522,买盘,002759,2025-10-17 22:48:48
09:53:51,23.98,0.0,1543,3700248,买盘,002759,2025-10-17 22:48:48
09:53:54,24.0,0.02,332,796222,买盘,002759,2025-10-17 22:48:48
09:53:57,23.98,-0.02,491,1177677,卖盘,002759,2025-10-17 22:48:48
09:54:00,23.98,0.0,217,520225,买盘,002759,2025-10-17 22:48:48
09:54:03,23.98,0.0,210,503481,买盘,002759,2025-10-17 22:48:48
09:54:06,23.98,0.0,134,321108,买盘,002759,2025-10-17 22:48:48
09:54:09,23.96,-0.02,364,872484,卖盘,002759,2025-10-17 22:48:48
09:54:12,23.96,0.0,332,794982,买盘,002759,2025-10-17 22:48:48
09:54:15,23.92,-0.04,224,536197,卖盘,002759,2025-10-17 22:48:48
09:54:18,23.96,0.04,485,1161703,买盘,002759,2025-10-17 22:48:48
09:54:21,23.99,0.03,2421,5808057,买盘,002759,2025-10-17 22:48:48
09:54:24,23.99,0.0,1002,2404373,卖盘,002759,2025-10-17 22:48:48
09:54:27,23.98,-0.01,936,2245892,卖盘,002759,2025-10-17 22:48:48
09:54:30,24.0,0.02,667,1600147,买盘,002759,2025-10-17 22:48:48
09:54:33,24.0,0.0,2143,5142302,买盘,002759,2025-10-17 22:48:48
09:54:36,24.05,0.05,4884,11727468,买盘,002759,2025-10-17 22:48:48
09:54:39,24.0,-0.05,1129,2711628,卖盘,002759,2025-10-17 22:48:48
09:54:42,24.0,0.0,599,1437443,买盘,002759,2025-10-17 22:48:48
09:54:45,24.06,0.06,244,586295,买盘,002759,2025-10-17 22:48:48
09:54:48,24.05,-0.01,870,2093652,卖盘,002759,2025-10-17 22:48:48
09:54:51,24.05,0.0,124,298116,买盘,002759,2025-10-17 22:48:48
09:54:54,24.06,0.01,345,829943,买盘,002759,2025-10-17 22:48:48
09:54:57,24.05,-0.01,541,1301280,中性盘,002759,2025-10-17 22:48:48
09:55:00,24.05,0.0,413,993253,买盘,002759,2025-10-17 22:48:48
09:55:03,24.05,0.0,297,714106,买盘,002759,2025-10-17 22:48:48
09:55:06,24.08,0.03,506,1217915,买盘,002759,2025-10-17 22:48:48
09:55:09,24.1,0.02,580,1397580,买盘,002759,2025-10-17 22:48:48
09:55:12,24.11,0.01,1210,2916021,买盘,002759,2025-10-17 22:48:48
09:55:15,24.1,-0.01,568,1368868,卖盘,002759,2025-10-17 22:48:48
09:55:18,24.11,0.01,487,1173927,买盘,002759,2025-10-17 22:48:48
09:55:21,24.07,-0.04,339,816300,卖盘,002759,2025-10-17 22:48:48
09:55:24,24.1,0.03,336,808675,买盘,002759,2025-10-17 22:48:48
09:55:27,24.1,0.0,124,298728,买盘,002759,2025-10-17 22:48:48
09:55:30,24.08,-0.02,113,272289,卖盘,002759,2025-10-17 22:48:48
09:55:33,24.07,-0.01,649,1561420,卖盘,002759,2025-10-17 22:48:48
09:55:36,24.0,-0.07,666,1600149,卖盘,002759,2025-10-17 22:48:48
09:55:39,24.06,0.06,162,389409,买盘,002759,2025-10-17 22:48:48
09:55:42,24.05,-0.01,442,1061544,中性盘,002759,2025-10-17 22:48:48
09:55:45,24.0,-0.05,109,261905,卖盘,002759,2025-10-17 22:48:48
09:55:48,24.0,0.0,220,528685,卖盘,002759,2025-10-17 22:48:48
09:55:51,24.0,0.0,647,1554639,卖盘,002759,2025-10-17 22:48:48
09:55:54,24.0,0.0,342,821103,卖盘,002759,2025-10-17 22:48:48
09:55:57,23.99,-0.01,1056,2534332,卖盘,002759,2025-10-17 22:48:48
09:56:00,24.0,0.01,826,1982487,买盘,002759,2025-10-17 22:48:48
09:56:03,24.0,0.0,450,1080145,卖盘,002759,2025-10-17 22:48:48
09:56:06,24.0,0.0,342,821553,买盘,002759,2025-10-17 22:48:48
09:56:09,23.94,-0.06,1152,2762787,卖盘,002759,2025-10-17 22:48:48
09:56:12,23.97,0.03,327,782384,中性盘,002759,2025-10-17 22:48:48
09:56:15,23.88,-0.09,547,1306827,卖盘,002759,2025-10-17 22:48:48
09:56:18,23.83,-0.05,263,627311,卖盘,002759,2025-10-17 22:48:48
09:56:21,23.85,0.02,211,502796,买盘,002759,2025-10-17 22:48:48
09:56:24,23.88,0.03,857,2044699,买盘,002759,2025-10-17 22:48:48
09:56:27,23.89,0.01,599,1430357,买盘,002759,2025-10-17 22:48:48
09:56:30,23.91,0.02,735,1756564,买盘,002759,2025-10-17 22:48:48
09:56:33,23.94,0.03,201,481451,买盘,002759,2025-10-17 22:48:48
09:56:36,23.93,-0.01,720,1724219,卖盘,002759,2025-10-17 22:48:48
09:56:39,23.9,-0.03,1062,2537864,卖盘,002759,2025-10-17 22:48:48
09:56:42,23.85,-0.05,544,1298439,卖盘,002759,2025-10-17 22:48:48
09:56:45,23.83,-0.02,552,1316324,卖盘,002759,2025-10-17 22:48:48
09:56:48,23.82,-0.01,115,274025,卖盘,002759,2025-10-17 22:48:48
09:56:51,23.83,0.01,669,1593498,买盘,002759,2025-10-17 22:48:48
09:56:54,23.82,-0.01,438,1043588,卖盘,002759,2025-10-17 22:48:48
09:56:57,23.8,-0.02,1111,2645275,卖盘,002759,2025-10-17 22:48:48
09:57:00,23.78,-0.02,895,2129996,卖盘,002759,2025-10-17 22:48:48
09:57:03,23.77,-0.01,160,380426,卖盘,002759,2025-10-17 22:48:48
09:57:06,23.76,-0.01,701,1665689,卖盘,002759,2025-10-17 22:48:48
09:57:09,23.76,0.0,340,807628,卖盘,002759,2025-10-17 22:48:48
09:57:12,23.76,0.0,983,2332681,卖盘,002759,2025-10-17 22:48:48
09:57:15,23.75,-0.01,638,1514584,中性盘,002759,2025-10-17 22:48:48
09:57:18,23.71,-0.04,376,891928,卖盘,002759,2025-10-17 22:48:48
09:57:21,23.7,-0.01,1184,2806903,卖盘,002759,2025-10-17 22:48:48
09:57:24,23.71,0.01,776,1839808,买盘,002759,2025-10-17 22:48:48
09:57:27,23.7,-0.01,1255,2971176,卖盘,002759,2025-10-17 22:48:48
09:57:30,23.65,-0.05,317,751210,中性盘,002759,2025-10-17 22:48:48
09:57:33,23.63,-0.02,562,1331763,卖盘,002759,2025-10-17 22:48:48
09:57:36,23.62,-0.01,747,1767539,卖盘,002759,2025-10-17 22:48:48
09:57:39,23.61,-0.01,368,869344,卖盘,002759,2025-10-17 22:48:48
09:57:42,23.58,-0.03,751,1772825,卖盘,002759,2025-10-17 22:48:48
09:57:45,23.56,-0.02,546,1288480,卖盘,002759,2025-10-17 22:48:48
09:57:48,23.57,0.01,281,662642,中性盘,002759,2025-10-17 22:48:48
09:57:51,23.57,0.0,891,2101698,卖盘,002759,2025-10-17 22:48:48
09:57:54,23.62,0.05,1498,3536483,买盘,002759,2025-10-17 22:48:48
09:57:57,23.62,0.0,2205,5202817,卖盘,002759,2025-10-17 22:48:48
09:58:00,23.65,0.03,382,902692,买盘,002759,2025-10-17 22:48:48
09:58:03,23.64,-0.01,387,914765,卖盘,002759,2025-10-17 22:48:48
09:58:06,23.77,0.13,309,732755,买盘,002759,2025-10-17 22:48:48
09:58:09,23.81,0.04,493,1171370,买盘,002759,2025-10-17 22:48:48
09:58:12,23.82,0.01,1871,4443260,买盘,002759,2025-10-17 22:48:48
09:58:15,23.83,0.01,436,1038394,买盘,002759,2025-10-17 22:48:48
09:58:18,23.81,-0.02,459,1092670,卖盘,002759,2025-10-17 22:48:48
09:58:21,23.82,0.01,725,1726344,买盘,002759,2025-10-17 22:48:48
09:58:24,23.85,0.03,847,2016930,买盘,002759,2025-10-17 22:48:48
09:58:27,23.9,0.05,364,869526,买盘,002759,2025-10-17 22:48:48
09:58:30,23.89,-0.01,125,298785,卖盘,002759,2025-10-17 22:48:48
09:58:33,23.88,-0.01,246,587725,卖盘,002759,2025-10-17 22:48:48
09:58:36,23.89,0.01,301,719218,买盘,002759,2025-10-17 22:48:48
09:58:39,23.89,0.0,402,960537,卖盘,002759,2025-10-17 22:48:48
09:58:42,23.89,0.0,401,958177,卖盘,002759,2025-10-17 22:48:48
09:58:45,23.9,0.01,232,554401,中性盘,002759,2025-10-17 22:48:48
09:58:48,23.9,0.0,156,372887,买盘,002759,2025-10-17 22:48:48
09:58:51,23.91,0.01,1436,3431995,买盘,002759,2025-10-17 22:48:48
09:58:54,23.9,-0.01,184,439945,卖盘,002759,2025-10-17 22:48:48
09:58:57,23.91,0.01,231,552190,买盘,002759,2025-10-17 22:48:48
09:59:00,23.94,0.03,468,1119132,买盘,002759,2025-10-17 22:48:48
09:59:03,23.92,-0.02,134,320401,买盘,002759,2025-10-17 22:48:48
09:59:06,23.94,0.02,179,428125,买盘,002759,2025-10-17 22:48:48
09:59:09,23.93,-0.01,117,279919,买盘,002759,2025-10-17 22:48:48
09:59:12,23.93,0.0,157,375628,买盘,002759,2025-10-17 22:48:48
09:59:15,23.99,0.06,2376,5696662,买盘,002759,2025-10-17 22:48:48
09:59:18,24.0,0.01,468,1122020,买盘,002759,2025-10-17 22:48:48
09:59:21,24.03,0.03,2708,6500176,买盘,002759,2025-10-17 22:48:48
09:59:24,24.04,0.01,382,918433,买盘,002759,2025-10-17 22:48:48
09:59:27,24.06,0.02,535,1286777,买盘,002759,2025-10-17 22:48:48
09:59:30,24.07,0.01,480,1155479,买盘,002759,2025-10-17 22:48:48
09:59:33,24.09,0.02,198,476884,买盘,002759,2025-10-17 22:48:48
09:59:36,24.09,0.0,386,929928,买盘,002759,2025-10-17 22:48:48
09:59:39,24.07,-0.02,1086,2616444,卖盘,002759,2025-10-17 22:48:48
09:59:42,24.04,-0.03,869,2091366,卖盘,002759,2025-10-17 22:48:48
09:59:45,24.02,-0.02,396,951753,卖盘,002759,2025-10-17 22:48:48
09:59:48,23.99,-0.03,445,1067998,卖盘,002759,2025-10-17 22:48:48
09:59:51,23.99,0.0,354,849348,卖盘,002759,2025-10-17 22:48:48
09:59:54,23.99,0.0,291,697669,买盘,002759,2025-10-17 22:48:48
09:59:57,23.99,0.0,137,328419,买盘,002759,2025-10-17 22:48:48
10:00:00,24.0,0.01,943,2262634,买盘,002759,2025-10-17 22:48:48
10:00:03,24.0,0.0,824,1977816,买盘,002759,2025-10-17 22:48:48
10:00:06,24.0,0.0,228,547338,卖盘,002759,2025-10-17 22:48:48
10:00:09,24.0,0.0,153,367306,卖盘,002759,2025-10-17 22:48:48
10:00:12,24.03,0.03,863,2073353,买盘,002759,2025-10-17 22:48:48
10:00:15,24.0,-0.03,317,760674,卖盘,002759,2025-10-17 22:48:48
10:00:18,24.01,0.01,365,876051,买盘,002759,2025-10-17 22:48:48
10:00:21,23.94,-0.07,429,1028763,卖盘,002759,2025-10-17 22:48:48
10:00:24,23.93,-0.01,142,339884,卖盘,002759,2025-10-17 22:48:48
10:00:27,23.95,0.02,108,258623,买盘,002759,2025-10-17 22:48:48
10:00:30,23.94,-0.01,336,804263,卖盘,002759,2025-10-17 22:48:48
10:00:33,23.94,0.0,246,588338,买盘,002759,2025-10-17 22:48:48
10:00:36,23.93,-0.01,172,411645,卖盘,002759,2025-10-17 22:48:48
10:00:39,23.72,-0.21,1052,2505950,卖盘,002759,2025-10-17 22:48:48
10:00:42,23.83,0.11,75,178808,中性盘,002759,2025-10-17 22:48:48
10:00:45,23.83,0.0,79,188258,卖盘,002759,2025-10-17 22:48:48
10:00:48,23.8,-0.03,61,145462,卖盘,002759,2025-10-17 22:48:48
10:00:51,23.8,0.0,121,288280,卖盘,002759,2025-10-17 22:48:48
10:00:54,23.8,0.0,93,221498,买盘,002759,2025-10-17 22:48:48
10:00:57,23.76,-0.04,292,694521,卖盘,002759,2025-10-17 22:48:48
10:01:00,23.77,0.01,74,175855,买盘,002759,2025-10-17 22:48:48
10:01:03,23.75,-0.02,195,463216,卖盘,002759,2025-10-17 22:48:48
10:01:06,23.8,0.05,147,349752,买盘,002759,2025-10-17 22:48:48
10:01:09,23.83,0.03,160,381031,买盘,002759,2025-10-17 22:48:48
10:01:12,23.86,0.03,83,198043,买盘,002759,2025-10-17 22:48:48
10:01:15,23.86,0.0,149,355945,卖盘,002759,2025-10-17 22:48:48
10:01:18,23.9,0.04,58,138610,买盘,002759,2025-10-17 22:48:48
10:01:21,23.93,0.03,149,356307,买盘,002759,2025-10-17 22:48:48
10:01:24,23.9,-0.03,285,681611,卖盘,002759,2025-10-17 22:48:48
10:01:27,23.9,0.0,123,294031,卖盘,002759,2025-10-17 22:48:48
10:01:30,23.9,0.0,200,478183,卖盘,002759,2025-10-17 22:48:48
10:01:33,23.9,0.0,745,1781697,买盘,002759,2025-10-17 22:48:48
10:01:36,23.92,0.02,220,526142,买盘,002759,2025-10-17 22:48:48
10:01:39,23.92,0.0,59,141138,卖盘,002759,2025-10-17 22:48:48
10:01:42,23.92,0.0,220,526220,卖盘,002759,2025-10-17 22:48:48
10:01:45,23.92,0.0,255,609880,买盘,002759,2025-10-17 22:48:48
10:01:48,23.92,0.0,322,770186,买盘,002759,2025-10-17 22:48:48
10:01:51,23.92,0.0,159,380288,买盘,002759,2025-10-17 22:48:48
10:01:54,23.91,-0.01,116,277431,卖盘,002759,2025-10-17 22:48:48
10:01:57,23.92,0.01,570,1363327,买盘,002759,2025-10-17 22:48:48
10:02:00,23.91,-0.01,905,2164647,卖盘,002759,2025-10-17 22:48:48
10:02:03,23.87,-0.04,1094,2614077,卖盘,002759,2025-10-17 22:48:48
10:02:06,23.86,-0.01,83,198117,卖盘,002759,2025-10-17 22:48:48
10:02:09,23.86,0.0,1898,4530208,卖盘,002759,2025-10-17 22:48:48
10:02:12,23.89,0.03,393,938843,买盘,002759,2025-10-17 22:48:48
10:02:15,23.9,0.01,589,1408054,中性盘,002759,2025-10-17 22:48:48
10:02:18,23.83,-0.07,1560,3725831,卖盘,002759,2025-10-17 22:48:48
10:02:21,23.82,-0.01,178,424132,卖盘,002759,2025-10-17 22:48:48
10:02:24,23.83,0.01,356,848306,买盘,002759,2025-10-17 22:48:48
10:02:27,23.82,-0.01,349,831445,卖盘,002759,2025-10-17 22:48:48
10:02:30,23.82,0.0,696,1658326,买盘,002759,2025-10-17 22:48:48
10:02:33,23.83,0.01,825,1965763,买盘,002759,2025-10-17 22:48:48
10:02:36,23.82,-0.01,352,838659,卖盘,002759,2025-10-17 22:48:48
10:02:39,23.82,0.0,538,1281933,卖盘,002759,2025-10-17 22:48:48
10:02:42,23.83,0.01,864,2059813,买盘,002759,2025-10-17 22:48:48
10:02:45,23.93,0.1,203,485313,买盘,002759,2025-10-17 22:48:48
10:02:48,23.9,-0.03,268,641638,卖盘,002759,2025-10-17 22:48:48
10:02:51,23.94,0.04,165,395278,卖盘,002759,2025-10-17 22:48:48
10:02:54,23.97,0.03,252,603685,买盘,002759,2025-10-17 22:48:48
10:02:57,23.98,0.01,182,436415,买盘,002759,2025-10-17 22:48:48
10:03:00,23.99,0.01,221,530084,买盘,002759,2025-10-17 22:48:48
10:03:03,23.98,-0.01,310,743619,卖盘,002759,2025-10-17 22:48:48
10:03:06,23.99,0.01,111,266285,卖盘,002759,2025-10-17 22:48:48
10:03:09,23.98,-0.01,316,757992,卖盘,002759,2025-10-17 22:48:48
10:03:12,23.97,-0.01,144,345196,卖盘,002759,2025-10-17 22:48:48
10:03:15,23.97,0.0,125,299626,买盘,002759,2025-10-17 22:48:48
10:03:18,23.95,-0.02,358,856981,卖盘,002759,2025-10-17 22:48:48
10:03:21,23.91,-0.04,49,117291,中性盘,002759,2025-10-17 22:48:48
10:03:24,23.88,-0.03,97,231923,卖盘,002759,2025-10-17 22:48:48
10:03:27,23.88,0.0,46,109768,买盘,002759,2025-10-17 22:48:48
10:03:30,23.9,0.02,19,45384,买盘,002759,2025-10-17 22:48:48
10:03:33,23.9,0.0,84,200615,买盘,002759,2025-10-17 22:48:48
10:03:36,23.88,-0.02,89,212625,卖盘,002759,2025-10-17 22:48:48
10:03:39,23.88,0.0,146,348708,卖盘,002759,2025-10-17 22:48:48
10:03:42,23.9,0.02,148,353575,买盘,002759,2025-10-17 22:48:48
10:03:45,23.9,0.0,36,86053,卖盘,002759,2025-10-17 22:48:48
10:03:48,23.91,0.01,78,186441,买盘,002759,2025-10-17 22:48:48
10:03:51,23.9,-0.01,33,78895,卖盘,002759,2025-10-17 22:48:48
10:03:54,23.9,0.0,143,341908,卖盘,002759,2025-10-17 22:48:48
10:03:57,23.89,-0.01,68,162484,卖盘,002759,2025-10-17 22:48:48
10:04:00,23.9,0.01,130,310688,买盘,002759,2025-10-17 22:48:48
10:04:03,23.87,-0.03,882,2105944,卖盘,002759,2025-10-17 22:48:48
10:04:06,23.88,0.01,363,866918,买盘,002759,2025-10-17 22:48:48
10:04:09,23.92,0.04,218,521302,买盘,002759,2025-10-17 22:48:48
10:04:12,23.95,0.03,255,610350,买盘,002759,2025-10-17 22:48:48
10:04:15,23.95,0.0,306,732773,买盘,002759,2025-10-17 22:48:48
10:04:18,23.96,0.01,433,1037311,买盘,002759,2025-10-17 22:48:48
10:04:21,23.96,0.0,342,819682,卖盘,002759,2025-10-17 22:48:48
10:04:24,23.95,-0.01,649,1554698,卖盘,002759,2025-10-17 22:48:48
10:04:27,23.95,0.0,291,696762,买盘,002759,2025-10-17 22:48:48
10:04:30,23.92,-0.03,164,392494,卖盘,002759,2025-10-17 22:48:48
10:04:33,23.9,-0.02,343,819672,卖盘,002759,2025-10-17 22:48:48
10:04:36,23.9,0.0,199,475608,买盘,002759,2025-10-17 22:48:48
10:04:39,23.87,-0.03,245,584383,卖盘,002759,2025-10-17 22:48:48
10:04:42,23.85,-0.02,1061,2532501,卖盘,002759,2025-10-17 22:48:48
10:04:45,23.85,0.0,205,488913,买盘,002759,2025-10-17 22:48:48
10:04:48,23.87,0.02,123,292411,买盘,002759,2025-10-17 22:48:48
10:04:51,23.89,0.02,94,224572,买盘,002759,2025-10-17 22:48:48
10:04:54,23.92,0.03,184,439750,买盘,002759,2025-10-17 22:48:48
10:04:57,23.94,0.02,115,275021,买盘,002759,2025-10-17 22:48:48
10:05:00,23.94,0.0,340,813866,买盘,002759,2025-10-17 22:48:48
10:05:03,23.95,0.01,716,1715225,买盘,002759,2025-10-17 22:48:48
10:05:06,23.95,0.0,105,251473,卖盘,002759,2025-10-17 22:48:48
10:05:09,23.97,0.02,213,510324,买盘,002759,2025-10-17 22:48:48
10:05:12,23.96,-0.01,169,404818,卖盘,002759,2025-10-17 22:48:48
10:05:15,23.96,0.0,205,491225,买盘,002759,2025-10-17 22:48:48
10:05:18,23.96,0.0,169,404788,买盘,002759,2025-10-17 22:48:48
10:05:21,23.91,-0.05,149,356714,卖盘,002759,2025-10-17 22:48:48
10:05:24,23.95,0.04,65,155600,买盘,002759,2025-10-17 22:48:48
10:05:27,23.95,0.0,131,313638,买盘,002759,2025-10-17 22:48:48
10:05:30,23.95,0.0,120,287169,买盘,002759,2025-10-17 22:48:48
10:05:33,23.95,0.0,133,318441,买盘,002759,2025-10-17 22:48:48
10:05:36,23.95,0.0,262,627447,买盘,002759,2025-10-17 22:48:48
10:05:39,23.95,0.0,162,388026,卖盘,002759,2025-10-17 22:48:48
10:05:42,23.96,0.01,255,610803,买盘,002759,2025-10-17 22:48:48
10:05:45,23.95,-0.01,199,476646,卖盘,002759,2025-10-17 22:48:48
10:05:48,23.95,0.0,171,409543,卖盘,002759,2025-10-17 22:48:48
10:05:51,23.95,0.0,89,213143,买盘,002759,2025-10-17 22:48:48
10:05:54,23.94,-0.01,94,225104,卖盘,002759,2025-10-17 22:48:48
10:05:57,23.95,0.01,355,850046,买盘,002759,2025-10-17 22:48:48
10:06:00,23.94,-0.01,80,191562,卖盘,002759,2025-10-17 22:48:48
10:06:03,23.95,0.01,785,1879876,买盘,002759,2025-10-17 22:48:48
10:06:06,23.95,0.0,99,237105,卖盘,002759,2025-10-17 22:48:48
10:06:09,24.0,0.05,2689,6449614,买盘,002759,2025-10-17 22:48:48
10:06:12,24.02,0.02,3196,7672836,买盘,002759,2025-10-17 22:48:48
10:06:15,24.04,0.02,778,1870688,买盘,002759,2025-10-17 22:48:48
10:06:18,24.07,0.03,2355,5665891,买盘,002759,2025-10-17 22:48:48
10:06:21,24.09,0.02,376,905522,买盘,002759,2025-10-17 22:48:48
10:06:24,24.1,0.01,1058,2549189,买盘,002759,2025-10-17 22:48:48
10:06:27,24.1,0.0,942,2269308,买盘,002759,2025-10-17 22:48:48
10:06:30,24.1,0.0,927,2233977,买盘,002759,2025-10-17 22:48:48
10:06:33,24.08,-0.02,490,1180869,卖盘,002759,2025-10-17 22:48:48
10:06:36,24.06,-0.02,120,288815,卖盘,002759,2025-10-17 22:48:48
10:06:39,24.06,0.0,258,620686,买盘,002759,2025-10-17 22:48:48
10:06:42,24.05,-0.01,350,841951,卖盘,002759,2025-10-17 22:48:48
10:06:45,24.04,-0.01,343,824878,卖盘,002759,2025-10-17 22:48:48
10:06:48,24.05,0.01,906,2178744,买盘,002759,2025-10-17 22:48:48
10:06:51,24.04,-0.01,709,1705114,卖盘,002759,2025-10-17 22:48:48
10:06:54,24.05,0.01,528,1269853,买盘,002759,2025-10-17 22:48:48
10:06:57,24.05,0.0,256,615709,卖盘,002759,2025-10-17 22:48:48
10:07:00,24.08,0.03,719,1729861,买盘,002759,2025-10-17 22:48:48
10:07:03,24.1,0.02,441,1062187,买盘,002759,2025-10-17 22:48:48
10:07:06,24.09,-0.01,362,872360,卖盘,002759,2025-10-17 22:48:48
10:07:09,24.1,0.01,678,1633624,买盘,002759,2025-10-17 22:48:48
10:07:12,24.09,-0.01,132,318036,中性盘,002759,2025-10-17 22:48:48
10:07:15,24.1,0.01,273,657859,买盘,002759,2025-10-17 22:48:48
10:07:18,24.1,0.0,95,228906,买盘,002759,2025-10-17 22:48:48
10:07:21,24.09,-0.01,82,197585,卖盘,002759,2025-10-17 22:48:48
10:07:24,24.09,0.0,318,766203,卖盘,002759,2025-10-17 22:48:48
10:07:27,24.09,0.0,126,303570,卖盘,002759,2025-10-17 22:48:48
10:07:30,24.08,-0.01,148,356468,卖盘,002759,2025-10-17 22:48:48
10:07:33,24.06,-0.02,136,327435,卖盘,002759,2025-10-17 22:48:48
10:07:36,24.08,0.02,219,527352,买盘,002759,2025-10-17 22:48:48
10:07:39,24.08,0.0,350,842941,卖盘,002759,2025-10-17 22:48:48
10:07:42,24.1,0.02,344,828668,买盘,002759,2025-10-17 22:48:48
10:07:45,24.09,-0.01,586,1412090,卖盘,002759,2025-10-17 22:48:48
10:07:48,24.1,0.01,289,696451,买盘,002759,2025-10-17 22:48:48
10:07:51,24.1,0.0,455,1096767,卖盘,002759,2025-10-17 22:48:48
10:07:54,24.1,0.0,303,730009,卖盘,002759,2025-10-17 22:48:48
10:07:57,24.09,-0.01,127,306008,卖盘,002759,2025-10-17 22:48:48
10:08:00,24.09,0.0,141,339769,卖盘,002759,2025-10-17 22:48:48
10:08:03,24.09,0.0,546,1315754,卖盘,002759,2025-10-17 22:48:48
10:08:06,24.09,0.0,100,240903,买盘,002759,2025-10-17 22:48:48
10:08:09,24.09,0.0,240,578156,买盘,002759,2025-10-17 22:48:48
10:08:12,24.08,-0.01,130,313087,卖盘,002759,2025-10-17 22:48:48
10:08:15,24.03,-0.05,1001,2407265,卖盘,002759,2025-10-17 22:48:48
10:08:18,24.0,-0.03,81,194574,卖盘,002759,2025-10-17 22:48:48
10:08:21,24.0,0.0,54,129629,卖盘,002759,2025-10-17 22:48:48
10:08:24,23.98,-0.02,630,1512112,卖盘,002759,2025-10-17 22:48:48
10:08:27,23.98,0.0,114,273272,买盘,002759,2025-10-17 22:48:48
10:08:30,23.98,0.0,105,251724,买盘,002759,2025-10-17 22:48:48
10:08:33,23.96,-0.02,63,151011,中性盘,002759,2025-10-17 22:48:48
10:08:36,23.97,0.01,147,352328,买盘,002759,2025-10-17 22:48:48
10:08:39,24.0,0.03,423,1014344,买盘,002759,2025-10-17 22:48:48
10:08:42,23.98,-0.02,50,119941,卖盘,002759,2025-10-17 22:48:48
10:08:45,23.98,0.0,64,153564,卖盘,002759,2025-10-17 22:48:48
10:08:48,24.0,0.02,230,551970,买盘,002759,2025-10-17 22:48:48
10:08:51,24.0,0.0,77,184914,卖盘,002759,2025-10-17 22:48:48
10:08:54,24.01,0.01,215,516501,卖盘,002759,2025-10-17 22:48:48
10:08:57,24.03,0.02,123,295474,买盘,002759,2025-10-17 22:48:48
10:09:00,24.01,-0.02,233,559926,卖盘,002759,2025-10-17 22:48:48
10:09:03,24.01,0.0,361,866450,中性盘,002759,2025-10-17 22:48:48
10:09:06,24.0,-0.01,48,115184,卖盘,002759,2025-10-17 22:48:48
10:09:09,24.0,0.0,67,160800,买盘,002759,2025-10-17 22:48:48
10:09:12,24.0,0.0,117,280675,买盘,002759,2025-10-17 22:48:48
10:09:15,24.0,0.0,70,167966,卖盘,002759,2025-10-17 22:48:48
10:09:18,24.0,0.0,281,674425,卖盘,002759,2025-10-17 22:48:48
10:09:21,24.0,0.0,350,840418,买盘,002759,2025-10-17 22:48:48
10:09:24,23.99,-0.01,68,163189,卖盘,002759,2025-10-17 22:48:48
10:09:27,23.99,0.0,48,115181,卖盘,002759,2025-10-17 22:48:48
10:09:30,24.0,0.01,76,182369,买盘,002759,2025-10-17 22:48:48
10:09:33,24.0,0.0,163,391058,买盘,002759,2025-10-17 22:48:48
10:09:36,23.99,-0.01,39,93575,中性盘,002759,2025-10-17 22:48:48
10:09:39,23.99,0.0,168,403075,卖盘,002759,2025-10-17 22:48:48
10:09:42,23.99,0.0,53,127129,买盘,002759,2025-10-17 22:48:48
10:09:45,23.99,0.0,284,681117,买盘,002759,2025-10-17 22:48:48
10:09:48,23.97,-0.02,20,47946,卖盘,002759,2025-10-17 22:48:48
10:09:51,23.97,0.0,178,426679,卖盘,002759,2025-10-17 22:48:48
10:09:54,23.96,-0.01,86,206066,卖盘,002759,2025-10-17 22:48:48
10:09:57,23.95,-0.01,216,517666,卖盘,002759,2025-10-17 22:48:48
10:10:00,23.95,0.0,47,112609,卖盘,002759,2025-10-17 22:48:48
10:10:03,23.95,0.0,88,210828,卖盘,002759,2025-10-17 22:48:48
10:10:06,23.95,0.0,215,514946,卖盘,002759,2025-10-17 22:48:48
10:10:09,23.95,0.0,356,853211,买盘,002759,2025-10-17 22:48:48
10:10:12,23.94,-0.01,203,486404,卖盘,002759,2025-10-17 22:48:48
10:10:15,23.94,0.0,20,47882,卖盘,002759,2025-10-17 22:48:48
10:10:18,23.94,0.0,119,284776,买盘,002759,2025-10-17 22:48:48
10:10:21,23.94,0.0,15,35898,买盘,002759,2025-10-17 22:48:48
10:10:24,23.91,-0.03,80,191395,卖盘,002759,2025-10-17 22:48:48
10:10:27,23.92,0.01,65,155474,买盘,002759,2025-10-17 22:48:48
10:10:30,23.92,0.0,99,236706,买盘,002759,2025-10-17 22:48:48
10:10:33,23.91,-0.01,36,86074,卖盘,002759,2025-10-17 22:48:48
10:10:36,23.91,0.0,179,428005,买盘,002759,2025-10-17 22:48:48
10:10:39,23.91,0.0,55,131541,卖盘,002759,2025-10-17 22:48:48
10:10:42,23.92,0.01,233,557147,买盘,002759,2025-10-17 22:48:48
10:10:45,23.94,0.02,185,442554,买盘,002759,2025-10-17 22:48:48
10:10:48,23.93,-0.01,24,57440,中性盘,002759,2025-10-17 22:48:48
10:10:51,23.94,0.01,50,119680,买盘,002759,2025-10-17 22:48:48
10:10:54,23.92,-0.02,225,538448,卖盘,002759,2025-10-17 22:48:48
10:10:57,23.94,0.02,111,265505,买盘,002759,2025-10-17 22:48:48
10:11:00,23.94,0.0,29,69400,买盘,002759,2025-10-17 22:48:48
10:11:03,23.93,-0.01,126,301471,卖盘,002759,2025-10-17 22:48:48
10:11:06,23.93,0.0,333,796907,卖盘,002759,2025-10-17 22:48:48
10:11:09,23.94,0.01,47,112492,买盘,002759,2025-10-17 22:48:48
10:11:12,23.94,0.0,368,880655,买盘,002759,2025-10-17 22:48:48
10:11:15,23.89,-0.05,1180,2820902,卖盘,002759,2025-10-17 22:48:48
10:11:18,23.89,0.0,120,286678,买盘,002759,2025-10-17 22:48:48
10:11:21,23.89,0.0,340,812253,买盘,002759,2025-10-17 22:48:48
10:11:24,23.89,0.0,266,635467,买盘,002759,2025-10-17 22:48:48
10:11:27,23.88,-0.01,301,719026,卖盘,002759,2025-10-17 22:48:48
10:11:30,23.89,0.01,52,124209,买盘,002759,2025-10-17 22:48:48
10:11:33,23.89,0.0,65,155248,买盘,002759,2025-10-17 22:48:48
10:11:36,23.89,0.0,134,320068,买盘,002759,2025-10-17 22:48:48
10:11:39,23.89,0.0,405,967170,买盘,002759,2025-10-17 22:48:48
10:11:42,23.87,-0.02,67,159955,卖盘,002759,2025-10-17 22:48:48
10:11:45,23.82,-0.05,949,2260295,卖盘,002759,2025-10-17 22:48:48
10:11:48,23.82,0.0,24,57149,买盘,002759,2025-10-17 22:48:48
10:11:51,23.82,0.0,118,281083,买盘,002759,2025-10-17 22:48:48
10:11:54,23.85,0.03,498,1187062,买盘,002759,2025-10-17 22:48:48
10:11:57,23.84,-0.01,102,243190,卖盘,002759,2025-10-17 22:48:48
10:12:00,23.84,0.0,133,317210,卖盘,002759,2025-10-17 22:48:48
10:12:03,23.86,0.02,286,682054,买盘,002759,2025-10-17 22:48:48
10:12:06,23.88,0.02,116,276889,买盘,002759,2025-10-17 22:48:48
10:12:09,23.89,0.01,107,255561,买盘,002759,2025-10-17 22:48:48
10:12:12,23.94,0.05,209,499591,买盘,002759,2025-10-17 22:48:48
10:12:15,23.95,0.01,199,476367,买盘,002759,2025-10-17 22:48:48
10:12:18,23.97,0.02,49,117369,买盘,002759,2025-10-17 22:48:48
10:12:21,23.98,0.01,94,225369,买盘,002759,2025-10-17 22:48:48
10:12:24,23.99,0.01,17,40779,买盘,002759,2025-10-17 22:48:48
10:12:27,23.99,0.0,150,359805,买盘,002759,2025-10-17 22:48:48
10:12:30,24.0,0.01,177,424655,买盘,002759,2025-10-17 22:48:48
10:12:33,24.0,0.0,156,374301,买盘,002759,2025-10-17 22:48:48
10:12:36,23.99,-0.01,115,275987,卖盘,002759,2025-10-17 22:48:48
10:12:39,24.0,0.01,561,1346240,买盘,002759,2025-10-17 22:48:48
10:12:42,23.95,-0.05,650,1558027,卖盘,002759,2025-10-17 22:48:48
10:12:45,23.95,0.0,89,213153,买盘,002759,2025-10-17 22:48:48
10:12:48,24.0,0.05,1427,3417916,买盘,002759,2025-10-17 22:48:48
10:12:51,24.0,0.0,99,237550,买盘,002759,2025-10-17 22:48:48
10:12:54,23.99,-0.01,279,669397,卖盘,002759,2025-10-17 22:48:48
10:12:57,23.98,-0.01,52,124708,卖盘,002759,2025-10-17 22:48:48
10:13:00,23.97,-0.01,219,525319,中性盘,002759,2025-10-17 22:48:48
10:13:03,23.99,0.02,104,249381,买盘,002759,2025-10-17 22:48:48
10:13:06,23.99,0.0,358,859013,买盘,002759,2025-10-17 22:48:48
10:13:09,23.99,0.0,136,326367,卖盘,002759,2025-10-17 22:48:48
10:13:12,24.0,0.01,203,487130,买盘,002759,2025-10-17 22:48:48
10:13:15,24.0,0.0,73,175146,买盘,002759,2025-10-17 22:48:48
10:13:18,23.99,-0.01,72,172787,卖盘,002759,2025-10-17 22:48:48
10:13:21,24.01,0.02,962,2308815,买盘,002759,2025-10-17 22:48:48
10:13:24,24.03,0.02,244,585873,买盘,002759,2025-10-17 22:48:48
10:13:27,24.02,-0.01,227,545442,卖盘,002759,2025-10-17 22:48:48
10:13:30,24.03,0.01,143,343715,卖盘,002759,2025-10-17 22:48:48
10:13:33,24.06,0.03,266,639624,买盘,002759,2025-10-17 22:48:48
10:13:36,24.06,0.0,96,230918,买盘,002759,2025-10-17 22:48:48
10:13:39,24.06,0.0,129,310432,卖盘,002759,2025-10-17 22:48:48
10:13:42,24.06,0.0,241,579729,买盘,002759,2025-10-17 22:48:48
10:13:45,24.05,-0.01,112,269415,卖盘,002759,2025-10-17 22:48:48
10:13:48,24.05,0.0,343,825026,卖盘,002759,2025-10-17 22:48:48
10:13:51,24.04,-0.01,192,461820,卖盘,002759,2025-10-17 22:48:48
10:13:54,24.04,0.0,26,62513,卖盘,002759,2025-10-17 22:48:48
10:13:57,24.04,0.0,375,900470,卖盘,002759,2025-10-17 22:48:48
10:14:00,24.04,0.0,173,415941,买盘,002759,2025-10-17 22:48:48
10:14:03,24.04,0.0,142,341423,卖盘,002759,2025-10-17 22:48:48
10:14:06,24.04,0.0,58,139286,买盘,002759,2025-10-17 22:48:48
10:14:09,24.03,-0.01,52,124894,买盘,002759,2025-10-17 22:48:48
10:14:12,24.01,-0.02,163,391346,卖盘,002759,2025-10-17 22:48:48
10:14:15,24.01,0.0,32,76827,买盘,002759,2025-10-17 22:48:48
10:14:18,24.0,-0.01,59,141635,卖盘,002759,2025-10-17 22:48:48
10:14:21,24.0,0.0,398,955272,卖盘,002759,2025-10-17 22:48:48
10:14:24,24.0,0.0,124,297618,卖盘,002759,2025-10-17 22:48:48
10:14:27,24.0,0.0,495,1188145,卖盘,002759,2025-10-17 22:48:48
10:14:30,24.01,0.01,223,535389,中性盘,002759,2025-10-17 22:48:48
10:14:33,24.01,0.0,284,681956,卖盘,002759,2025-10-17 22:48:48
10:14:36,24.02,0.01,81,194595,买盘,002759,2025-10-17 22:48:48
10:14:39,24.01,-0.01,67,160952,卖盘,002759,2025-10-17 22:48:48
10:14:42,24.01,0.0,165,396265,卖盘,002759,2025-10-17 22:48:48
10:14:45,24.04,0.03,1357,3263041,买盘,002759,2025-10-17 22:48:48
10:14:48,24.06,0.02,260,624976,买盘,002759,2025-10-17 22:48:48
10:14:51,24.06,0.0,90,216499,卖盘,002759,2025-10-17 22:48:48
10:14:54,24.06,0.0,86,206936,卖盘,002759,2025-10-17 22:48:48
10:14:57,24.06,0.0,113,271784,买盘,002759,2025-10-17 22:48:48
10:15:00,24.04,-0.02,76,182800,中性盘,002759,2025-10-17 22:48:48
10:15:03,24.04,0.0,41,98561,买盘,002759,2025-10-17 22:48:48
10:15:06,24.04,0.0,177,425358,买盘,002759,2025-10-17 22:48:48
10:15:09,24.03,-0.01,64,153835,卖盘,002759,2025-10-17 22:48:48
10:15:12,24.04,0.01,71,170664,中性盘,002759,2025-10-17 22:48:48
10:15:15,24.03,-0.01,72,173016,卖盘,002759,2025-10-17 22:48:48
10:15:18,24.04,0.01,140,336505,买盘,002759,2025-10-17 22:48:48
10:15:21,24.03,-0.01,57,136957,买盘,002759,2025-10-17 22:48:48
10:15:24,24.02,-0.01,72,172998,卖盘,002759,2025-10-17 22:48:48
10:15:27,24.02,0.0,21,50426,卖盘,002759,2025-10-17 22:48:48
10:15:30,24.01,-0.01,79,189738,卖盘,002759,2025-10-17 22:48:48
10:15:33,24.01,0.0,68,163266,卖盘,002759,2025-10-17 22:48:48
10:15:36,24.0,-0.01,48,115232,卖盘,002759,2025-10-17 22:48:48
10:15:39,24.01,0.01,49,117622,买盘,002759,2025-10-17 22:48:48
10:15:42,24.02,0.01,624,1498930,买盘,002759,2025-10-17 22:48:48
10:15:45,24.02,0.0,202,485541,卖盘,002759,2025-10-17 22:48:48
10:15:48,24.03,0.01,81,194697,中性盘,002759,2025-10-17 22:48:48
10:15:51,24.05,0.02,200,480949,买盘,002759,2025-10-17 22:48:48
10:15:54,24.07,0.02,819,1970938,买盘,002759,2025-10-17 22:48:48
10:15:57,24.08,0.01,158,380436,买盘,002759,2025-10-17 22:48:48
10:16:00,24.08,0.0,226,544171,买盘,002759,2025-10-17 22:48:48
10:16:03,24.1,0.02,4292,10342724,买盘,002759,2025-10-17 22:48:48
10:16:06,24.1,0.0,749,1805001,买盘,002759,2025-10-17 22:48:48
10:16:09,24.12,0.02,322,776327,买盘,002759,2025-10-17 22:48:48
10:16:12,24.15,0.03,940,2267692,买盘,002759,2025-10-17 22:48:48
10:16:15,24.2,0.05,2373,5735419,买盘,002759,2025-10-17 22:48:48
10:16:18,24.2,0.0,876,2119818,买盘,002759,2025-10-17 22:48:48
10:16:21,24.2,0.0,1074,2598885,买盘,002759,2025-10-17 22:48:48
10:16:24,24.23,0.03,1174,2841853,买盘,002759,2025-10-17 22:48:48
10:16:27,24.24,0.01,410,993488,买盘,002759,2025-10-17 22:48:48
10:16:30,24.25,0.01,430,1042616,买盘,002759,2025-10-17 22:48:48
10:16:33,24.25,0.0,597,1447941,买盘,002759,2025-10-17 22:48:48
10:16:36,24.25,0.0,801,1942366,卖盘,002759,2025-10-17 22:48:48
10:16:39,24.24,-0.01,303,734803,中性盘,002759,2025-10-17 22:48:48
10:16:42,24.23,-0.01,240,581442,卖盘,002759,2025-10-17 22:48:48
10:16:45,24.22,-0.01,138,334248,中性盘,002759,2025-10-17 22:48:48
10:16:48,24.2,-0.02,127,307330,买盘,002759,2025-10-17 22:48:48
10:16:51,24.18,-0.02,401,970010,卖盘,002759,2025-10-17 22:48:48
10:16:54,24.18,0.0,524,1268019,买盘,002759,2025-10-17 22:48:48
10:16:57,24.18,0.0,208,502728,买盘,002759,2025-10-17 22:48:48
10:17:00,24.19,0.01,91,220070,卖盘,002759,2025-10-17 22:48:48
10:17:03,24.2,0.01,335,810305,买盘,002759,2025-10-17 22:48:48
10:17:06,24.19,-0.01,378,914095,卖盘,002759,2025-10-17 22:48:48
10:17:09,24.2,0.01,285,689576,买盘,002759,2025-10-17 22:48:48
10:17:12,24.18,-0.02,169,408790,卖盘,002759,2025-10-17 22:48:48
10:17:15,24.19,0.01,80,193497,买盘,002759,2025-10-17 22:48:48
10:17:18,24.18,-0.01,129,311965,卖盘,002759,2025-10-17 22:48:48
10:17:21,24.18,0.0,170,411147,卖盘,002759,2025-10-17 22:48:48
10:17:24,24.18,0.0,57,137823,卖盘,002759,2025-10-17 22:48:48
10:17:27,24.18,0.0,62,149841,买盘,002759,2025-10-17 22:48:48
10:17:30,24.17,-0.01,78,188433,中性盘,002759,2025-10-17 22:48:48
10:17:33,24.18,0.01,683,1651517,买盘,002759,2025-10-17 22:48:48
10:17:36,24.18,0.0,729,1763438,卖盘,002759,2025-10-17 22:48:48
10:17:39,24.18,0.0,97,234530,买盘,002759,2025-10-17 22:48:48
10:17:42,24.17,-0.01,155,374728,卖盘,002759,2025-10-17 22:48:48
10:17:45,24.17,0.0,48,116005,卖盘,002759,2025-10-17 22:48:48
10:17:48,24.16,-0.01,12,29000,中性盘,002759,2025-10-17 22:48:48
10:17:51,24.16,0.0,191,461586,买盘,002759,2025-10-17 22:48:48
10:17:54,24.18,0.02,343,829268,买盘,002759,2025-10-17 22:48:48
10:17:57,24.16,-0.02,171,413285,卖盘,002759,2025-10-17 22:48:48
10:18:00,24.16,0.0,67,161852,买盘,002759,2025-10-17 22:48:48
10:18:03,24.14,-0.02,66,159397,卖盘,002759,2025-10-17 22:48:48
10:18:06,24.14,0.0,31,74822,买盘,002759,2025-10-17 22:48:48
10:18:09,24.13,-0.01,127,306533,卖盘,002759,2025-10-17 22:48:48
10:18:12,24.14,0.01,104,251015,买盘,002759,2025-10-17 22:48:48
10:18:15,24.13,-0.01,60,144816,卖盘,002759,2025-10-17 22:48:48
10:18:18,24.13,0.0,66,159211,买盘,002759,2025-10-17 22:48:48
10:18:21,24.12,-0.01,262,631979,卖盘,002759,2025-10-17 22:48:48
10:18:24,24.11,-0.01,14,33763,卖盘,002759,2025-10-17 22:48:48
10:18:27,24.12,0.01,43,103687,买盘,002759,2025-10-17 22:48:48
10:18:30,24.11,-0.01,29,69919,卖盘,002759,2025-10-17 22:48:48
10:18:33,24.11,0.0,298,718498,买盘,002759,2025-10-17 22:48:48
10:18:36,24.11,0.0,131,315914,卖盘,002759,2025-10-17 22:48:48
10:18:39,24.12,0.01,87,209784,买盘,002759,2025-10-17 22:48:48
10:18:42,24.11,-0.01,109,262846,卖盘,002759,2025-10-17 22:48:48
10:18:45,24.12,0.01,185,446217,买盘,002759,2025-10-17 22:48:48
10:18:48,24.12,0.0,160,385993,卖盘,002759,2025-10-17 22:48:48
10:18:51,24.12,0.0,142,342574,卖盘,002759,2025-10-17 22:48:48
10:18:54,24.12,0.0,65,156806,卖盘,002759,2025-10-17 22:48:48
10:18:57,24.12,0.0,224,540392,卖盘,002759,2025-10-17 22:48:48
10:19:00,24.14,0.02,92,221993,买盘,002759,2025-10-17 22:48:48
10:19:03,24.12,-0.02,120,289481,卖盘,002759,2025-10-17 22:48:48
10:19:06,24.13,0.01,8,19304,中性盘,002759,2025-10-17 22:48:48
10:19:09,24.13,0.0,236,569688,中性盘,002759,2025-10-17 22:48:48
10:19:12,24.14,0.01,45,108603,买盘,002759,2025-10-17 22:48:48
10:19:15,24.14,0.0,7,16895,买盘,002759,2025-10-17 22:48:48
10:19:18,24.13,-0.01,130,313704,卖盘,002759,2025-10-17 22:48:48
10:19:21,24.13,0.0,47,113435,中性盘,002759,2025-10-17 22:48:48
10:19:24,24.13,0.0,67,161710,卖盘,002759,2025-10-17 22:48:48
10:19:27,24.13,0.0,395,953293,卖盘,002759,2025-10-17 22:48:48
10:19:30,24.13,0.0,216,521149,卖盘,002759,2025-10-17 22:48:48
10:19:33,24.13,0.0,239,576699,买盘,002759,2025-10-17 22:48:48
10:19:36,24.1,-0.03,187,450778,卖盘,002759,2025-10-17 22:48:48
10:19:39,24.1,0.0,346,833835,买盘,002759,2025-10-17 22:48:48
10:19:42,24.1,0.0,82,197601,买盘,002759,2025-10-17 22:48:48
10:19:45,24.1,0.0,49,118104,卖盘,002759,2025-10-17 22:48:48
10:19:48,24.1,0.0,29,69881,卖盘,002759,2025-10-17 22:48:48
10:19:51,24.11,0.01,94,226633,中性盘,002759,2025-10-17 22:48:48
10:19:54,24.1,-0.01,57,137360,卖盘,002759,2025-10-17 22:48:48
10:19:57,24.08,-0.02,58,139726,卖盘,002759,2025-10-17 22:48:48
10:20:00,24.07,-0.01,39,93937,中性盘,002759,2025-10-17 22:48:48
10:20:03,24.08,0.01,190,457546,中性盘,002759,2025-10-17 22:48:48
10:20:06,24.08,0.0,325,782071,卖盘,002759,2025-10-17 22:48:48
10:20:09,24.08,0.0,52,125231,卖盘,002759,2025-10-17 22:48:48
10:20:12,24.08,0.0,30,72205,买盘,002759,2025-10-17 22:48:48
10:20:15,24.07,-0.01,80,192619,中性盘,002759,2025-10-17 22:48:48
10:20:18,24.06,-0.01,48,115514,卖盘,002759,2025-10-17 22:48:48
10:20:21,24.05,-0.01,83,199708,卖盘,002759,2025-10-17 22:48:48
10:20:24,24.05,0.0,40,96236,卖盘,002759,2025-10-17 22:48:48
10:20:27,24.07,0.02,82,197340,买盘,002759,2025-10-17 22:48:48
10:20:30,24.08,0.01,129,310559,买盘,002759,2025-10-17 22:48:48
10:20:33,24.08,0.0,131,315383,买盘,002759,2025-10-17 22:48:48
10:20:36,24.1,0.02,215,518011,买盘,002759,2025-10-17 22:48:48
10:20:39,24.12,0.02,348,838669,买盘,002759,2025-10-17 22:48:48
10:20:42,24.13,0.01,95,229214,买盘,002759,2025-10-17 22:48:48
10:20:45,24.14,0.01,280,675933,买盘,002759,2025-10-17 22:48:48
10:20:48,24.15,0.01,362,874211,买盘,002759,2025-10-17 22:48:48
10:20:51,24.15,0.0,352,850069,买盘,002759,2025-10-17 22:48:48
10:20:54,24.16,0.01,85,205311,买盘,002759,2025-10-17 22:48:48
10:20:57,24.15,-0.01,467,1127960,卖盘,002759,2025-10-17 22:48:48
10:21:00,24.14,-0.01,749,1808135,卖盘,002759,2025-10-17 22:48:48
10:21:03,24.14,0.0,413,996910,买盘,002759,2025-10-17 22:48:48
10:21:06,24.09,-0.05,127,306091,卖盘,002759,2025-10-17 22:48:48
10:21:09,24.08,-0.01,44,105980,卖盘,002759,2025-10-17 22:48:48
10:21:12,24.1,0.02,53,127710,买盘,002759,2025-10-17 22:48:48
10:21:15,24.09,-0.01,9,21684,卖盘,002759,2025-10-17 22:48:48
10:21:18,24.08,-0.01,120,289075,卖盘,002759,2025-10-17 22:48:48
10:21:21,24.09,0.01,129,310685,买盘,002759,2025-10-17 22:48:48
10:21:24,24.09,0.0,84,202386,卖盘,002759,2025-10-17 22:48:48
10:21:27,24.08,-0.01,101,243334,卖盘,002759,2025-10-17 22:48:48
10:21:30,24.09,0.01,9,21681,买盘,002759,2025-10-17 22:48:48
10:21:33,24.09,0.0,814,1959155,买盘,002759,2025-10-17 22:48:48
10:21:36,24.09,0.0,73,175861,卖盘,002759,2025-10-17 22:48:48
10:21:39,24.11,0.02,238,573587,买盘,002759,2025-10-17 22:48:48
10:21:42,24.12,0.01,66,159144,买盘,002759,2025-10-17 22:48:48
10:21:45,24.13,0.01,60,144768,买盘,002759,2025-10-17 22:48:48
10:21:48,24.14,0.01,37,89313,买盘,002759,2025-10-17 22:48:48
10:21:51,24.15,0.01,65,156959,买盘,002759,2025-10-17 22:48:48
10:21:54,24.14,-0.01,125,301858,卖盘,002759,2025-10-17 22:48:48
10:21:57,24.15,0.01,166,400863,买盘,002759,2025-10-17 22:48:48
10:22:00,24.16,0.01,65,157004,买盘,002759,2025-10-17 22:48:48
10:22:03,24.15,-0.01,398,961424,卖盘,002759,2025-10-17 22:48:48
10:22:06,24.17,0.02,77,185991,买盘,002759,2025-10-17 22:48:48
10:22:09,24.12,-0.05,534,1289899,卖盘,002759,2025-10-17 22:48:48
10:22:12,24.1,-0.02,640,1542509,卖盘,002759,2025-10-17 22:48:48
10:22:15,24.06,-0.04,43,103420,卖盘,002759,2025-10-17 22:48:48
10:22:18,24.04,-0.02,25,60141,卖盘,002759,2025-10-17 22:48:48
10:22:21,24.04,0.0,48,115395,卖盘,002759,2025-10-17 22:48:48
10:22:24,24.06,0.02,49,117874,买盘,002759,2025-10-17 22:48:48
10:22:27,24.03,-0.03,162,389524,卖盘,002759,2025-10-17 22:48:48
10:22:30,24.02,-0.01,40,96115,卖盘,002759,2025-10-17 22:48:48
10:22:33,24.03,0.01,57,136954,买盘,002759,2025-10-17 22:48:48
10:22:36,24.03,0.0,189,454032,买盘,002759,2025-10-17 22:48:48
10:22:39,24.1,0.07,108,260001,买盘,002759,2025-10-17 22:48:48
10:22:42,24.12,0.02,57,137407,买盘,002759,2025-10-17 22:48:48
10:22:45,24.16,0.04,95,229425,买盘,002759,2025-10-17 22:48:48
10:22:48,24.16,0.0,235,567699,买盘,002759,2025-10-17 22:48:48
10:22:51,24.17,0.01,377,911204,买盘,002759,2025-10-17 22:48:48
10:22:54,24.17,0.0,601,1453179,卖盘,002759,2025-10-17 22:48:48
10:22:57,24.18,0.01,118,285232,买盘,002759,2025-10-17 22:48:48
10:23:00,24.18,0.0,471,1139067,买盘,002759,2025-10-17 22:48:48
10:23:03,24.15,-0.03,939,2268319,卖盘,002759,2025-10-17 22:48:48
10:23:06,24.09,-0.06,90,216826,卖盘,002759,2025-10-17 22:48:48
10:23:09,24.15,0.06,32,77086,买盘,002759,2025-10-17 22:48:48
10:23:12,24.03,-0.12,52,125011,卖盘,002759,2025-10-17 22:48:48
10:23:15,24.0,-0.03,877,2105518,卖盘,002759,2025-10-17 22:48:48
10:23:18,24.1,0.1,1794,4307430,买盘,002759,2025-10-17 22:48:48
10:23:21,24.14,0.04,1260,3046157,买盘,002759,2025-10-17 22:48:48
10:23:24,24.19,0.05,315,762063,买盘,002759,2025-10-17 22:48:48
10:23:27,24.18,-0.01,138,333830,卖盘,002759,2025-10-17 22:48:48
10:23:30,24.18,0.0,146,353234,卖盘,002759,2025-10-17 22:48:48
10:23:33,24.18,0.0,157,379705,卖盘,002759,2025-10-17 22:48:48
10:23:36,24.15,-0.03,355,858338,卖盘,002759,2025-10-17 22:48:48
10:23:39,24.18,0.03,36,87044,买盘,002759,2025-10-17 22:48:48
10:23:42,24.18,0.0,91,219995,买盘,002759,2025-10-17 22:48:48
10:23:45,24.18,0.0,32,77369,买盘,002759,2025-10-17 22:48:48
10:23:48,24.17,-0.01,49,118425,卖盘,002759,2025-10-17 22:48:48
10:23:51,24.15,-0.02,35,84571,卖盘,002759,2025-10-17 22:48:48
10:23:54,24.15,0.0,30,72450,卖盘,002759,2025-10-17 22:48:48
10:23:57,24.17,0.02,431,1041573,买盘,002759,2025-10-17 22:48:48
10:24:00,24.15,-0.02,17,41055,卖盘,002759,2025-10-17 22:48:48
10:24:03,24.15,0.0,71,171485,卖盘,002759,2025-10-17 22:48:48
10:24:06,24.15,0.0,142,342863,卖盘,002759,2025-10-17 22:48:48
10:24:09,24.15,0.0,82,197972,买盘,002759,2025-10-17 22:48:48
10:24:12,24.09,-0.06,93,224324,卖盘,002759,2025-10-17 22:48:48
10:24:15,24.08,-0.01,44,106029,卖盘,002759,2025-10-17 22:48:48
10:24:18,24.08,0.0,166,400393,卖盘,002759,2025-10-17 22:48:48
10:24:21,24.08,0.0,48,115650,卖盘,002759,2025-10-17 22:48:48
10:24:24,24.1,0.02,58,139750,中性盘,002759,2025-10-17 22:48:48
10:24:27,24.14,0.04,61,147047,买盘,002759,2025-10-17 22:48:48
10:24:30,24.14,0.0,56,135082,买盘,002759,2025-10-17 22:48:48
10:24:33,24.11,-0.03,105,253408,卖盘,002759,2025-10-17 22:48:48
10:24:36,24.12,0.01,37,89284,卖盘,002759,2025-10-17 22:48:48
10:24:39,24.12,0.0,87,209884,卖盘,002759,2025-10-17 22:48:48
10:24:42,24.12,0.0,156,376254,买盘,002759,2025-10-17 22:48:48
10:24:45,24.14,0.02,54,130398,买盘,002759,2025-10-17 22:48:48
10:24:48,24.14,0.0,520,1254886,卖盘,002759,2025-10-17 22:48:48
10:24:51,24.12,-0.02,188,453957,卖盘,002759,2025-10-17 22:48:48
10:24:54,24.12,0.0,91,219591,卖盘,002759,2025-10-17 22:48:48
10:24:57,24.12,0.0,70,168822,买盘,002759,2025-10-17 22:48:48
10:25:00,24.14,0.02,180,434356,买盘,002759,2025-10-17 22:48:48
10:25:03,24.14,0.0,134,323554,卖盘,002759,2025-10-17 22:48:48
10:25:06,24.15,0.01,305,736497,买盘,002759,2025-10-17 22:48:48
10:25:09,24.14,-0.01,27,65200,卖盘,002759,2025-10-17 22:48:48
10:25:12,24.12,-0.02,69,166549,卖盘,002759,2025-10-17 22:48:48
10:25:15,24.13,0.01,124,299388,中性盘,002759,2025-10-17 22:48:48
10:25:18,24.15,0.02,26,62767,中性盘,002759,2025-10-17 22:48:48
10:25:21,24.14,-0.01,48,115857,卖盘,002759,2025-10-17 22:48:48
10:25:24,24.14,0.0,17,41035,买盘,002759,2025-10-17 22:48:48
10:25:27,24.12,-0.02,139,335463,卖盘,002759,2025-10-17 22:48:48
10:25:30,24.12,0.0,2,4824,卖盘,002759,2025-10-17 22:48:48
10:25:33,24.13,0.01,20,48257,买盘,002759,2025-10-17 22:48:48
10:25:36,24.13,0.0,29,69972,买盘,002759,2025-10-17 22:48:48
10:25:39,24.13,0.0,44,106178,卖盘,002759,2025-10-17 22:48:48
10:25:42,24.13,0.0,69,166508,卖盘,002759,2025-10-17 22:48:48
10:25:45,24.14,0.01,127,306481,买盘,002759,2025-10-17 22:48:48
10:25:48,24.13,-0.01,46,110976,买盘,002759,2025-10-17 22:48:48
10:25:51,24.13,0.0,248,598198,买盘,002759,2025-10-17 22:48:48
10:25:54,24.12,-0.01,83,200171,买盘,002759,2025-10-17 22:48:48
10:25:57,24.12,0.0,54,130221,买盘,002759,2025-10-17 22:48:48
10:26:00,24.11,-0.01,146,352011,卖盘,002759,2025-10-17 22:48:48
10:26:03,24.03,-0.08,1249,3008484,卖盘,002759,2025-10-17 22:48:48
10:26:06,24.0,-0.03,120,288228,卖盘,002759,2025-10-17 22:48:48
10:26:09,24.04,0.04,193,463489,买盘,002759,2025-10-17 22:48:48
10:26:12,24.03,-0.01,30,72038,中性盘,002759,2025-10-17 22:48:48
10:26:15,24.03,0.0,49,117780,买盘,002759,2025-10-17 22:48:48
10:26:18,24.03,0.0,73,175452,卖盘,002759,2025-10-17 22:48:48
10:26:21,24.02,-0.01,160,384473,卖盘,002759,2025-10-17 22:48:48
10:26:24,24.02,0.0,60,144147,卖盘,002759,2025-10-17 22:48:48
10:26:27,24.02,0.0,82,196966,卖盘,002759,2025-10-17 22:48:48
10:26:30,24.03,0.01,131,314664,买盘,002759,2025-10-17 22:48:48
10:26:33,24.02,-0.01,80,192169,卖盘,002759,2025-10-17 22:48:48
10:26:36,24.02,0.0,26,62452,卖盘,002759,2025-10-17 22:48:48
10:26:39,24.03,0.01,61,146559,买盘,002759,2025-10-17 22:48:48
10:26:42,24.02,-0.01,58,139328,卖盘,002759,2025-10-17 22:48:48
10:26:45,24.03,0.01,139,333949,买盘,002759,2025-10-17 22:48:48
10:26:48,24.03,0.0,119,285965,卖盘,002759,2025-10-17 22:48:48
10:26:51,24.03,0.0,54,129762,卖盘,002759,2025-10-17 22:48:48
10:26:54,24.03,0.0,199,478685,卖盘,002759,2025-10-17 22:48:48
10:26:57,24.05,0.02,80,192270,中性盘,002759,2025-10-17 22:48:48
10:27:00,24.05,0.0,148,355745,买盘,002759,2025-10-17 22:48:48
10:27:03,24.03,-0.02,49,117760,卖盘,002759,2025-10-17 22:48:48
10:27:06,24.03,0.0,126,302827,卖盘,002759,2025-10-17 22:48:48
10:27:09,24.02,-0.01,96,230700,卖盘,002759,2025-10-17 22:48:48
10:27:12,24.03,0.01,60,144166,买盘,002759,2025-10-17 22:48:48
10:27:15,24.03,0.0,106,254713,买盘,002759,2025-10-17 22:48:48
10:27:18,24.03,0.0,110,264262,买盘,002759,2025-10-17 22:48:48
10:27:21,24.02,-0.01,29,69663,卖盘,002759,2025-10-17 22:48:48
10:27:24,24.02,0.0,55,132127,卖盘,002759,2025-10-17 22:48:48
10:27:27,24.02,0.0,48,115297,卖盘,002759,2025-10-17 22:48:48
10:27:30,24.03,0.01,66,158554,买盘,002759,2025-10-17 22:48:48
10:27:33,24.03,0.0,14,33642,卖盘,002759,2025-10-17 22:48:48
10:27:36,24.18,0.15,4512,10901049,买盘,002759,2025-10-17 22:48:48
10:27:39,24.26,0.08,3420,8281956,买盘,002759,2025-10-17 22:48:48
10:27:42,24.29,0.03,1043,2532334,买盘,002759,2025-10-17 22:48:48
10:27:45,24.32,0.03,3285,7981888,买盘,002759,2025-10-17 22:48:48
10:27:48,24.28,-0.04,1420,3450596,卖盘,002759,2025-10-17 22:48:48
10:27:51,24.21,-0.07,652,1580118,卖盘,002759,2025-10-17 22:48:48
10:27:54,24.28,0.07,198,480201,买盘,002759,2025-10-17 22:48:48
10:27:57,24.33,0.05,1333,3239798,买盘,002759,2025-10-17 22:48:48
10:28:00,24.34,0.01,841,2046622,买盘,002759,2025-10-17 22:48:48
10:28:03,24.32,-0.02,1004,2442892,中性盘,002759,2025-10-17 22:48:48
10:28:06,24.32,0.0,274,666136,买盘,002759,2025-10-17 22:48:48
10:28:09,24.3,-0.02,3106,7548654,卖盘,002759,2025-10-17 22:48:48
10:28:12,24.18,-0.12,485,1176137,卖盘,002759,2025-10-17 22:48:48
10:28:15,24.21,0.03,540,1304988,中性盘,002759,2025-10-17 22:48:48
10:28:18,24.22,0.01,141,341753,买盘,002759,2025-10-17 22:48:48
10:28:21,24.28,0.06,230,557425,买盘,002759,2025-10-17 22:48:48
10:28:24,24.27,-0.01,305,739914,中性盘,002759,2025-10-17 22:48:48
10:28:27,24.27,0.0,735,1784133,买盘,002759,2025-10-17 22:48:48
10:28:30,24.26,-0.01,241,583949,中性盘,002759,2025-10-17 22:48:48
10:28:33,24.25,-0.01,176,426796,卖盘,002759,2025-10-17 22:48:48
10:28:36,24.28,0.03,1444,3503468,买盘,002759,2025-10-17 22:48:48
10:28:39,24.3,0.02,493,1197451,买盘,002759,2025-10-17 22:48:48
10:28:42,24.32,0.02,175,425384,买盘,002759,2025-10-17 22:48:48
10:28:45,24.31,-0.01,359,872729,卖盘,002759,2025-10-17 22:48:48
10:28:48,24.29,-0.02,238,578140,卖盘,002759,2025-10-17 22:48:48
10:28:51,24.28,-0.01,79,191731,中性盘,002759,2025-10-17 22:48:48
10:28:54,24.25,-0.03,71,172232,中性盘,002759,2025-10-17 22:48:48
10:28:57,24.28,0.03,98,237542,买盘,002759,2025-10-17 22:48:48
10:29:00,24.23,-0.05,428,1037134,中性盘,002759,2025-10-17 22:48:48
10:29:03,24.18,-0.05,237,573608,卖盘,002759,2025-10-17 22:48:48
10:29:06,24.18,0.0,153,370043,买盘,002759,2025-10-17 22:48:48
10:29:09,24.19,0.01,37,89532,中性盘,002759,2025-10-17 22:48:48
10:29:12,24.22,0.03,52,125883,中性盘,002759,2025-10-17 22:48:48
10:29:15,24.2,-0.02,68,164588,中性盘,002759,2025-10-17 22:48:48
10:29:18,24.22,0.02,247,597468,买盘,002759,2025-10-17 22:48:48
10:29:21,24.17,-0.05,106,256264,卖盘,002759,2025-10-17 22:48:48
10:29:24,24.19,0.02,120,290012,买盘,002759,2025-10-17 22:48:48
10:29:27,24.15,-0.04,92,222154,中性盘,002759,2025-10-17 22:48:48
10:29:30,24.17,0.02,155,374369,买盘,002759,2025-10-17 22:48:48
10:29:33,24.21,0.04,342,826968,买盘,002759,2025-10-17 22:48:48
10:29:36,24.15,-0.06,170,410739,卖盘,002759,2025-10-17 22:48:48
10:29:39,24.18,0.03,110,265787,买盘,002759,2025-10-17 22:48:48
10:29:42,24.18,0.0,33,79731,买盘,002759,2025-10-17 22:48:48
10:29:45,24.18,0.0,122,294993,买盘,002759,2025-10-17 22:48:48
10:29:48,24.18,0.0,222,536793,卖盘,002759,2025-10-17 22:48:48
10:29:51,24.18,0.0,16,38693,中性盘,002759,2025-10-17 22:48:48
10:29:54,24.17,-0.01,55,132941,买盘,002759,2025-10-17 22:48:48
10:29:57,24.15,-0.02,213,514460,卖盘,002759,2025-10-17 22:48:48
10:30:00,24.15,0.0,157,379183,卖盘,002759,2025-10-17 22:48:48
10:30:03,24.16,0.01,178,429877,买盘,002759,2025-10-17 22:48:48
10:30:06,24.15,-0.01,121,292220,卖盘,002759,2025-10-17 22:48:48
10:30:09,24.16,0.01,68,164284,买盘,002759,2025-10-17 22:48:48
10:30:12,24.16,0.0,128,309149,买盘,002759,2025-10-17 22:48:48
10:30:15,24.15,-0.01,48,115950,卖盘,002759,2025-10-17 22:48:48
10:30:18,24.15,0.0,118,285012,卖盘,002759,2025-10-17 22:48:48
10:30:21,24.15,0.0,91,219818,卖盘,002759,2025-10-17 22:48:48
10:30:24,24.16,0.01,97,234268,买盘,002759,2025-10-17 22:48:48
10:30:27,24.16,0.0,53,128027,买盘,002759,2025-10-17 22:48:48
10:30:30,24.16,0.0,60,144960,买盘,002759,2025-10-17 22:48:48
10:30:33,24.16,0.0,28,67636,买盘,002759,2025-10-17 22:48:48
10:30:36,24.17,0.01,142,343047,买盘,002759,2025-10-17 22:48:48
10:30:39,24.17,0.0,25,60426,卖盘,002759,2025-10-17 22:48:48
10:30:42,24.18,0.01,55,132940,买盘,002759,2025-10-17 22:48:48
10:30:45,24.16,-0.02,108,261020,卖盘,002759,2025-10-17 22:48:48
10:30:48,24.15,-0.01,284,685850,卖盘,002759,2025-10-17 22:48:48
10:30:51,24.12,-0.03,494,1191980,卖盘,002759,2025-10-17 22:48:48
10:30:54,24.09,-0.03,200,482073,卖盘,002759,2025-10-17 22:48:48
10:30:57,24.1,0.01,10,24109,卖盘,002759,2025-10-17 22:48:48
10:31:00,24.11,0.01,32,77113,买盘,002759,2025-10-17 22:48:48
10:31:03,24.11,0.0,33,79540,买盘,002759,2025-10-17 22:48:48
10:31:06,24.12,0.01,120,289412,买盘,002759,2025-10-17 22:48:48
10:31:09,24.13,0.01,10,24128,买盘,002759,2025-10-17 22:48:48
10:31:12,24.14,0.01,21,50662,买盘,002759,2025-10-17 22:48:48
10:31:15,24.14,0.0,49,118229,买盘,002759,2025-10-17 22:48:48
10:31:18,24.15,0.01,111,267971,买盘,002759,2025-10-17 22:48:48
10:31:21,24.2,0.05,834,2017705,买盘,002759,2025-10-17 22:48:48
10:31:24,24.21,0.01,11,26603,买盘,002759,2025-10-17 22:48:48
10:31:27,24.21,0.0,88,213003,买盘,002759,2025-10-17 22:48:48
10:31:30,24.22,0.01,106,256784,买盘,002759,2025-10-17 22:48:48
10:31:33,24.24,0.02,103,249655,买盘,002759,2025-10-17 22:48:48
10:31:36,24.26,0.02,180,436518,买盘,002759,2025-10-17 22:48:48
10:31:39,24.26,0.0,290,703928,买盘,002759,2025-10-17 22:48:48
10:31:42,24.27,0.01,590,1432979,买盘,002759,2025-10-17 22:48:48
10:31:45,24.24,-0.03,515,1248186,卖盘,002759,2025-10-17 22:48:48
10:31:48,24.24,0.0,43,104214,买盘,002759,2025-10-17 22:48:48
10:31:51,24.24,0.0,79,191481,买盘,002759,2025-10-17 22:48:48
10:31:54,24.2,-0.04,143,346557,卖盘,002759,2025-10-17 22:48:48
10:31:57,24.24,0.04,71,171920,买盘,002759,2025-10-17 22:48:48
10:32:00,24.18,-0.06,73,176803,卖盘,002759,2025-10-17 22:48:48
10:32:03,24.18,0.0,21,50776,买盘,002759,2025-10-17 22:48:48
10:32:06,24.15,-0.03,511,1234993,卖盘,002759,2025-10-17 22:48:48
10:32:09,24.16,0.01,28,67627,中性盘,002759,2025-10-17 22:48:48
10:32:12,24.15,-0.01,32,77256,中性盘,002759,2025-10-17 22:48:48
10:32:15,24.15,0.0,34,82108,买盘,002759,2025-10-17 22:48:48
10:32:18,24.15,0.0,20,48316,卖盘,002759,2025-10-17 22:48:48
10:32:21,24.17,0.02,15,36251,中性盘,002759,2025-10-17 22:48:48
10:32:24,24.18,0.01,19,45937,买盘,002759,2025-10-17 22:48:48
10:32:27,24.18,0.0,44,106373,买盘,002759,2025-10-17 22:48:48
10:32:30,24.18,0.0,41,99181,卖盘,002759,2025-10-17 22:48:48
10:32:33,24.19,0.01,40,96728,中性盘,002759,2025-10-17 22:48:48
10:32:36,24.19,0.0,161,389380,卖盘,002759,2025-10-17 22:48:48
10:32:39,24.18,-0.01,45,108844,卖盘,002759,2025-10-17 22:48:48
10:32:42,24.19,0.01,64,154790,买盘,002759,2025-10-17 22:48:48
10:32:45,24.19,0.0,96,232164,买盘,002759,2025-10-17 22:48:48
10:32:48,24.19,0.0,198,478856,卖盘,002759,2025-10-17 22:48:48
10:32:51,24.19,0.0,19,45951,买盘,002759,2025-10-17 22:48:48
10:32:54,24.2,0.01,175,423398,买盘,002759,2025-10-17 22:48:48
10:32:57,24.21,0.01,60,145139,买盘,002759,2025-10-17 22:48:48
10:33:00,24.2,-0.01,89,215344,买盘,002759,2025-10-17 22:48:48
10:33:03,24.18,-0.02,90,217797,卖盘,002759,2025-10-17 22:48:48
10:33:06,24.18,0.0,267,645681,卖盘,002759,2025-10-17 22:48:48
10:33:09,24.19,0.01,97,234645,买盘,002759,2025-10-17 22:48:48
10:33:12,24.2,0.01,34,82249,买盘,002759,2025-10-17 22:48:48
10:33:15,24.2,0.0,95,229888,买盘,002759,2025-10-17 22:48:48
10:33:18,24.21,0.01,139,336440,买盘,002759,2025-10-17 22:48:48
10:33:21,24.21,0.0,83,200929,买盘,002759,2025-10-17 22:48:48
10:33:24,24.25,0.04,168,407244,买盘,002759,2025-10-17 22:48:48
10:33:27,24.26,0.01,147,356546,买盘,002759,2025-10-17 22:48:48
10:33:30,24.28,0.02,175,424866,买盘,002759,2025-10-17 22:48:48
10:33:33,24.3,0.02,415,1008224,买盘,002759,2025-10-17 22:48:48
10:33:36,24.3,0.0,1096,2664954,买盘,002759,2025-10-17 22:48:48
10:33:39,24.35,0.05,374,911560,买盘,002759,2025-10-17 22:48:48
10:33:42,24.36,0.01,397,966968,买盘,002759,2025-10-17 22:48:48
10:33:45,24.34,-0.02,1164,2831639,卖盘,002759,2025-10-17 22:48:48
10:33:48,24.35,0.01,160,389470,买盘,002759,2025-10-17 22:48:48
10:33:51,24.31,-0.04,833,2025898,卖盘,002759,2025-10-17 22:48:48
10:33:54,24.35,0.04,130,316473,买盘,002759,2025-10-17 22:48:48
10:33:57,24.35,0.0,137,333338,买盘,002759,2025-10-17 22:48:48
10:34:00,24.33,-0.02,494,1202795,中性盘,002759,2025-10-17 22:48:48
10:34:03,24.33,0.0,167,406541,卖盘,002759,2025-10-17 22:48:48
10:34:06,24.36,0.03,1108,2699368,买盘,002759,2025-10-17 22:48:48
10:34:09,24.35,-0.01,149,362602,卖盘,002759,2025-10-17 22:48:48
10:34:12,24.35,0.0,153,372348,买盘,002759,2025-10-17 22:48:48
10:34:15,24.35,0.0,454,1105531,买盘,002759,2025-10-17 22:48:48
10:34:18,24.36,0.01,219,534535,买盘,002759,2025-10-17 22:48:48
10:34:21,24.36,0.0,123,299577,卖盘,002759,2025-10-17 22:48:48
10:34:24,24.36,0.0,195,475122,买盘,002759,2025-10-17 22:48:48
10:34:27,24.37,0.01,202,492152,买盘,002759,2025-10-17 22:48:48
10:34:30,24.37,0.0,233,567808,卖盘,002759,2025-10-17 22:48:48
10:34:33,24.37,0.0,64,155968,买盘,002759,2025-10-17 22:48:48
10:34:36,24.38,0.01,165,402158,买盘,002759,2025-10-17 22:48:48
10:34:39,24.38,0.0,184,448613,买盘,002759,2025-10-17 22:48:48
10:34:42,24.39,0.01,583,1422155,买盘,002759,2025-10-17 22:48:48
10:34:45,24.36,-0.03,1286,3133763,卖盘,002759,2025-10-17 22:48:48
10:34:48,24.36,0.0,201,489629,买盘,002759,2025-10-17 22:48:48
10:34:51,24.37,0.01,181,440847,买盘,002759,2025-10-17 22:48:48
10:34:54,24.36,-0.01,30,73089,卖盘,002759,2025-10-17 22:48:48
10:34:57,24.39,0.03,438,1067847,买盘,002759,2025-10-17 22:48:48
10:35:00,24.4,0.01,168,409740,买盘,002759,2025-10-17 22:48:48
10:35:03,24.4,0.0,299,729474,买盘,002759,2025-10-17 22:48:48
10:35:06,24.39,-0.01,493,1202052,中性盘,002759,2025-10-17 22:48:48
10:35:09,24.37,-0.02,272,663341,中性盘,002759,2025-10-17 22:48:48
10:35:12,24.38,0.01,169,412065,中性盘,002759,2025-10-17 22:48:48
10:35:15,24.38,0.0,204,497421,买盘,002759,2025-10-17 22:48:48
10:35:18,24.39,0.01,259,631518,买盘,002759,2025-10-17 22:48:48
10:35:21,24.38,-0.01,99,241432,中性盘,002759,2025-10-17 22:48:48
10:35:24,24.38,0.0,270,658400,卖盘,002759,2025-10-17 22:48:48
10:35:27,24.39,0.01,116,282832,买盘,002759,2025-10-17 22:48:48
10:35:30,24.39,0.0,234,570753,买盘,002759,2025-10-17 22:48:48
10:35:33,24.38,-0.01,174,424279,卖盘,002759,2025-10-17 22:48:48
10:35:36,24.38,0.0,38,92641,中性盘,002759,2025-10-17 22:48:48
10:35:39,24.37,-0.01,42,102380,卖盘,002759,2025-10-17 22:48:48
10:35:42,24.38,0.01,163,397243,买盘,002759,2025-10-17 22:48:48
10:35:45,24.37,-0.01,455,1108974,卖盘,002759,2025-10-17 22:48:48
10:35:48,24.37,0.0,61,148663,卖盘,002759,2025-10-17 22:48:48
10:35:51,24.37,0.0,96,233976,卖盘,002759,2025-10-17 22:48:48
10:35:54,24.38,0.01,71,173068,买盘,002759,2025-10-17 22:48:48
10:35:57,24.37,-0.01,358,872860,卖盘,002759,2025-10-17 22:48:48
10:36:00,24.36,-0.01,1109,2701690,卖盘,002759,2025-10-17 22:48:48
10:36:03,24.34,-0.02,101,245834,卖盘,002759,2025-10-17 22:48:48
10:36:06,24.33,-0.01,25,60848,卖盘,002759,2025-10-17 22:48:48
10:36:09,24.34,0.01,37,90044,买盘,002759,2025-10-17 22:48:48
10:36:12,24.33,-0.01,69,167877,卖盘,002759,2025-10-17 22:48:48
10:36:15,24.33,0.0,27,65685,买盘,002759,2025-10-17 22:48:48
10:36:18,24.32,-0.01,28,68112,卖盘,002759,2025-10-17 22:48:48
10:36:21,24.32,0.0,136,330804,卖盘,002759,2025-10-17 22:48:48
10:36:24,24.32,0.0,125,304016,卖盘,002759,2025-10-17 22:48:48
10:36:27,24.32,0.0,72,175109,卖盘,002759,2025-10-17 22:48:48
10:36:30,24.36,0.04,1132,2755358,买盘,002759,2025-10-17 22:48:48
10:36:33,24.36,0.0,262,638283,卖盘,002759,2025-10-17 22:48:48
10:36:36,24.36,0.0,265,645706,卖盘,002759,2025-10-17 22:48:48
10:36:39,24.39,0.03,257,626455,买盘,002759,2025-10-17 22:48:48
10:36:42,24.39,0.0,153,373143,买盘,002759,2025-10-17 22:48:48
10:36:45,24.39,0.0,279,680594,买盘,002759,2025-10-17 22:48:48
10:36:48,24.39,0.0,999,2437405,买盘,002759,2025-10-17 22:48:48
10:36:51,24.39,0.0,108,263387,买盘,002759,2025-10-17 22:48:48
10:36:54,24.39,0.0,564,1376010,买盘,002759,2025-10-17 22:48:48
10:36:57,24.4,0.01,458,1117265,买盘,002759,2025-10-17 22:48:48
10:37:00,24.41,0.01,479,1169153,买盘,002759,2025-10-17 22:48:48
10:37:03,24.43,0.02,416,1015856,买盘,002759,2025-10-17 22:48:48
10:37:06,24.43,0.0,160,390856,买盘,002759,2025-10-17 22:48:48
10:37:09,24.45,0.02,1096,2678727,买盘,002759,2025-10-17 22:48:48
10:37:12,24.46,0.01,506,1237148,买盘,002759,2025-10-17 22:48:48
10:37:15,24.46,0.0,171,418264,买盘,002759,2025-10-17 22:48:48
10:37:18,24.48,0.02,677,1656875,买盘,002759,2025-10-17 22:48:48
10:37:21,24.49,0.01,701,1716166,买盘,002759,2025-10-17 22:48:48
10:37:24,24.4,-0.09,3308,8085032,卖盘,002759,2025-10-17 22:48:48
10:37:27,24.35,-0.05,1041,2541217,卖盘,002759,2025-10-17 22:48:48
10:37:30,24.32,-0.03,109,265772,卖盘,002759,2025-10-17 22:48:48
10:37:33,24.33,0.01,284,692113,中性盘,002759,2025-10-17 22:48:48
10:37:36,24.35,0.02,128,312414,买盘,002759,2025-10-17 22:48:48
10:37:39,24.35,0.0,33,80420,卖盘,002759,2025-10-17 22:48:48
10:37:42,24.39,0.04,38,92590,买盘,002759,2025-10-17 22:48:48
10:37:45,24.35,-0.04,133,324050,卖盘,002759,2025-10-17 22:48:48
10:37:48,24.38,0.03,168,409306,买盘,002759,2025-10-17 22:48:48
10:37:51,24.37,-0.01,43,104827,卖盘,002759,2025-10-17 22:48:48
10:37:54,24.38,0.01,73,177959,买盘,002759,2025-10-17 22:48:48
10:37:57,24.37,-0.01,169,411988,中性盘,002759,2025-10-17 22:48:48
10:38:00,24.37,0.0,26,63380,卖盘,002759,2025-10-17 22:48:48
10:38:03,24.37,0.0,246,599661,卖盘,002759,2025-10-17 22:48:48
10:38:06,24.38,0.01,165,402084,买盘,002759,2025-10-17 22:48:48
10:38:09,24.38,0.0,238,580591,买盘,002759,2025-10-17 22:48:48
10:38:12,24.4,0.02,202,492475,买盘,002759,2025-10-17 22:48:48
10:38:15,24.39,-0.01,12,29271,中性盘,002759,2025-10-17 22:48:48
10:38:18,24.4,0.01,79,192685,买盘,002759,2025-10-17 22:48:48
10:38:21,24.38,-0.02,88,214735,卖盘,002759,2025-10-17 22:48:48
10:38:24,24.4,0.02,193,470827,买盘,002759,2025-10-17 22:48:48
10:38:27,24.4,0.0,118,287905,卖盘,002759,2025-10-17 22:48:48
10:38:30,24.4,0.0,140,341579,买盘,002759,2025-10-17 22:48:48
10:38:33,24.42,0.02,371,905523,买盘,002759,2025-10-17 22:48:48
10:38:36,24.43,0.01,488,1192985,买盘,002759,2025-10-17 22:48:48
10:38:39,24.46,0.03,143,349494,买盘,002759,2025-10-17 22:48:48
10:38:42,24.47,0.01,590,1443319,买盘,002759,2025-10-17 22:48:48
10:38:45,24.47,0.0,187,457662,买盘,002759,2025-10-17 22:48:48
10:38:48,24.48,0.01,388,949165,买盘,002759,2025-10-17 22:48:48
10:38:51,24.48,0.0,391,956398,买盘,002759,2025-10-17 22:48:48
10:38:54,24.47,-0.01,211,516239,买盘,002759,2025-10-17 22:48:48
10:38:57,24.47,0.0,331,809589,买盘,002759,2025-10-17 22:48:48
10:39:00,24.47,0.0,226,552709,买盘,002759,2025-10-17 22:48:48
10:39:03,24.47,0.0,203,495449,买盘,002759,2025-10-17 22:48:48
10:39:06,24.47,0.0,252,615347,卖盘,002759,2025-10-17 22:48:48
10:39:09,24.47,0.0,185,452487,买盘,002759,2025-10-17 22:48:48
10:39:12,24.42,-0.05,111,271181,卖盘,002759,2025-10-17 22:48:48
10:39:15,24.41,-0.01,386,942209,卖盘,002759,2025-10-17 22:48:48
10:39:18,24.4,-0.01,98,239213,卖盘,002759,2025-10-17 22:48:48
10:39:21,24.4,0.0,196,478297,卖盘,002759,2025-10-17 22:48:48
10:39:24,24.4,0.0,139,339138,买盘,002759,2025-10-17 22:48:48
10:39:27,24.4,0.0,135,329371,买盘,002759,2025-10-17 22:48:48
10:39:30,24.41,0.01,92,224489,买盘,002759,2025-10-17 22:48:48
10:39:33,24.41,0.0,167,407619,买盘,002759,2025-10-17 22:48:48
10:39:36,24.41,0.0,76,185562,卖盘,002759,2025-10-17 22:48:48
10:39:39,24.41,0.0,342,835307,卖盘,002759,2025-10-17 22:48:48
10:39:42,24.42,0.01,616,1503277,买盘,002759,2025-10-17 22:48:48
10:39:45,24.43,0.01,174,425227,中性盘,002759,2025-10-17 22:48:48
10:39:48,24.42,-0.01,131,319854,卖盘,002759,2025-10-17 22:48:48
10:39:51,24.43,0.01,43,105088,中性盘,002759,2025-10-17 22:48:48
10:39:54,24.43,0.0,25,61070,买盘,002759,2025-10-17 22:48:48
10:39:57,24.42,-0.01,208,508201,卖盘,002759,2025-10-17 22:48:48
10:40:00,24.43,0.01,52,127048,买盘,002759,2025-10-17 22:48:48
10:40:03,24.41,-0.02,471,1150227,卖盘,002759,2025-10-17 22:48:48
10:40:06,24.4,-0.01,194,473457,卖盘,002759,2025-10-17 22:48:48
10:40:09,24.4,0.0,142,346519,卖盘,002759,2025-10-17 22:48:48
10:40:12,24.4,0.0,258,629666,卖盘,002759,2025-10-17 22:48:48
10:40:15,24.4,0.0,138,336709,卖盘,002759,2025-10-17 22:48:48
10:40:18,24.4,0.0,134,326948,买盘,002759,2025-10-17 22:48:48
10:40:21,24.4,0.0,102,248822,买盘,002759,2025-10-17 22:48:48
10:40:24,24.4,0.0,154,375741,买盘,002759,2025-10-17 22:48:48
10:40:27,24.43,0.03,699,1707255,买盘,002759,2025-10-17 22:48:48
10:40:30,24.45,0.02,46,112394,买盘,002759,2025-10-17 22:48:48
10:40:33,24.45,0.0,118,288391,买盘,002759,2025-10-17 22:48:48
10:40:36,24.44,-0.01,53,129556,买盘,002759,2025-10-17 22:48:48
10:40:39,24.45,0.01,95,232262,买盘,002759,2025-10-17 22:48:48
10:40:42,24.44,-0.01,476,1163383,卖盘,002759,2025-10-17 22:48:48
10:40:45,24.44,0.0,59,144194,买盘,002759,2025-10-17 22:48:48
10:40:48,24.44,0.0,158,386239,买盘,002759,2025-10-17 22:48:48
10:40:51,24.43,-0.01,117,285924,卖盘,002759,2025-10-17 22:48:48
10:40:54,24.44,0.01,174,425116,买盘,002759,2025-10-17 22:48:48
10:40:57,24.44,0.0,81,197945,买盘,002759,2025-10-17 22:48:48
10:41:00,24.43,-0.01,94,229670,卖盘,002759,2025-10-17 22:48:48
10:41:03,24.42,-0.01,129,314841,中性盘,002759,2025-10-17 22:48:48
10:41:06,24.41,-0.01,220,536816,中性盘,002759,2025-10-17 22:48:48
10:41:09,24.42,0.01,148,361315,买盘,002759,2025-10-17 22:48:48
10:41:12,24.4,-0.02,60,146398,卖盘,002759,2025-10-17 22:48:48
10:41:15,24.42,0.02,147,358920,买盘,002759,2025-10-17 22:48:48
10:41:18,24.42,0.0,57,139195,卖盘,002759,2025-10-17 22:48:48
10:41:21,24.42,0.0,63,153847,卖盘,002759,2025-10-17 22:48:48
10:41:24,24.42,0.0,249,608239,卖盘,002759,2025-10-17 22:48:48
10:41:27,24.48,0.06,2027,4955467,买盘,002759,2025-10-17 22:48:48
10:41:30,24.48,0.0,7268,17804205,买盘,002759,2025-10-17 22:48:48
10:41:33,24.49,0.01,981,2403217,买盘,002759,2025-10-17 22:48:48
10:41:36,24.5,0.01,1999,4898245,买盘,002759,2025-10-17 22:48:48
10:41:39,24.49,-0.01,1738,4257638,卖盘,002759,2025-10-17 22:48:48
10:41:42,24.52,0.03,688,1687930,买盘,002759,2025-10-17 22:48:48
10:41:45,24.55,0.03,617,1513992,买盘,002759,2025-10-17 22:48:48
10:41:48,24.55,0.0,610,1497684,买盘,002759,2025-10-17 22:48:48
10:41:51,24.55,0.0,201,493361,买盘,002759,2025-10-17 22:48:48
10:41:54,24.56,0.01,527,1294145,买盘,002759,2025-10-17 22:48:48
10:41:57,24.56,0.0,658,1616092,买盘,002759,2025-10-17 22:48:48
10:42:00,24.57,0.01,523,1285009,买盘,002759,2025-10-17 22:48:48
10:42:03,24.6,0.03,2082,5118805,买盘,002759,2025-10-17 22:48:48
10:42:06,24.6,0.0,245,602609,买盘,002759,2025-10-17 22:48:48
10:42:09,24.61,0.01,378,929969,买盘,002759,2025-10-17 22:48:48
10:42:12,24.61,0.0,839,2065490,买盘,002759,2025-10-17 22:48:48
10:42:15,24.66,0.05,803,1978698,买盘,002759,2025-10-17 22:48:48
10:42:18,24.66,0.0,371,914331,买盘,002759,2025-10-17 22:48:48
10:42:21,24.67,0.01,371,914822,买盘,002759,2025-10-17 22:48:48
10:42:24,24.68,0.01,332,819195,买盘,002759,2025-10-17 22:48:48
10:42:27,24.69,0.01,639,1576906,买盘,002759,2025-10-17 22:48:48
10:42:30,24.69,0.0,557,1374821,买盘,002759,2025-10-17 22:48:48
10:42:33,24.7,0.01,1012,2497797,买盘,002759,2025-10-17 22:48:48
10:42:36,24.68,-0.02,747,1844231,卖盘,002759,2025-10-17 22:48:48
10:42:39,24.68,0.0,595,1468081,中性盘,002759,2025-10-17 22:48:48
10:42:42,24.66,-0.02,303,747113,卖盘,002759,2025-10-17 22:48:48
10:42:45,24.65,-0.01,300,739063,卖盘,002759,2025-10-17 22:48:48
10:42:48,24.63,-0.02,351,864321,中性盘,002759,2025-10-17 22:48:48
10:42:51,24.62,-0.01,310,763145,中性盘,002759,2025-10-17 22:48:48
10:42:54,24.6,-0.02,341,839543,买盘,002759,2025-10-17 22:48:48
10:42:57,24.62,0.02,231,568530,买盘,002759,2025-10-17 22:48:48
10:43:00,24.62,0.0,334,821951,买盘,002759,2025-10-17 22:48:48
10:43:03,24.63,0.01,565,1390389,买盘,002759,2025-10-17 22:48:48
10:43:06,24.62,-0.01,198,487370,卖盘,002759,2025-10-17 22:48:48
10:43:09,24.62,0.0,226,556331,买盘,002759,2025-10-17 22:48:48
10:43:12,24.63,0.01,414,1019793,买盘,002759,2025-10-17 22:48:48
10:43:15,24.64,0.01,100,246315,买盘,002759,2025-10-17 22:48:48
10:43:18,24.65,0.01,137,337488,买盘,002759,2025-10-17 22:48:48
10:43:21,24.66,0.01,288,709853,买盘,002759,2025-10-17 22:48:48
10:43:24,24.66,0.0,191,471074,买盘,002759,2025-10-17 22:48:48
10:43:27,24.68,0.02,150,370014,买盘,002759,2025-10-17 22:48:48
10:43:30,24.7,0.02,384,947878,买盘,002759,2025-10-17 22:48:48
10:43:33,24.7,0.0,332,819947,买盘,002759,2025-10-17 22:48:48
10:43:36,24.71,0.01,488,1205472,买盘,002759,2025-10-17 22:48:48
10:43:39,24.72,0.01,307,758625,买盘,002759,2025-10-17 22:48:48
10:43:42,24.74,0.02,743,1835956,买盘,002759,2025-10-17 22:48:48
10:43:45,24.75,0.01,198,489827,买盘,002759,2025-10-17 22:48:48
10:43:48,24.75,0.0,502,1242464,买盘,002759,2025-10-17 22:48:48
10:43:51,24.75,0.0,1846,4565735,中性盘,002759,2025-10-17 22:48:48
10:43:54,24.68,-0.07,596,1474029,卖盘,002759,2025-10-17 22:48:48
10:43:57,24.72,0.04,467,1152657,买盘,002759,2025-10-17 22:48:48
10:44:00,24.7,-0.02,260,642219,中性盘,002759,2025-10-17 22:48:48
10:44:03,24.7,0.0,248,612612,买盘,002759,2025-10-17 22:48:48
10:44:06,24.69,-0.01,504,1244218,卖盘,002759,2025-10-17 22:48:48
10:44:09,24.67,-0.02,119,293642,卖盘,002759,2025-10-17 22:48:48
10:44:12,24.71,0.04,633,1563241,买盘,002759,2025-10-17 22:48:48
10:44:15,24.7,-0.01,265,654591,卖盘,002759,2025-10-17 22:48:48
10:44:18,24.71,0.01,141,348367,买盘,002759,2025-10-17 22:48:48
10:44:21,24.7,-0.01,299,738701,卖盘,002759,2025-10-17 22:48:48
10:44:24,24.71,0.01,162,400209,买盘,002759,2025-10-17 22:48:48
10:44:27,24.7,-0.01,199,491578,卖盘,002759,2025-10-17 22:48:48
10:44:30,24.7,0.0,153,377851,买盘,002759,2025-10-17 22:48:48
10:44:33,24.7,0.0,495,1222898,买盘,002759,2025-10-17 22:48:48
10:44:36,24.64,-0.06,2191,5405529,卖盘,002759,2025-10-17 22:48:48
10:44:39,24.63,-0.01,37,91166,卖盘,002759,2025-10-17 22:48:48
10:44:42,24.63,0.0,109,268482,卖盘,002759,2025-10-17 22:48:48
10:44:45,24.62,-0.01,722,1780270,卖盘,002759,2025-10-17 22:48:48
10:44:48,24.61,-0.01,124,305210,卖盘,002759,2025-10-17 22:48:48
10:44:51,24.61,0.0,357,878729,买盘,002759,2025-10-17 22:48:48
10:44:54,24.6,-0.01,54,132864,卖盘,002759,2025-10-17 22:48:48
10:44:57,24.6,0.0,104,255867,卖盘,002759,2025-10-17 22:48:48
10:45:00,24.6,0.0,362,890526,卖盘,002759,2025-10-17 22:48:48
10:45:03,24.59,-0.01,75,184473,卖盘,002759,2025-10-17 22:48:48
10:45:06,24.58,-0.01,87,213853,卖盘,002759,2025-10-17 22:48:48
10:45:09,24.58,0.0,166,408122,卖盘,002759,2025-10-17 22:48:48
10:45:12,24.57,-0.01,55,135167,卖盘,002759,2025-10-17 22:48:48
10:45:15,24.56,-0.01,219,538061,卖盘,002759,2025-10-17 22:48:48
10:45:18,24.55,-0.01,70,171875,卖盘,002759,2025-10-17 22:48:48
10:45:21,24.54,-0.01,111,272531,卖盘,002759,2025-10-17 22:48:48
10:45:24,24.5,-0.04,83,203535,卖盘,002759,2025-10-17 22:48:48
10:45:27,24.51,0.01,61,149574,卖盘,002759,2025-10-17 22:48:48
10:45:30,24.57,0.06,1024,2513445,买盘,002759,2025-10-17 22:48:48
10:45:33,24.56,-0.01,199,488967,中性盘,002759,2025-10-17 22:48:48
10:45:36,24.57,0.01,180,442110,买盘,002759,2025-10-17 22:48:48
10:45:39,24.58,0.01,102,250552,买盘,002759,2025-10-17 22:48:48
10:45:42,24.58,0.0,115,282543,买盘,002759,2025-10-17 22:48:48
10:45:45,24.58,0.0,159,390764,买盘,002759,2025-10-17 22:48:48
10:45:48,24.58,0.0,82,201554,买盘,002759,2025-10-17 22:48:48
10:45:51,24.58,0.0,308,757559,买盘,002759,2025-10-17 22:48:48
10:45:54,24.58,0.0,49,120444,卖盘,002759,2025-10-17 22:48:48
10:45:57,24.58,0.0,109,267933,卖盘,002759,2025-10-17 22:48:48
10:46:00,24.53,-0.05,346,848897,卖盘,002759,2025-10-17 22:48:48
10:46:03,24.51,-0.02,193,473156,卖盘,002759,2025-10-17 22:48:48
10:46:06,24.51,0.0,317,776721,卖盘,002759,2025-10-17 22:48:48
10:46:09,24.44,-0.07,307,751834,卖盘,002759,2025-10-17 22:48:48
10:46:12,24.43,-0.01,75,183277,卖盘,002759,2025-10-17 22:48:48
10:46:15,24.4,-0.03,175,427149,卖盘,002759,2025-10-17 22:48:48
10:46:18,24.41,0.01,420,1024954,买盘,002759,2025-10-17 22:48:48
10:46:21,24.42,0.01,2083,5086732,买盘,002759,2025-10-17 22:48:48
10:46:24,24.47,0.05,88,215159,买盘,002759,2025-10-17 22:48:48
10:46:27,24.48,0.01,355,868707,买盘,002759,2025-10-17 22:48:48
10:46:30,24.5,0.02,182,445703,买盘,002759,2025-10-17 22:48:48
10:46:33,24.52,0.02,202,495055,买盘,002759,2025-10-17 22:48:48
10:46:36,24.55,0.03,122,299441,买盘,002759,2025-10-17 22:48:48
10:46:39,24.55,0.0,145,356083,买盘,002759,2025-10-17 22:48:48
10:46:42,24.57,0.02,197,483935,买盘,002759,2025-10-17 22:48:48
10:46:45,24.57,0.0,69,169502,买盘,002759,2025-10-17 22:48:48
10:46:48,24.57,0.0,209,513457,买盘,002759,2025-10-17 22:48:48
10:46:51,24.57,0.0,325,798270,买盘,002759,2025-10-17 22:48:48
10:46:54,24.57,0.0,228,560076,买盘,002759,2025-10-17 22:48:48
10:46:57,24.57,0.0,117,287428,买盘,002759,2025-10-17 22:48:48
10:47:00,24.56,-0.01,443,1088565,卖盘,002759,2025-10-17 22:48:48
10:47:03,24.56,0.0,115,282456,卖盘,002759,2025-10-17 22:48:48
10:47:06,24.56,0.0,251,616265,买盘,002759,2025-10-17 22:48:48
10:47:09,24.55,-0.01,273,670258,卖盘,002759,2025-10-17 22:48:48
10:47:12,24.53,-0.02,32,78482,卖盘,002759,2025-10-17 22:48:48
10:47:15,24.52,-0.01,41,100546,卖盘,002759,2025-10-17 22:48:48
10:47:18,24.53,0.01,232,568909,买盘,002759,2025-10-17 22:48:48
10:47:21,24.62,0.09,1439,3536337,买盘,002759,2025-10-17 22:48:48
10:47:24,24.65,0.03,193,475695,买盘,002759,2025-10-17 22:48:48
10:47:27,24.66,0.01,165,406590,买盘,002759,2025-10-17 22:48:48
10:47:30,24.67,0.01,58,143047,买盘,002759,2025-10-17 22:48:48
10:47:33,24.66,-0.01,422,1041130,卖盘,002759,2025-10-17 22:48:48
10:47:36,24.69,0.03,149,367521,买盘,002759,2025-10-17 22:48:48
10:47:39,24.69,0.0,64,157877,买盘,002759,2025-10-17 22:48:48
10:47:42,24.67,-0.02,161,397398,卖盘,002759,2025-10-17 22:48:48
10:47:45,24.66,-0.01,356,878369,卖盘,002759,2025-10-17 22:48:48
10:47:48,24.67,0.01,45,110960,买盘,002759,2025-10-17 22:48:48
10:47:51,24.65,-0.02,85,209477,卖盘,002759,2025-10-17 22:48:48
10:47:54,24.62,-0.03,78,192195,卖盘,002759,2025-10-17 22:48:48
10:47:57,24.62,0.0,58,142890,卖盘,002759,2025-10-17 22:48:48
10:48:00,24.62,0.0,61,150244,买盘,002759,2025-10-17 22:48:48
10:48:03,24.64,0.02,42,103421,买盘,002759,2025-10-17 22:48:48
10:48:06,24.66,0.02,185,455402,买盘,002759,2025-10-17 22:48:48
10:48:09,24.66,0.0,68,167683,卖盘,002759,2025-10-17 22:48:48
10:48:12,24.66,0.0,148,365049,卖盘,002759,2025-10-17 22:48:48
10:48:15,24.67,0.01,145,357669,买盘,002759,2025-10-17 22:48:48
10:48:18,24.67,0.0,295,727725,卖盘,002759,2025-10-17 22:48:48
10:48:21,24.67,0.0,170,419476,卖盘,002759,2025-10-17 22:48:48
10:48:24,24.67,0.0,119,293599,卖盘,002759,2025-10-17 22:48:48
10:48:27,24.67,0.0,197,485903,买盘,002759,2025-10-17 22:48:48
10:48:30,24.68,0.01,474,1169708,买盘,002759,2025-10-17 22:48:48
10:48:33,24.67,-0.01,70,172734,卖盘,002759,2025-10-17 22:48:48
10:48:36,24.68,0.01,190,468992,买盘,002759,2025-10-17 22:48:48
10:48:39,24.69,0.01,585,1444787,买盘,002759,2025-10-17 22:48:48
10:48:42,24.75,0.06,720,1779472,买盘,002759,2025-10-17 22:48:48
10:48:45,24.76,0.01,495,1225174,买盘,002759,2025-10-17 22:48:48
10:48:48,24.77,0.01,313,775212,买盘,002759,2025-10-17 22:48:48
10:48:51,24.78,0.01,403,998152,买盘,002759,2025-10-17 22:48:48
10:48:54,24.78,0.0,389,963865,买盘,002759,2025-10-17 22:48:48
10:48:57,24.8,0.02,563,1395848,买盘,002759,2025-10-17 22:48:48
10:49:00,24.8,0.0,628,1557231,买盘,002759,2025-10-17 22:48:48
10:49:03,24.8,0.0,955,2368124,买盘,002759,2025-10-17 22:48:48
10:49:06,24.8,0.0,508,1259776,买盘,002759,2025-10-17 22:48:48
10:49:09,24.79,-0.01,469,1162988,卖盘,002759,2025-10-17 22:48:48
10:49:12,24.79,0.0,333,825719,卖盘,002759,2025-10-17 22:48:48
10:49:15,24.78,-0.01,561,1390231,卖盘,002759,2025-10-17 22:48:48
10:49:18,24.77,-0.01,344,852386,卖盘,002759,2025-10-17 22:48:48
10:49:21,24.77,0.0,412,1020544,卖盘,002759,2025-10-17 22:48:48
10:49:24,24.77,0.0,426,1055345,卖盘,002759,2025-10-17 22:48:48
10:49:27,24.76,-0.01,195,482903,卖盘,002759,2025-10-17 22:48:48
10:49:30,24.77,0.01,129,319448,买盘,002759,2025-10-17 22:48:48
10:49:33,24.74,-0.03,316,782375,卖盘,002759,2025-10-17 22:48:48
10:49:36,24.74,0.0,51,126216,卖盘,002759,2025-10-17 22:48:48
10:49:39,24.75,0.01,397,982367,买盘,002759,2025-10-17 22:48:48
10:49:42,24.75,0.0,94,232664,卖盘,002759,2025-10-17 22:48:48
10:49:45,24.76,0.01,521,1289771,买盘,002759,2025-10-17 22:48:48
10:49:48,24.76,0.0,123,304549,卖盘,002759,2025-10-17 22:48:48
10:49:51,24.77,0.01,345,854449,买盘,002759,2025-10-17 22:48:48
10:49:54,24.76,-0.01,152,376322,买盘,002759,2025-10-17 22:48:48
10:49:57,24.76,0.0,59,146051,中性盘,002759,2025-10-17 22:48:48
10:50:00,24.75,-0.01,119,294545,卖盘,002759,2025-10-17 22:48:48
10:50:03,24.75,0.0,34,84108,买盘,002759,2025-10-17 22:48:48
10:50:06,24.73,-0.02,104,257283,卖盘,002759,2025-10-17 22:48:48
10:50:09,24.75,0.02,182,450154,买盘,002759,2025-10-17 22:48:48
10:50:12,24.73,-0.02,111,274551,卖盘,002759,2025-10-17 22:48:48
10:50:15,24.74,0.01,169,418092,卖盘,002759,2025-10-17 22:48:48
10:50:18,24.7,-0.04,117,289235,卖盘,002759,2025-10-17 22:48:48
10:50:21,24.72,0.02,43,106269,买盘,002759,2025-10-17 22:48:48
10:50:24,24.71,-0.01,117,289123,卖盘,002759,2025-10-17 22:48:48
10:50:27,24.7,-0.01,54,133388,卖盘,002759,2025-10-17 22:48:48
10:50:30,24.69,-0.01,150,370506,卖盘,002759,2025-10-17 22:48:48
10:50:33,24.68,-0.01,52,128394,卖盘,002759,2025-10-17 22:48:48
10:50:36,24.68,0.0,118,291297,买盘,002759,2025-10-17 22:48:48
10:50:39,24.69,0.01,90,222113,买盘,002759,2025-10-17 22:48:48
10:50:42,24.67,-0.02,59,145398,中性盘,002759,2025-10-17 22:48:48
10:50:45,24.65,-0.02,68,167641,中性盘,002759,2025-10-17 22:48:48
10:50:48,24.6,-0.05,89,219044,卖盘,002759,2025-10-17 22:48:48
10:50:51,24.6,0.0,77,189413,买盘,002759,2025-10-17 22:48:48
10:50:54,24.59,-0.01,194,477392,卖盘,002759,2025-10-17 22:48:48
10:50:57,24.65,0.06,612,1506548,买盘,002759,2025-10-17 22:48:48
10:51:00,24.63,-0.02,47,115764,卖盘,002759,2025-10-17 22:48:48
10:51:03,24.63,0.0,72,177377,卖盘,002759,2025-10-17 22:48:48
10:51:06,24.63,0.0,125,307922,卖盘,002759,2025-10-17 22:48:48
10:51:09,24.59,-0.04,262,644500,卖盘,002759,2025-10-17 22:48:48
10:51:12,24.58,-0.01,102,250721,卖盘,002759,2025-10-17 22:48:48
10:51:15,24.58,0.0,54,132716,买盘,002759,2025-10-17 22:48:48
10:51:18,24.6,0.02,476,1170827,买盘,002759,2025-10-17 22:48:48
10:51:21,24.63,0.03,78,192049,买盘,002759,2025-10-17 22:48:48
10:51:24,24.65,0.02,273,672034,买盘,002759,2025-10-17 22:48:48
10:51:27,24.67,0.02,158,389586,买盘,002759,2025-10-17 22:48:48
