时间,成交价,价格变动,成交量,成交额,买卖盘性质,股票代码,采集时间
09:25:00,7.82,-0.05,36474,28522668,卖盘,002716,2025-10-17 22:50:10
09:30:00,7.85,0.03,40935,32091538,买盘,002716,2025-10-17 22:50:10
09:30:03,7.84,-0.01,20723,16226309,卖盘,002716,2025-10-17 22:50:10
09:30:06,7.82,-0.02,9999,7822880,卖盘,002716,2025-10-17 22:50:10
09:30:09,7.82,0.0,13632,10656943,卖盘,002716,2025-10-17 22:50:10
09:30:12,7.81,-0.01,8534,6658867,中性盘,002716,2025-10-17 22:50:10
09:30:15,7.8,-0.01,4300,3353239,卖盘,002716,2025-10-17 22:50:10
09:30:18,7.78,-0.02,2166,1685201,卖盘,002716,2025-10-17 22:50:10
09:30:21,7.76,-0.02,3093,2401832,卖盘,002716,2025-10-17 22:50:10
09:30:24,7.75,-0.01,2721,2108566,卖盘,002716,2025-10-17 22:50:10
09:30:27,7.72,-0.03,9695,7482561,卖盘,002716,2025-10-17 22:50:10
09:30:30,7.69,-0.03,11653,8978340,卖盘,002716,2025-10-17 22:50:10
09:30:33,7.64,-0.05,6465,4956420,卖盘,002716,2025-10-17 22:50:10
09:30:36,7.65,0.01,4176,3198503,买盘,002716,2025-10-17 22:50:10
09:30:39,7.64,-0.01,2693,2059770,卖盘,002716,2025-10-17 22:50:10
09:30:42,7.65,0.01,3510,2687186,买盘,002716,2025-10-17 22:50:10
09:30:45,7.66,0.01,2986,2286204,买盘,002716,2025-10-17 22:50:10
09:30:48,7.67,0.01,1700,1302171,买盘,002716,2025-10-17 22:50:10
09:30:51,7.67,0.0,3835,2936757,买盘,002716,2025-10-17 22:50:10
09:30:54,7.68,0.01,3469,2658873,买盘,002716,2025-10-17 22:50:10
09:30:57,7.68,0.0,1636,1255888,买盘,002716,2025-10-17 22:50:10
09:31:00,7.68,0.0,6212,4766841,买盘,002716,2025-10-17 22:50:10
09:31:03,7.68,0.0,10097,7754630,卖盘,002716,2025-10-17 22:50:10
09:31:06,7.69,0.01,7002,5378483,买盘,002716,2025-10-17 22:50:10
09:31:09,7.7,0.01,6398,4919138,买盘,002716,2025-10-17 22:50:10
09:31:12,7.69,-0.01,2915,2243411,卖盘,002716,2025-10-17 22:50:10
09:31:15,7.7,0.01,2539,1954205,买盘,002716,2025-10-17 22:50:10
09:31:18,7.71,0.01,4608,3554775,买盘,002716,2025-10-17 22:50:10
09:31:21,7.73,0.02,1262,973286,买盘,002716,2025-10-17 22:50:10
09:31:24,7.75,0.02,1500,1160587,买盘,002716,2025-10-17 22:50:10
09:31:27,7.73,-0.02,2098,1624979,卖盘,002716,2025-10-17 22:50:10
09:31:30,7.76,0.03,1921,1487770,买盘,002716,2025-10-17 22:50:10
09:31:33,7.78,0.02,2856,2217790,买盘,002716,2025-10-17 22:50:10
09:31:36,7.78,0.0,3772,2929442,卖盘,002716,2025-10-17 22:50:10
09:31:39,7.79,0.01,3935,3065919,买盘,002716,2025-10-17 22:50:10
09:31:42,7.8,0.01,2368,1844231,买盘,002716,2025-10-17 22:50:10
09:31:45,7.82,0.02,1767,1378442,买盘,002716,2025-10-17 22:50:10
09:31:48,7.82,0.0,2538,1982411,买盘,002716,2025-10-17 22:50:10
09:31:51,7.83,0.01,4171,3262137,买盘,002716,2025-10-17 22:50:10
09:31:54,7.82,-0.01,4994,3901969,卖盘,002716,2025-10-17 22:50:10
09:31:57,7.81,-0.01,8442,6583347,中性盘,002716,2025-10-17 22:50:10
09:32:00,7.78,-0.03,3167,2469909,卖盘,002716,2025-10-17 22:50:10
09:32:03,7.78,0.0,4312,3356918,卖盘,002716,2025-10-17 22:50:10
09:32:06,7.77,-0.01,2423,1884750,卖盘,002716,2025-10-17 22:50:10
09:32:09,7.78,0.01,4539,3533603,买盘,002716,2025-10-17 22:50:10
09:32:12,7.85,0.07,6357,4974907,买盘,002716,2025-10-17 22:50:10
09:32:15,7.85,0.0,11243,8849934,买盘,002716,2025-10-17 22:50:10
09:32:18,7.84,-0.01,5807,4551264,卖盘,002716,2025-10-17 22:50:10
09:32:21,7.85,0.01,5522,4341254,买盘,002716,2025-10-17 22:50:10
09:32:24,7.85,0.0,2782,2187466,买盘,002716,2025-10-17 22:50:10
09:32:27,7.86,0.01,2695,2121034,买盘,002716,2025-10-17 22:50:10
09:32:30,7.87,0.01,2379,1868847,买盘,002716,2025-10-17 22:50:10
09:32:33,7.88,0.01,1250,984133,买盘,002716,2025-10-17 22:50:10
09:32:36,7.88,0.0,1241,978269,卖盘,002716,2025-10-17 22:50:10
09:32:39,7.89,0.01,6241,4927593,买盘,002716,2025-10-17 22:50:10
09:32:42,7.91,0.02,1768,1396978,买盘,002716,2025-10-17 22:50:10
09:32:45,7.91,0.0,3447,2722940,买盘,002716,2025-10-17 22:50:10
09:32:48,7.92,0.01,2646,2093301,买盘,002716,2025-10-17 22:50:10
09:32:51,7.91,-0.01,3489,2758296,卖盘,002716,2025-10-17 22:50:10
09:32:54,7.91,0.0,2828,2236873,买盘,002716,2025-10-17 22:50:10
09:32:57,7.89,-0.02,4319,3409597,卖盘,002716,2025-10-17 22:50:10
09:33:00,7.88,-0.01,1633,1288831,卖盘,002716,2025-10-17 22:50:10
09:33:03,7.88,0.0,909,716023,买盘,002716,2025-10-17 22:50:10
09:33:06,7.88,0.0,2624,2066082,买盘,002716,2025-10-17 22:50:10
09:33:09,7.86,-0.02,2514,1979168,卖盘,002716,2025-10-17 22:50:10
09:33:12,7.87,0.01,4395,3456942,买盘,002716,2025-10-17 22:50:10
09:33:15,7.86,-0.01,1403,1102663,中性盘,002716,2025-10-17 22:50:10
09:33:18,7.85,-0.01,2343,1840067,卖盘,002716,2025-10-17 22:50:10
09:33:21,7.85,0.0,3657,2874056,卖盘,002716,2025-10-17 22:50:10
09:33:24,7.85,0.0,1285,1008601,卖盘,002716,2025-10-17 22:50:10
09:33:27,7.84,-0.01,773,606636,卖盘,002716,2025-10-17 22:50:10
09:33:30,7.83,-0.01,2037,1598358,卖盘,002716,2025-10-17 22:50:10
09:33:33,7.85,0.02,2922,2292934,买盘,002716,2025-10-17 22:50:10
09:33:36,7.86,0.01,2600,2038529,买盘,002716,2025-10-17 22:50:10
09:33:39,7.85,-0.01,1262,991697,卖盘,002716,2025-10-17 22:50:10
09:33:42,7.85,0.0,912,715654,卖盘,002716,2025-10-17 22:50:10
09:33:45,7.84,-0.01,963,755358,中性盘,002716,2025-10-17 22:50:10
09:33:48,7.83,-0.01,1101,863508,卖盘,002716,2025-10-17 22:50:10
09:33:51,7.83,0.0,908,712048,卖盘,002716,2025-10-17 22:50:10
09:33:54,7.85,0.02,3090,2423969,买盘,002716,2025-10-17 22:50:10
09:33:57,7.83,-0.02,2816,2209238,卖盘,002716,2025-10-17 22:50:10
09:34:00,7.85,0.02,759,595739,中性盘,002716,2025-10-17 22:50:10
09:34:03,7.85,0.0,597,468848,卖盘,002716,2025-10-17 22:50:10
09:34:06,7.85,0.0,1216,955014,卖盘,002716,2025-10-17 22:50:10
09:34:09,7.85,0.0,1228,964491,卖盘,002716,2025-10-17 22:50:10
09:34:12,7.85,0.0,1403,1101676,卖盘,002716,2025-10-17 22:50:10
09:34:15,7.85,0.0,3293,2585417,买盘,002716,2025-10-17 22:50:10
09:34:18,7.85,0.0,2419,1901163,买盘,002716,2025-10-17 22:50:10
09:34:21,7.85,0.0,2091,1641561,卖盘,002716,2025-10-17 22:50:10
09:34:24,7.87,0.02,1806,1420946,买盘,002716,2025-10-17 22:50:10
09:34:27,7.87,0.0,717,563506,卖盘,002716,2025-10-17 22:50:10
09:34:30,7.88,0.01,559,440196,买盘,002716,2025-10-17 22:50:10
09:34:33,7.88,0.0,2309,1816829,买盘,002716,2025-10-17 22:50:10
09:34:36,7.87,-0.01,1609,1267386,卖盘,002716,2025-10-17 22:50:10
09:34:39,7.88,0.01,1270,1000507,买盘,002716,2025-10-17 22:50:10
09:34:42,7.87,-0.01,1484,1168280,卖盘,002716,2025-10-17 22:50:10
09:34:45,7.89,0.02,872,687062,买盘,002716,2025-10-17 22:50:10
09:34:48,7.89,0.0,6044,4769660,买盘,002716,2025-10-17 22:50:10
09:34:51,7.9,0.01,1366,1077970,买盘,002716,2025-10-17 22:50:10
09:34:54,7.89,-0.01,1251,987815,卖盘,002716,2025-10-17 22:50:10
09:34:57,7.89,0.0,4766,3765937,卖盘,002716,2025-10-17 22:50:10
09:35:00,7.9,0.01,2558,2020471,买盘,002716,2025-10-17 22:50:10
09:35:03,7.91,0.01,2813,2223794,买盘,002716,2025-10-17 22:50:10
09:35:06,7.92,0.01,2082,1646699,买盘,002716,2025-10-17 22:50:10
09:35:09,7.92,0.0,2715,2146220,买盘,002716,2025-10-17 22:50:10
09:35:12,7.92,0.0,4238,3354421,买盘,002716,2025-10-17 22:50:10
09:35:15,7.92,0.0,3407,2698014,买盘,002716,2025-10-17 22:50:10
09:35:18,7.93,0.01,4052,3208388,买盘,002716,2025-10-17 22:50:10
09:35:21,7.92,-0.01,3131,2478728,卖盘,002716,2025-10-17 22:50:10
09:35:24,7.92,0.0,10419,8254931,卖盘,002716,2025-10-17 22:50:10
09:35:27,7.93,0.01,2032,1609605,买盘,002716,2025-10-17 22:50:10
09:35:30,7.93,0.0,1633,1293855,买盘,002716,2025-10-17 22:50:10
09:35:33,7.93,0.0,1046,828964,买盘,002716,2025-10-17 22:50:10
09:35:36,7.93,0.0,2713,2150098,买盘,002716,2025-10-17 22:50:10
09:35:39,7.93,0.0,1808,1433899,卖盘,002716,2025-10-17 22:50:10
09:35:42,7.94,0.01,2761,2190205,买盘,002716,2025-10-17 22:50:10
09:35:45,7.93,-0.01,2677,2123755,卖盘,002716,2025-10-17 22:50:10
09:35:48,7.94,0.01,4272,3390399,买盘,002716,2025-10-17 22:50:10
09:35:51,7.94,0.0,2311,1834767,买盘,002716,2025-10-17 22:50:10
09:35:54,7.94,0.0,2459,1951436,卖盘,002716,2025-10-17 22:50:10
09:35:57,7.95,0.01,2034,1615673,买盘,002716,2025-10-17 22:50:10
09:36:00,7.94,-0.01,4165,3310284,卖盘,002716,2025-10-17 22:50:10
09:36:03,7.95,0.01,2066,1641655,买盘,002716,2025-10-17 22:50:10
09:36:06,7.95,0.0,3827,3041749,买盘,002716,2025-10-17 22:50:10
09:36:09,7.95,0.0,5268,4187570,买盘,002716,2025-10-17 22:50:10
09:36:12,7.96,0.01,1702,1353398,买盘,002716,2025-10-17 22:50:10
09:36:15,7.96,0.0,1796,1428655,买盘,002716,2025-10-17 22:50:10
09:36:18,7.96,0.0,1715,1364828,买盘,002716,2025-10-17 22:50:10
09:36:21,7.96,0.0,4270,3398741,买盘,002716,2025-10-17 22:50:10
09:36:24,7.96,0.0,1648,1312122,卖盘,002716,2025-10-17 22:50:10
09:36:27,7.97,0.01,3140,2500297,买盘,002716,2025-10-17 22:50:10
09:36:30,7.97,0.0,5200,4143827,买盘,002716,2025-10-17 22:50:10
09:36:33,7.98,0.01,1243,991137,买盘,002716,2025-10-17 22:50:10
09:36:36,7.98,0.0,1254,1000166,买盘,002716,2025-10-17 22:50:10
09:36:39,7.97,-0.01,1991,1588294,卖盘,002716,2025-10-17 22:50:10
09:36:42,7.98,0.01,3853,3073402,买盘,002716,2025-10-17 22:50:10
09:36:45,7.98,0.0,3844,3066418,买盘,002716,2025-10-17 22:50:10
09:36:48,7.97,-0.01,3004,2395026,卖盘,002716,2025-10-17 22:50:10
09:36:51,7.96,-0.01,3193,2543671,卖盘,002716,2025-10-17 22:50:10
09:36:54,7.96,0.0,4881,3884076,卖盘,002716,2025-10-17 22:50:10
09:36:57,7.96,0.0,2214,1759045,中性盘,002716,2025-10-17 22:50:10
09:37:00,7.96,0.0,1896,1506683,买盘,002716,2025-10-17 22:50:10
09:37:03,7.96,0.0,2433,1935437,买盘,002716,2025-10-17 22:50:10
09:37:06,7.95,-0.01,1432,1139071,卖盘,002716,2025-10-17 22:50:10
09:37:09,7.95,0.0,1584,1257778,买盘,002716,2025-10-17 22:50:10
09:37:12,7.95,0.0,2112,1678050,买盘,002716,2025-10-17 22:50:10
09:37:15,7.93,-0.02,1373,1089497,卖盘,002716,2025-10-17 22:50:10
09:37:18,7.93,0.0,2271,1802859,卖盘,002716,2025-10-17 22:50:10
09:37:21,7.92,-0.01,1040,824575,卖盘,002716,2025-10-17 22:50:10
09:37:24,7.93,0.01,867,686786,买盘,002716,2025-10-17 22:50:10
09:37:27,7.92,-0.01,1776,1406512,买盘,002716,2025-10-17 22:50:10
09:37:30,7.93,0.01,5055,4004646,买盘,002716,2025-10-17 22:50:10
09:37:33,7.92,-0.01,5394,4274184,卖盘,002716,2025-10-17 22:50:10
09:37:36,7.92,0.0,1670,1323980,卖盘,002716,2025-10-17 22:50:10
09:37:39,7.92,0.0,1304,1033578,卖盘,002716,2025-10-17 22:50:10
09:37:42,7.92,0.0,2359,1870130,卖盘,002716,2025-10-17 22:50:10
09:37:45,7.93,0.01,3536,2802763,买盘,002716,2025-10-17 22:50:10
09:37:48,7.93,0.0,5773,4586198,卖盘,002716,2025-10-17 22:50:10
09:37:51,7.93,0.0,1396,1109271,卖盘,002716,2025-10-17 22:50:10
09:37:54,7.95,0.02,1432,1137700,中性盘,002716,2025-10-17 22:50:10
09:37:57,7.95,0.0,1062,843651,卖盘,002716,2025-10-17 22:50:10
09:38:00,7.95,0.0,402,319378,买盘,002716,2025-10-17 22:50:10
09:38:03,7.95,0.0,960,762651,买盘,002716,2025-10-17 22:50:10
09:38:06,7.93,-0.02,662,525781,卖盘,002716,2025-10-17 22:50:10
09:38:09,7.94,0.01,1771,1405495,中性盘,002716,2025-10-17 22:50:10
09:38:12,7.93,-0.01,2512,1993553,卖盘,002716,2025-10-17 22:50:10
09:38:15,7.93,0.0,1416,1122397,卖盘,002716,2025-10-17 22:50:10
09:38:18,7.92,-0.01,1287,1019567,卖盘,002716,2025-10-17 22:50:10
09:38:21,7.92,0.0,1042,825162,买盘,002716,2025-10-17 22:50:10
09:38:24,7.91,-0.01,2453,1941608,卖盘,002716,2025-10-17 22:50:10
09:38:27,7.91,0.0,912,721064,买盘,002716,2025-10-17 22:50:10
09:38:30,7.91,0.0,1336,1056300,买盘,002716,2025-10-17 22:50:10
09:38:33,7.9,-0.01,1681,1328671,卖盘,002716,2025-10-17 22:50:10
09:38:36,7.9,0.0,828,654121,卖盘,002716,2025-10-17 22:50:10
09:38:39,7.9,0.0,1734,1370197,买盘,002716,2025-10-17 22:50:10
09:38:42,7.9,0.0,1409,1112911,买盘,002716,2025-10-17 22:50:10
09:38:45,7.89,-0.01,1356,1070860,卖盘,002716,2025-10-17 22:50:10
09:38:48,7.9,0.01,1193,942153,买盘,002716,2025-10-17 22:50:10
09:38:51,7.9,0.0,678,535699,卖盘,002716,2025-10-17 22:50:10
09:38:54,7.91,0.01,637,503258,买盘,002716,2025-10-17 22:50:10
09:38:57,7.9,-0.01,957,755793,卖盘,002716,2025-10-17 22:50:10
09:39:00,7.9,0.0,935,738727,买盘,002716,2025-10-17 22:50:10
09:39:03,7.9,0.0,618,487847,买盘,002716,2025-10-17 22:50:10
09:39:06,7.89,-0.01,811,639628,买盘,002716,2025-10-17 22:50:10
09:39:09,7.88,-0.01,630,496685,卖盘,002716,2025-10-17 22:50:10
09:39:12,7.88,0.0,981,773707,卖盘,002716,2025-10-17 22:50:10
09:39:15,7.88,0.0,1244,981553,卖盘,002716,2025-10-17 22:50:10
09:39:18,7.89,0.01,1570,1237603,买盘,002716,2025-10-17 22:50:10
09:39:21,7.88,-0.01,546,430501,卖盘,002716,2025-10-17 22:50:10
09:39:24,7.88,0.0,1132,892356,卖盘,002716,2025-10-17 22:50:10
09:39:27,7.88,0.0,978,770817,卖盘,002716,2025-10-17 22:50:10
09:39:30,7.88,0.0,727,572603,买盘,002716,2025-10-17 22:50:10
09:39:33,7.88,0.0,1053,829589,买盘,002716,2025-10-17 22:50:10
09:39:36,7.87,-0.01,1416,1114832,卖盘,002716,2025-10-17 22:50:10
09:39:39,7.88,0.01,1065,838231,买盘,002716,2025-10-17 22:50:10
09:39:42,7.88,0.0,4131,3254910,买盘,002716,2025-10-17 22:50:10
09:39:45,7.86,-0.02,1327,1044598,卖盘,002716,2025-10-17 22:50:10
09:39:48,7.86,0.0,678,533684,卖盘,002716,2025-10-17 22:50:10
09:39:51,7.86,0.0,562,441878,卖盘,002716,2025-10-17 22:50:10
09:39:54,7.86,0.0,784,616624,卖盘,002716,2025-10-17 22:50:10
09:39:57,7.86,0.0,1181,928629,卖盘,002716,2025-10-17 22:50:10
09:40:00,7.85,-0.01,1281,1006201,卖盘,002716,2025-10-17 22:50:10
09:40:03,7.85,0.0,413,324306,卖盘,002716,2025-10-17 22:50:10
09:40:06,7.86,0.01,1244,976897,买盘,002716,2025-10-17 22:50:10
09:40:09,7.86,0.0,801,629006,买盘,002716,2025-10-17 22:50:10
09:40:12,7.85,-0.01,1189,933580,卖盘,002716,2025-10-17 22:50:10
09:40:15,7.85,0.0,1796,1410516,买盘,002716,2025-10-17 22:50:10
09:40:18,7.86,0.01,1094,859033,卖盘,002716,2025-10-17 22:50:10
09:40:21,7.86,0.0,483,379206,买盘,002716,2025-10-17 22:50:10
09:40:24,7.85,-0.01,486,381613,卖盘,002716,2025-10-17 22:50:10
09:40:27,7.85,0.0,2954,2319241,卖盘,002716,2025-10-17 22:50:10
09:40:30,7.85,0.0,597,468833,卖盘,002716,2025-10-17 22:50:10
09:40:33,7.85,0.0,1119,879165,卖盘,002716,2025-10-17 22:50:10
09:40:36,7.85,0.0,3734,2929951,卖盘,002716,2025-10-17 22:50:10
09:40:39,7.84,-0.01,1676,1314055,卖盘,002716,2025-10-17 22:50:10
09:40:42,7.83,-0.01,686,537477,卖盘,002716,2025-10-17 22:50:10
09:40:45,7.84,0.01,1193,934389,买盘,002716,2025-10-17 22:50:10
09:40:48,7.83,-0.01,781,611721,卖盘,002716,2025-10-17 22:50:10
09:40:51,7.84,0.01,2197,1720345,买盘,002716,2025-10-17 22:50:10
09:40:54,7.83,-0.01,1016,795929,卖盘,002716,2025-10-17 22:50:10
09:40:57,7.83,0.0,764,598203,卖盘,002716,2025-10-17 22:50:10
09:41:00,7.83,0.0,1478,1156815,买盘,002716,2025-10-17 22:50:10
09:41:03,7.83,0.0,966,756227,买盘,002716,2025-10-17 22:50:10
09:41:06,7.82,-0.01,2796,2187466,卖盘,002716,2025-10-17 22:50:10
09:41:09,7.83,0.01,1170,915256,卖盘,002716,2025-10-17 22:50:10
09:41:12,7.83,0.0,191,149428,买盘,002716,2025-10-17 22:50:10
09:41:15,7.82,-0.01,1201,939349,卖盘,002716,2025-10-17 22:50:10
09:41:18,7.8,-0.02,4099,3200165,卖盘,002716,2025-10-17 22:50:10
09:41:21,7.81,0.01,4747,3703372,中性盘,002716,2025-10-17 22:50:10
09:41:24,7.81,0.0,1017,793403,买盘,002716,2025-10-17 22:50:10
09:41:27,7.81,0.0,3246,2532258,买盘,002716,2025-10-17 22:50:10
09:41:30,7.8,-0.01,1002,781647,卖盘,002716,2025-10-17 22:50:10
09:41:33,7.8,0.0,2167,1690329,卖盘,002716,2025-10-17 22:50:10
09:41:36,7.8,0.0,604,470988,买盘,002716,2025-10-17 22:50:10
09:41:39,7.78,-0.02,739,575931,卖盘,002716,2025-10-17 22:50:10
09:41:42,7.79,0.01,533,415302,中性盘,002716,2025-10-17 22:50:10
09:41:45,7.79,0.0,692,538679,卖盘,002716,2025-10-17 22:50:10
09:41:48,7.79,0.0,1122,874084,买盘,002716,2025-10-17 22:50:10
09:41:51,7.79,0.0,950,740047,买盘,002716,2025-10-17 22:50:10
09:41:54,7.79,0.0,802,624892,卖盘,002716,2025-10-17 22:50:10
09:41:57,7.78,-0.01,1257,978857,卖盘,002716,2025-10-17 22:50:10
09:42:00,7.78,0.0,1336,1040563,卖盘,002716,2025-10-17 22:50:10
09:42:03,7.78,0.0,1352,1051969,卖盘,002716,2025-10-17 22:50:10
09:42:06,7.78,0.0,1011,786624,卖盘,002716,2025-10-17 22:50:10
09:42:09,7.78,0.0,858,667515,买盘,002716,2025-10-17 22:50:10
09:42:12,7.79,0.01,834,648916,买盘,002716,2025-10-17 22:50:10
09:42:15,7.79,0.0,690,536959,买盘,002716,2025-10-17 22:50:10
09:42:18,7.79,0.0,1898,1477149,买盘,002716,2025-10-17 22:50:10
09:42:21,7.79,0.0,1014,789474,买盘,002716,2025-10-17 22:50:10
09:42:24,7.79,0.0,907,706529,买盘,002716,2025-10-17 22:50:10
09:42:27,7.79,0.0,230,179185,卖盘,002716,2025-10-17 22:50:10
09:42:30,7.79,0.0,608,473682,卖盘,002716,2025-10-17 22:50:10
09:42:33,7.79,0.0,1793,1397108,卖盘,002716,2025-10-17 22:50:10
09:42:36,7.79,0.0,585,455645,买盘,002716,2025-10-17 22:50:10
09:42:39,7.8,0.01,1454,1132449,买盘,002716,2025-10-17 22:50:10
09:42:42,7.79,-0.01,379,295188,中性盘,002716,2025-10-17 22:50:10
09:42:45,7.8,0.01,1382,1077359,买盘,002716,2025-10-17 22:50:10
09:42:48,7.8,0.0,624,486590,买盘,002716,2025-10-17 22:50:10
09:42:51,7.8,0.0,606,472513,买盘,002716,2025-10-17 22:50:10
09:42:54,7.79,-0.01,3586,2792965,卖盘,002716,2025-10-17 22:50:10
09:42:57,7.78,-0.01,6064,4716976,卖盘,002716,2025-10-17 22:50:10
09:43:00,7.78,0.0,734,571019,买盘,002716,2025-10-17 22:50:10
09:43:03,7.78,0.0,349,271464,买盘,002716,2025-10-17 22:50:10
09:43:06,7.78,0.0,436,339011,买盘,002716,2025-10-17 22:50:10
09:43:09,7.78,0.0,824,640484,买盘,002716,2025-10-17 22:50:10
09:43:12,7.77,-0.01,1715,1333865,卖盘,002716,2025-10-17 22:50:10
09:43:15,7.76,-0.01,276,214552,卖盘,002716,2025-10-17 22:50:10
09:43:18,7.76,0.0,333,258690,卖盘,002716,2025-10-17 22:50:10
09:43:21,7.76,0.0,1477,1146286,卖盘,002716,2025-10-17 22:50:10
09:43:24,7.77,0.01,1558,1210407,买盘,002716,2025-10-17 22:50:10
09:43:27,7.77,0.0,532,413478,卖盘,002716,2025-10-17 22:50:10
09:43:30,7.78,0.01,359,279054,买盘,002716,2025-10-17 22:50:10
09:43:33,7.78,0.0,573,445274,买盘,002716,2025-10-17 22:50:10
09:43:36,7.78,0.0,253,196808,买盘,002716,2025-10-17 22:50:10
09:43:39,7.78,0.0,315,245070,卖盘,002716,2025-10-17 22:50:10
09:43:42,7.79,0.01,431,335355,买盘,002716,2025-10-17 22:50:10
09:43:45,7.78,-0.01,479,372739,卖盘,002716,2025-10-17 22:50:10
09:43:48,7.79,0.01,1161,904235,买盘,002716,2025-10-17 22:50:10
09:43:51,7.79,0.0,499,388550,卖盘,002716,2025-10-17 22:50:10
09:43:54,7.79,0.0,579,451038,卖盘,002716,2025-10-17 22:50:10
09:43:57,7.79,0.0,669,521095,买盘,002716,2025-10-17 22:50:10
09:44:00,7.75,-0.04,7374,5722743,卖盘,002716,2025-10-17 22:50:10
09:44:03,7.75,0.0,1545,1197507,卖盘,002716,2025-10-17 22:50:10
09:44:06,7.74,-0.01,473,366345,卖盘,002716,2025-10-17 22:50:10
09:44:09,7.74,0.0,216,167326,卖盘,002716,2025-10-17 22:50:10
09:44:12,7.74,0.0,3008,2328837,卖盘,002716,2025-10-17 22:50:10
09:44:15,7.74,0.0,792,612884,买盘,002716,2025-10-17 22:50:10
09:44:18,7.72,-0.02,9411,7258656,卖盘,002716,2025-10-17 22:50:10
09:44:21,7.72,0.0,988,762647,买盘,002716,2025-10-17 22:50:10
09:44:24,7.74,0.02,699,539912,买盘,002716,2025-10-17 22:50:10
09:44:27,7.72,-0.02,593,457746,卖盘,002716,2025-10-17 22:50:10
09:44:30,7.72,0.0,1261,972426,买盘,002716,2025-10-17 22:50:10
09:44:33,7.71,-0.01,1793,1383068,中性盘,002716,2025-10-17 22:50:10
09:44:36,7.72,0.01,380,293385,卖盘,002716,2025-10-17 22:50:10
09:44:39,7.71,-0.01,857,661290,卖盘,002716,2025-10-17 22:50:10
09:44:42,7.71,0.0,742,572206,卖盘,002716,2025-10-17 22:50:10
09:44:45,7.71,0.0,2206,1702251,买盘,002716,2025-10-17 22:50:10
09:44:48,7.71,0.0,846,652561,卖盘,002716,2025-10-17 22:50:10
09:44:51,7.71,0.0,887,684045,卖盘,002716,2025-10-17 22:50:10
09:44:54,7.71,0.0,839,647525,卖盘,002716,2025-10-17 22:50:10
09:44:57,7.71,0.0,1307,1007827,卖盘,002716,2025-10-17 22:50:10
09:45:00,7.71,0.0,584,450443,卖盘,002716,2025-10-17 22:50:10
09:45:03,7.72,0.01,493,380161,买盘,002716,2025-10-17 22:50:10
09:45:06,7.71,-0.01,1221,941871,卖盘,002716,2025-10-17 22:50:10
09:45:09,7.72,0.01,853,658435,买盘,002716,2025-10-17 22:50:10
09:45:12,7.72,0.0,239,184538,卖盘,002716,2025-10-17 22:50:10
09:45:15,7.71,-0.01,3139,2425428,卖盘,002716,2025-10-17 22:50:10
09:45:18,7.72,0.01,1465,1130845,买盘,002716,2025-10-17 22:50:10
09:45:21,7.72,0.0,4075,3142710,买盘,002716,2025-10-17 22:50:10
09:45:24,7.71,-0.01,1292,996403,卖盘,002716,2025-10-17 22:50:10
09:45:27,7.72,0.01,1338,1031117,买盘,002716,2025-10-17 22:50:10
09:45:30,7.71,-0.01,1367,1054119,卖盘,002716,2025-10-17 22:50:10
09:45:33,7.72,0.01,974,751257,买盘,002716,2025-10-17 22:50:10
09:45:36,7.71,-0.01,859,662377,卖盘,002716,2025-10-17 22:50:10
09:45:39,7.72,0.01,593,457285,买盘,002716,2025-10-17 22:50:10
09:45:42,7.71,-0.01,330,254548,卖盘,002716,2025-10-17 22:50:10
09:45:45,7.71,0.0,1037,799837,卖盘,002716,2025-10-17 22:50:10
09:45:48,7.72,0.01,742,572553,买盘,002716,2025-10-17 22:50:10
09:45:51,7.72,0.0,1916,1477301,买盘,002716,2025-10-17 22:50:10
09:45:54,7.72,0.0,594,458155,买盘,002716,2025-10-17 22:50:10
09:45:57,7.71,-0.01,1205,929132,卖盘,002716,2025-10-17 22:50:10
09:46:00,7.71,0.0,878,676865,买盘,002716,2025-10-17 22:50:10
09:46:03,7.71,0.0,1632,1258118,买盘,002716,2025-10-17 22:50:10
09:46:06,7.71,0.0,1059,816826,卖盘,002716,2025-10-17 22:50:10
09:46:09,7.71,0.0,651,502262,卖盘,002716,2025-10-17 22:50:10
09:46:12,7.71,0.0,496,382370,卖盘,002716,2025-10-17 22:50:10
09:46:15,7.7,-0.01,491,378538,卖盘,002716,2025-10-17 22:50:10
09:46:18,7.71,0.01,497,382991,买盘,002716,2025-10-17 22:50:10
09:46:21,7.71,0.0,468,360733,买盘,002716,2025-10-17 22:50:10
09:46:24,7.71,0.0,528,406922,买盘,002716,2025-10-17 22:50:10
09:46:27,7.7,-0.01,1755,1351582,卖盘,002716,2025-10-17 22:50:10
09:46:30,7.7,0.0,2728,2100700,卖盘,002716,2025-10-17 22:50:10
09:46:33,7.7,0.0,299,230298,卖盘,002716,2025-10-17 22:50:10
09:46:36,7.7,0.0,670,515952,卖盘,002716,2025-10-17 22:50:10
09:46:39,7.7,0.0,1155,889746,卖盘,002716,2025-10-17 22:50:10
09:46:42,7.7,0.0,1142,879657,卖盘,002716,2025-10-17 22:50:10
09:46:45,7.7,0.0,851,655359,卖盘,002716,2025-10-17 22:50:10
09:46:48,7.71,0.01,596,458998,买盘,002716,2025-10-17 22:50:10
09:46:51,7.7,-0.01,1188,915125,卖盘,002716,2025-10-17 22:50:10
09:46:54,7.71,0.01,928,715459,买盘,002716,2025-10-17 22:50:10
09:46:57,7.71,0.0,237,182445,卖盘,002716,2025-10-17 22:50:10
09:47:00,7.71,0.0,3066,2364165,卖盘,002716,2025-10-17 22:50:10
09:47:03,7.71,0.0,380,292968,卖盘,002716,2025-10-17 22:50:10
09:47:06,7.71,0.0,156,120264,买盘,002716,2025-10-17 22:50:10
09:47:09,7.71,0.0,1111,856339,买盘,002716,2025-10-17 22:50:10
09:47:12,7.71,0.0,1264,973635,买盘,002716,2025-10-17 22:50:10
09:47:15,7.71,0.0,576,443955,买盘,002716,2025-10-17 22:50:10
09:47:18,7.71,0.0,1899,1464023,买盘,002716,2025-10-17 22:50:10
09:47:21,7.71,0.0,291,224361,卖盘,002716,2025-10-17 22:50:10
09:47:24,7.72,0.01,756,583086,买盘,002716,2025-10-17 22:50:10
09:47:27,7.72,0.0,693,534385,买盘,002716,2025-10-17 22:50:10
09:47:30,7.72,0.0,4533,3499175,买盘,002716,2025-10-17 22:50:10
09:47:33,7.72,0.0,265,204616,卖盘,002716,2025-10-17 22:50:10
09:47:36,7.72,0.0,943,728047,卖盘,002716,2025-10-17 22:50:10
09:47:39,7.72,0.0,875,675500,买盘,002716,2025-10-17 22:50:10
09:47:42,7.71,-0.01,4240,3271928,卖盘,002716,2025-10-17 22:50:10
09:47:45,7.72,0.01,1625,1253425,买盘,002716,2025-10-17 22:50:10
09:47:48,7.72,0.0,544,419912,买盘,002716,2025-10-17 22:50:10
09:47:51,7.72,0.0,1098,847577,买盘,002716,2025-10-17 22:50:10
09:47:54,7.73,0.01,943,728728,买盘,002716,2025-10-17 22:50:10
09:47:57,7.74,0.01,650,502690,买盘,002716,2025-10-17 22:50:10
09:48:00,7.74,0.0,279,215996,卖盘,002716,2025-10-17 22:50:10
09:48:03,7.75,0.01,230,178180,买盘,002716,2025-10-17 22:50:10
09:48:06,7.74,-0.01,944,730922,卖盘,002716,2025-10-17 22:50:10
09:48:09,7.74,0.0,957,741246,中性盘,002716,2025-10-17 22:50:10
09:48:12,7.74,0.0,1352,1046445,买盘,002716,2025-10-17 22:50:10
09:48:15,7.74,0.0,1195,924649,买盘,002716,2025-10-17 22:50:10
09:48:18,7.75,0.01,658,509854,买盘,002716,2025-10-17 22:50:10
09:48:21,7.75,0.0,539,417742,卖盘,002716,2025-10-17 22:50:10
09:48:24,7.75,0.0,1090,845451,卖盘,002716,2025-10-17 22:50:10
09:48:27,7.76,0.01,584,453038,买盘,002716,2025-10-17 22:50:10
09:48:30,7.77,0.01,1147,890106,买盘,002716,2025-10-17 22:50:10
09:48:33,7.77,0.0,364,282718,买盘,002716,2025-10-17 22:50:10
09:48:36,7.76,-0.01,2159,1676088,卖盘,002716,2025-10-17 22:50:10
09:48:39,7.75,-0.01,3322,2576192,卖盘,002716,2025-10-17 22:50:10
09:48:42,7.76,0.01,2006,1554356,买盘,002716,2025-10-17 22:50:10
09:48:45,7.75,-0.01,273,211777,卖盘,002716,2025-10-17 22:50:10
09:48:48,7.76,0.01,502,389426,买盘,002716,2025-10-17 22:50:10
09:48:51,7.77,0.01,708,549769,买盘,002716,2025-10-17 22:50:10
09:48:54,7.78,0.01,1329,1033024,买盘,002716,2025-10-17 22:50:10
09:48:57,7.78,0.0,366,284761,卖盘,002716,2025-10-17 22:50:10
09:49:00,7.79,0.01,361,281150,买盘,002716,2025-10-17 22:50:10
09:49:03,7.79,0.0,642,500014,买盘,002716,2025-10-17 22:50:10
09:49:06,7.8,0.01,598,466030,买盘,002716,2025-10-17 22:50:10
09:49:09,7.8,0.0,930,725130,买盘,002716,2025-10-17 22:50:10
09:49:12,7.8,0.0,1103,860269,买盘,002716,2025-10-17 22:50:10
09:49:15,7.81,0.01,923,720611,买盘,002716,2025-10-17 22:50:10
09:49:18,7.82,0.01,372,290846,买盘,002716,2025-10-17 22:50:10
09:49:21,7.82,0.0,1905,1488897,买盘,002716,2025-10-17 22:50:10
09:49:24,7.82,0.0,1439,1125536,买盘,002716,2025-10-17 22:50:10
09:49:27,7.82,0.0,559,437545,卖盘,002716,2025-10-17 22:50:10
09:49:30,7.83,0.01,1238,969806,买盘,002716,2025-10-17 22:50:10
09:49:33,7.83,0.0,1542,1206617,买盘,002716,2025-10-17 22:50:10
09:49:36,7.83,0.0,730,571307,买盘,002716,2025-10-17 22:50:10
09:49:39,7.84,0.01,383,299825,买盘,002716,2025-10-17 22:50:10
09:49:42,7.84,0.0,251,196536,买盘,002716,2025-10-17 22:50:10
09:49:45,7.84,0.0,946,740970,买盘,002716,2025-10-17 22:50:10
09:49:48,7.84,0.0,1104,865207,买盘,002716,2025-10-17 22:50:10
09:49:51,7.83,-0.01,1998,1566364,卖盘,002716,2025-10-17 22:50:10
09:49:54,7.83,0.0,532,416467,买盘,002716,2025-10-17 22:50:10
09:49:57,7.82,-0.01,617,483077,卖盘,002716,2025-10-17 22:50:10
09:50:00,7.79,-0.03,3898,3043361,卖盘,002716,2025-10-17 22:50:10
09:50:03,7.79,0.0,483,376548,中性盘,002716,2025-10-17 22:50:10
09:50:06,7.78,-0.01,241,187625,卖盘,002716,2025-10-17 22:50:10
09:50:09,7.78,0.0,313,243623,卖盘,002716,2025-10-17 22:50:10
09:50:12,7.78,0.0,687,534534,卖盘,002716,2025-10-17 22:50:10
09:50:15,7.78,0.0,1685,1311156,卖盘,002716,2025-10-17 22:50:10
09:50:18,7.78,0.0,573,445779,买盘,002716,2025-10-17 22:50:10
09:50:21,7.77,-0.01,852,662074,卖盘,002716,2025-10-17 22:50:10
09:50:24,7.77,0.0,1669,1296951,买盘,002716,2025-10-17 22:50:10
09:50:27,7.77,0.0,313,243145,买盘,002716,2025-10-17 22:50:10
09:50:30,7.76,-0.01,361,280197,中性盘,002716,2025-10-17 22:50:10
09:50:33,7.76,0.0,199,154544,中性盘,002716,2025-10-17 22:50:10
09:50:36,7.77,0.01,539,418702,买盘,002716,2025-10-17 22:50:10
09:50:39,7.77,0.0,453,351754,买盘,002716,2025-10-17 22:50:10
09:50:42,7.77,0.0,342,265740,卖盘,002716,2025-10-17 22:50:10
09:50:45,7.77,0.0,480,372940,卖盘,002716,2025-10-17 22:50:10
09:50:48,7.76,-0.01,291,226129,卖盘,002716,2025-10-17 22:50:10
09:50:51,7.77,0.01,279,216672,买盘,002716,2025-10-17 22:50:10
09:50:54,7.77,0.0,208,161602,买盘,002716,2025-10-17 22:50:10
09:50:57,7.76,-0.01,1373,1065909,卖盘,002716,2025-10-17 22:50:10
09:51:00,7.77,0.01,738,573221,卖盘,002716,2025-10-17 22:50:10
09:51:03,7.77,0.0,356,276529,买盘,002716,2025-10-17 22:50:10
09:51:06,7.77,0.0,521,404927,卖盘,002716,2025-10-17 22:50:10
09:51:09,7.77,0.0,278,216154,卖盘,002716,2025-10-17 22:50:10
09:51:12,7.77,0.0,628,488227,卖盘,002716,2025-10-17 22:50:10
09:51:15,7.77,0.0,153,118947,卖盘,002716,2025-10-17 22:50:10
09:51:18,7.78,0.01,259,201452,买盘,002716,2025-10-17 22:50:10
09:51:21,7.78,0.0,251,195155,买盘,002716,2025-10-17 22:50:10
09:51:24,7.78,0.0,1331,1036066,买盘,002716,2025-10-17 22:50:10
09:51:27,7.77,-0.01,1162,903045,卖盘,002716,2025-10-17 22:50:10
09:51:30,7.76,-0.01,1736,1347830,卖盘,002716,2025-10-17 22:50:10
09:51:33,7.77,0.01,1183,918669,卖盘,002716,2025-10-17 22:50:10
09:51:36,7.78,0.01,557,432805,买盘,002716,2025-10-17 22:50:10
09:51:39,7.78,0.0,670,520566,买盘,002716,2025-10-17 22:50:10
09:51:42,7.78,0.0,140,108933,卖盘,002716,2025-10-17 22:50:10
09:51:45,7.79,0.01,992,772593,买盘,002716,2025-10-17 22:50:10
09:51:48,7.79,0.0,134,104386,卖盘,002716,2025-10-17 22:50:10
09:51:51,7.8,0.01,212,165324,买盘,002716,2025-10-17 22:50:10
09:51:54,7.79,-0.01,465,362528,卖盘,002716,2025-10-17 22:50:10
09:51:57,7.8,0.01,484,377499,买盘,002716,2025-10-17 22:50:10
09:52:00,7.79,-0.01,382,297809,卖盘,002716,2025-10-17 22:50:10
09:52:03,7.79,0.0,634,493908,买盘,002716,2025-10-17 22:50:10
09:52:06,7.79,0.0,582,453696,卖盘,002716,2025-10-17 22:50:10
09:52:09,7.79,0.0,1301,1013693,卖盘,002716,2025-10-17 22:50:10
09:52:12,7.79,0.0,588,458057,卖盘,002716,2025-10-17 22:50:10
09:52:15,7.79,0.0,558,434668,卖盘,002716,2025-10-17 22:50:10
09:52:18,7.79,0.0,90,70110,买盘,002716,2025-10-17 22:50:10
09:52:21,7.79,0.0,197,153327,买盘,002716,2025-10-17 22:50:10
09:52:24,7.78,-0.01,1205,938456,卖盘,002716,2025-10-17 22:50:10
09:52:27,7.78,0.0,556,433051,卖盘,002716,2025-10-17 22:50:10
09:52:30,7.78,0.0,541,421387,卖盘,002716,2025-10-17 22:50:10
09:52:33,7.78,0.0,388,301919,卖盘,002716,2025-10-17 22:50:10
09:52:36,7.78,0.0,718,558367,卖盘,002716,2025-10-17 22:50:10
09:52:39,7.78,0.0,1713,1330325,买盘,002716,2025-10-17 22:50:10
09:52:42,7.78,0.0,882,686158,买盘,002716,2025-10-17 22:50:10
09:52:45,7.78,0.0,1250,972639,买盘,002716,2025-10-17 22:50:10
09:52:48,7.79,0.01,1067,831441,买盘,002716,2025-10-17 22:50:10
09:52:51,7.8,0.01,470,366273,买盘,002716,2025-10-17 22:50:10
09:52:54,7.8,0.0,1400,1092205,买盘,002716,2025-10-17 22:50:10
09:52:57,7.8,0.0,114,88727,卖盘,002716,2025-10-17 22:50:10
09:53:00,7.8,0.0,289,225187,买盘,002716,2025-10-17 22:50:10
09:53:03,7.81,0.01,591,461200,买盘,002716,2025-10-17 22:50:10
09:53:06,7.8,-0.01,855,667703,卖盘,002716,2025-10-17 22:50:10
09:53:09,7.8,0.0,208,162407,卖盘,002716,2025-10-17 22:50:10
09:53:12,7.82,0.02,1733,1354725,买盘,002716,2025-10-17 22:50:10
09:53:15,7.81,-0.01,942,736584,卖盘,002716,2025-10-17 22:50:10
09:53:18,7.83,0.02,194,151582,买盘,002716,2025-10-17 22:50:10
09:53:21,7.82,-0.01,220,172001,卖盘,002716,2025-10-17 22:50:10
09:53:24,7.82,0.0,682,533882,卖盘,002716,2025-10-17 22:50:10
09:53:27,7.82,0.0,1606,1257375,卖盘,002716,2025-10-17 22:50:10
09:53:30,7.83,0.01,820,642064,买盘,002716,2025-10-17 22:50:10
09:53:33,7.83,0.0,528,413370,卖盘,002716,2025-10-17 22:50:10
09:53:36,7.83,0.0,409,320041,买盘,002716,2025-10-17 22:50:10
09:53:39,7.83,0.0,397,310841,买盘,002716,2025-10-17 22:50:10
09:53:42,7.83,0.0,431,337474,卖盘,002716,2025-10-17 22:50:10
09:53:45,7.84,0.01,350,274063,买盘,002716,2025-10-17 22:50:10
09:53:48,7.84,0.0,1340,1049360,买盘,002716,2025-10-17 22:50:10
09:53:51,7.84,0.0,399,312471,买盘,002716,2025-10-17 22:50:10
09:53:54,7.83,-0.01,404,316302,买盘,002716,2025-10-17 22:50:10
09:53:57,7.82,-0.01,1371,1072062,卖盘,002716,2025-10-17 22:50:10
09:54:00,7.8,-0.02,1001,783558,卖盘,002716,2025-10-17 22:50:10
09:54:03,7.8,0.0,201,156942,卖盘,002716,2025-10-17 22:50:10
09:54:06,7.81,0.01,710,553990,中性盘,002716,2025-10-17 22:50:10
09:54:09,7.79,-0.02,1413,1100408,卖盘,002716,2025-10-17 22:50:10
09:54:12,7.79,0.0,650,506350,买盘,002716,2025-10-17 22:50:10
09:54:15,7.79,0.0,156,121383,买盘,002716,2025-10-17 22:50:10
09:54:18,7.77,-0.02,695,540666,卖盘,002716,2025-10-17 22:50:10
09:54:21,7.76,-0.01,172,133611,卖盘,002716,2025-10-17 22:50:10
09:54:24,7.77,0.01,1479,1149228,买盘,002716,2025-10-17 22:50:10
09:54:27,7.76,-0.01,1000,776942,卖盘,002716,2025-10-17 22:50:10
09:54:30,7.77,0.01,213,165501,买盘,002716,2025-10-17 22:50:10
09:54:33,7.76,-0.01,547,424553,卖盘,002716,2025-10-17 22:50:10
09:54:36,7.77,0.01,552,428628,买盘,002716,2025-10-17 22:50:10
09:54:39,7.76,-0.01,1058,821747,卖盘,002716,2025-10-17 22:50:10
09:54:42,7.76,0.0,331,256992,卖盘,002716,2025-10-17 22:50:10
09:54:45,7.76,0.0,691,536225,卖盘,002716,2025-10-17 22:50:10
09:54:48,7.76,0.0,1244,965495,买盘,002716,2025-10-17 22:50:10
09:54:51,7.75,-0.01,341,264456,卖盘,002716,2025-10-17 22:50:10
09:54:54,7.76,0.01,196,152052,买盘,002716,2025-10-17 22:50:10
09:54:57,7.75,-0.01,2912,2256599,卖盘,002716,2025-10-17 22:50:10
09:55:00,7.75,0.0,426,330139,买盘,002716,2025-10-17 22:50:10
09:55:03,7.75,0.0,579,448705,买盘,002716,2025-10-17 22:50:10
09:55:06,7.76,0.01,830,643278,买盘,002716,2025-10-17 22:50:10
09:55:09,7.76,0.0,434,336317,买盘,002716,2025-10-17 22:50:10
09:55:12,7.75,-0.01,98,76020,卖盘,002716,2025-10-17 22:50:10
09:55:15,7.76,0.01,399,309462,买盘,002716,2025-10-17 22:50:10
09:55:18,7.75,-0.01,195,151195,卖盘,002716,2025-10-17 22:50:10
09:55:21,7.75,0.0,66,51168,卖盘,002716,2025-10-17 22:50:10
09:55:24,7.75,0.0,259,200781,卖盘,002716,2025-10-17 22:50:10
09:55:27,7.75,0.0,278,215551,卖盘,002716,2025-10-17 22:50:10
09:55:30,7.76,0.01,180,139611,买盘,002716,2025-10-17 22:50:10
09:55:33,7.76,0.0,100,77599,买盘,002716,2025-10-17 22:50:10
09:55:36,7.76,0.0,375,290860,买盘,002716,2025-10-17 22:50:10
09:55:39,7.76,0.0,563,436571,买盘,002716,2025-10-17 22:50:10
09:55:42,7.75,-0.01,3605,2792866,卖盘,002716,2025-10-17 22:50:10
09:55:45,7.74,-0.01,912,706141,卖盘,002716,2025-10-17 22:50:10
09:55:48,7.73,-0.01,309,239011,卖盘,002716,2025-10-17 22:50:10
09:55:51,7.74,0.01,203,156970,买盘,002716,2025-10-17 22:50:10
09:55:54,7.74,0.0,218,168596,买盘,002716,2025-10-17 22:50:10
09:55:57,7.74,0.0,272,210363,买盘,002716,2025-10-17 22:50:10
09:56:00,7.73,-0.01,616,476342,卖盘,002716,2025-10-17 22:50:10
09:56:03,7.74,0.01,777,600719,买盘,002716,2025-10-17 22:50:10
09:56:06,7.73,-0.01,633,489315,卖盘,002716,2025-10-17 22:50:10
09:56:09,7.73,0.0,454,350965,卖盘,002716,2025-10-17 22:50:10
09:56:12,7.73,0.0,535,413639,卖盘,002716,2025-10-17 22:50:10
09:56:15,7.74,0.01,278,215065,买盘,002716,2025-10-17 22:50:10
09:56:18,7.73,-0.01,301,232684,卖盘,002716,2025-10-17 22:50:10
09:56:21,7.73,0.0,407,314734,卖盘,002716,2025-10-17 22:50:10
09:56:24,7.73,0.0,503,388900,卖盘,002716,2025-10-17 22:50:10
09:56:27,7.73,0.0,692,535064,卖盘,002716,2025-10-17 22:50:10
09:56:30,7.73,0.0,64,49473,卖盘,002716,2025-10-17 22:50:10
09:56:33,7.73,0.0,244,188693,卖盘,002716,2025-10-17 22:50:10
09:56:36,7.74,0.01,1444,1116286,买盘,002716,2025-10-17 22:50:10
09:56:39,7.74,0.0,221,170902,买盘,002716,2025-10-17 22:50:10
09:56:42,7.73,-0.01,428,331069,卖盘,002716,2025-10-17 22:50:10
09:56:45,7.74,0.01,432,334125,买盘,002716,2025-10-17 22:50:10
09:56:48,7.74,0.0,169,130657,买盘,002716,2025-10-17 22:50:10
09:56:51,7.74,0.0,285,220387,买盘,002716,2025-10-17 22:50:10
09:56:54,7.74,0.0,495,382705,买盘,002716,2025-10-17 22:50:10
09:56:57,7.74,0.0,952,736565,买盘,002716,2025-10-17 22:50:10
09:57:00,7.74,0.0,555,429067,买盘,002716,2025-10-17 22:50:10
09:57:03,7.74,0.0,435,336461,买盘,002716,2025-10-17 22:50:10
09:57:06,7.73,-0.01,1022,790233,卖盘,002716,2025-10-17 22:50:10
09:57:09,7.73,0.0,3405,2635322,卖盘,002716,2025-10-17 22:50:10
09:57:12,7.73,0.0,733,566788,卖盘,002716,2025-10-17 22:50:10
09:57:15,7.73,0.0,912,705087,卖盘,002716,2025-10-17 22:50:10
09:57:18,7.73,0.0,761,588247,买盘,002716,2025-10-17 22:50:10
09:57:21,7.73,0.0,327,252941,卖盘,002716,2025-10-17 22:50:10
09:57:24,7.74,0.01,188,145375,买盘,002716,2025-10-17 22:50:10
09:57:27,7.73,-0.01,2006,1550718,卖盘,002716,2025-10-17 22:50:10
09:57:30,7.73,0.0,236,182537,卖盘,002716,2025-10-17 22:50:10
09:57:33,7.74,0.01,310,239692,买盘,002716,2025-10-17 22:50:10
09:57:36,7.73,-0.01,87,67271,卖盘,002716,2025-10-17 22:50:10
09:57:39,7.74,0.01,417,322457,买盘,002716,2025-10-17 22:50:10
09:57:42,7.73,-0.01,164,126837,卖盘,002716,2025-10-17 22:50:10
09:57:45,7.74,0.01,169,130777,买盘,002716,2025-10-17 22:50:10
09:57:48,7.74,0.0,233,180242,买盘,002716,2025-10-17 22:50:10
09:57:51,7.74,0.0,155,119916,买盘,002716,2025-10-17 22:50:10
09:57:54,7.74,0.0,247,191097,买盘,002716,2025-10-17 22:50:10
09:57:57,7.73,-0.01,835,645919,卖盘,002716,2025-10-17 22:50:10
09:58:00,7.73,0.0,627,485000,卖盘,002716,2025-10-17 22:50:10
09:58:03,7.73,0.0,7258,5606940,卖盘,002716,2025-10-17 22:50:10
09:58:06,7.73,0.0,561,433463,买盘,002716,2025-10-17 22:50:10
09:58:09,7.73,0.0,224,173115,买盘,002716,2025-10-17 22:50:10
09:58:12,7.72,-0.01,294,227206,卖盘,002716,2025-10-17 22:50:10
09:58:15,7.73,0.01,613,473746,买盘,002716,2025-10-17 22:50:10
09:58:18,7.73,0.0,137,105839,买盘,002716,2025-10-17 22:50:10
09:58:21,7.72,-0.01,79,61048,卖盘,002716,2025-10-17 22:50:10
09:58:24,7.73,0.01,700,540931,买盘,002716,2025-10-17 22:50:10
09:58:27,7.73,0.0,237,183207,买盘,002716,2025-10-17 22:50:10
09:58:30,7.73,0.0,182,140686,卖盘,002716,2025-10-17 22:50:10
09:58:33,7.73,0.0,448,346563,卖盘,002716,2025-10-17 22:50:10
09:58:36,7.74,0.01,409,316167,买盘,002716,2025-10-17 22:50:10
09:58:39,7.74,0.0,80,61866,买盘,002716,2025-10-17 22:50:10
09:58:42,7.74,0.0,276,213454,买盘,002716,2025-10-17 22:50:10
09:58:45,7.74,0.0,395,305718,买盘,002716,2025-10-17 22:50:10
09:58:48,7.74,0.0,1021,789439,买盘,002716,2025-10-17 22:50:10
09:58:51,7.74,0.0,882,682629,买盘,002716,2025-10-17 22:50:10
09:58:54,7.74,0.0,953,737532,买盘,002716,2025-10-17 22:50:10
09:58:57,7.74,0.0,464,359114,买盘,002716,2025-10-17 22:50:10
09:59:00,7.74,0.0,102,78954,卖盘,002716,2025-10-17 22:50:10
09:59:03,7.74,0.0,78,60383,卖盘,002716,2025-10-17 22:50:10
09:59:06,7.75,0.01,133,103065,买盘,002716,2025-10-17 22:50:10
09:59:09,7.75,0.0,330,255746,买盘,002716,2025-10-17 22:50:10
09:59:12,7.76,0.01,151,117031,买盘,002716,2025-10-17 22:50:10
09:59:15,7.75,-0.01,183,142005,卖盘,002716,2025-10-17 22:50:10
09:59:18,7.76,0.01,156,121042,买盘,002716,2025-10-17 22:50:10
09:59:21,7.76,0.0,168,130368,卖盘,002716,2025-10-17 22:50:10
09:59:24,7.77,0.01,503,390396,买盘,002716,2025-10-17 22:50:10
09:59:27,7.76,-0.01,406,315304,卖盘,002716,2025-10-17 22:50:10
09:59:30,7.77,0.01,320,248386,买盘,002716,2025-10-17 22:50:10
09:59:33,7.77,0.0,446,346361,买盘,002716,2025-10-17 22:50:10
09:59:36,7.76,-0.01,322,249949,卖盘,002716,2025-10-17 22:50:10
09:59:39,7.75,-0.01,1003,779033,卖盘,002716,2025-10-17 22:50:10
09:59:42,7.76,0.01,316,245209,买盘,002716,2025-10-17 22:50:10
09:59:45,7.77,0.01,578,449116,买盘,002716,2025-10-17 22:50:10
09:59:48,7.76,-0.01,104,80722,卖盘,002716,2025-10-17 22:50:10
09:59:51,7.76,0.0,192,149151,卖盘,002716,2025-10-17 22:50:10
09:59:54,7.77,0.01,276,214452,买盘,002716,2025-10-17 22:50:10
09:59:57,7.76,-0.01,1486,1153377,卖盘,002716,2025-10-17 22:50:10
10:00:00,7.76,0.0,895,694959,买盘,002716,2025-10-17 22:50:10
10:00:03,7.75,-0.01,3434,2661362,卖盘,002716,2025-10-17 22:50:10
10:00:06,7.76,0.01,702,544033,买盘,002716,2025-10-17 22:50:10
10:00:09,7.75,-0.01,89,68946,中性盘,002716,2025-10-17 22:50:10
10:00:12,7.74,-0.01,359,278194,卖盘,002716,2025-10-17 22:50:10
10:00:15,7.75,0.01,267,206875,买盘,002716,2025-10-17 22:50:10
10:00:18,7.74,-0.01,839,649191,卖盘,002716,2025-10-17 22:50:10
10:00:21,7.74,0.0,156,120744,买盘,002716,2025-10-17 22:50:10
10:00:24,7.74,0.0,432,334283,买盘,002716,2025-10-17 22:50:10
10:00:27,7.74,0.0,176,136184,买盘,002716,2025-10-17 22:50:10
10:00:30,7.74,0.0,981,759185,买盘,002716,2025-10-17 22:50:10
10:00:33,7.74,0.0,331,256055,买盘,002716,2025-10-17 22:50:10
10:00:36,7.74,0.0,155,119945,买盘,002716,2025-10-17 22:50:10
10:00:39,7.73,-0.01,1000,773512,卖盘,002716,2025-10-17 22:50:10
10:00:42,7.74,0.01,1197,925317,买盘,002716,2025-10-17 22:50:10
10:00:45,7.73,-0.01,388,299954,卖盘,002716,2025-10-17 22:50:10
10:00:48,7.73,0.0,642,496314,卖盘,002716,2025-10-17 22:50:10
10:00:51,7.74,0.01,1645,1271714,买盘,002716,2025-10-17 22:50:10
10:00:54,7.73,-0.01,281,217293,卖盘,002716,2025-10-17 22:50:10
10:00:57,7.74,0.01,330,255278,买盘,002716,2025-10-17 22:50:10
10:01:00,7.73,-0.01,4046,3124578,卖盘,002716,2025-10-17 22:50:10
10:01:03,7.72,-0.01,2580,1990345,中性盘,002716,2025-10-17 22:50:10
10:01:06,7.72,0.0,790,609957,买盘,002716,2025-10-17 22:50:10
10:01:09,7.72,0.0,293,226017,卖盘,002716,2025-10-17 22:50:10
10:01:12,7.72,0.0,28,21616,买盘,002716,2025-10-17 22:50:10
10:01:15,7.72,0.0,258,199130,买盘,002716,2025-10-17 22:50:10
10:01:18,7.71,-0.01,329,253934,卖盘,002716,2025-10-17 22:50:10
10:01:21,7.71,0.0,264,203569,卖盘,002716,2025-10-17 22:50:10
10:01:24,7.72,0.01,172,132725,买盘,002716,2025-10-17 22:50:10
10:01:27,7.72,0.0,447,344930,买盘,002716,2025-10-17 22:50:10
10:01:30,7.73,0.01,2029,1566686,买盘,002716,2025-10-17 22:50:10
10:01:33,7.73,0.0,1417,1094751,买盘,002716,2025-10-17 22:50:10
10:01:36,7.73,0.0,178,137452,买盘,002716,2025-10-17 22:50:10
10:01:39,7.72,-0.01,204,157606,卖盘,002716,2025-10-17 22:50:10
10:01:42,7.73,0.01,544,420273,买盘,002716,2025-10-17 22:50:10
10:01:45,7.72,-0.01,225,173608,卖盘,002716,2025-10-17 22:50:10
10:01:48,7.73,0.01,142,109674,买盘,002716,2025-10-17 22:50:10
10:01:51,7.72,-0.01,1703,1314728,卖盘,002716,2025-10-17 22:50:10
10:01:54,7.72,0.0,1156,892078,卖盘,002716,2025-10-17 22:50:10
10:01:57,7.73,0.01,679,524625,买盘,002716,2025-10-17 22:50:10
10:02:00,7.73,0.0,1237,955965,买盘,002716,2025-10-17 22:50:10
10:02:03,7.73,0.0,322,248906,买盘,002716,2025-10-17 22:50:10
10:02:06,7.73,0.0,69,53337,卖盘,002716,2025-10-17 22:50:10
10:02:09,7.72,-0.01,602,465067,卖盘,002716,2025-10-17 22:50:10
10:02:12,7.73,0.01,1766,1365519,买盘,002716,2025-10-17 22:50:10
10:02:15,7.74,0.01,301,233049,买盘,002716,2025-10-17 22:50:10
10:02:18,7.74,0.0,335,259040,卖盘,002716,2025-10-17 22:50:10
10:02:21,7.74,0.0,1806,1398457,卖盘,002716,2025-10-17 22:50:10
10:02:24,7.75,0.01,276,213877,卖盘,002716,2025-10-17 22:50:10
10:02:27,7.76,0.01,135,104678,买盘,002716,2025-10-17 22:50:10
10:02:30,7.75,-0.01,231,179032,卖盘,002716,2025-10-17 22:50:10
10:02:33,7.75,0.0,344,266598,买盘,002716,2025-10-17 22:50:10
10:02:36,7.74,-0.01,551,427015,卖盘,002716,2025-10-17 22:50:10
10:02:39,7.75,0.01,348,269598,买盘,002716,2025-10-17 22:50:10
10:02:42,7.75,0.0,278,215433,买盘,002716,2025-10-17 22:50:10
10:02:45,7.75,0.0,395,306068,买盘,002716,2025-10-17 22:50:10
10:02:48,7.76,0.01,96,74336,买盘,002716,2025-10-17 22:50:10
10:02:51,7.74,-0.02,358,277262,卖盘,002716,2025-10-17 22:50:10
10:02:54,7.75,0.01,332,257287,买盘,002716,2025-10-17 22:50:10
10:02:57,7.76,0.01,546,423048,买盘,002716,2025-10-17 22:50:10
10:03:00,7.74,-0.02,290,224613,卖盘,002716,2025-10-17 22:50:10
10:03:03,7.75,0.01,134,103851,买盘,002716,2025-10-17 22:50:10
10:03:06,7.75,0.0,239,185255,卖盘,002716,2025-10-17 22:50:10
10:03:09,7.74,-0.01,1398,1084372,卖盘,002716,2025-10-17 22:50:10
10:03:12,7.75,0.01,808,626064,买盘,002716,2025-10-17 22:50:10
10:03:15,7.75,0.0,1218,943873,买盘,002716,2025-10-17 22:50:10
10:03:18,7.74,-0.01,653,505956,卖盘,002716,2025-10-17 22:50:10
10:03:21,7.76,0.02,490,380199,买盘,002716,2025-10-17 22:50:10
10:03:24,7.75,-0.01,85,65901,卖盘,002716,2025-10-17 22:50:10
10:03:27,7.75,0.0,355,275437,卖盘,002716,2025-10-17 22:50:10
10:03:30,7.75,0.0,138,106977,卖盘,002716,2025-10-17 22:50:10
10:03:33,7.76,0.01,176,136453,买盘,002716,2025-10-17 22:50:10
10:03:36,7.76,0.0,538,417096,买盘,002716,2025-10-17 22:50:10
10:03:39,7.76,0.0,304,235699,买盘,002716,2025-10-17 22:50:10
10:03:42,7.75,-0.01,488,378557,卖盘,002716,2025-10-17 22:50:10
10:03:45,7.75,0.0,208,161370,卖盘,002716,2025-10-17 22:50:10
10:03:48,7.75,0.0,2783,2155959,卖盘,002716,2025-10-17 22:50:10
10:03:51,7.75,0.0,340,263645,买盘,002716,2025-10-17 22:50:10
10:03:54,7.76,0.01,318,246766,买盘,002716,2025-10-17 22:50:10
10:03:57,7.74,-0.02,436,337758,卖盘,002716,2025-10-17 22:50:10
10:04:00,7.74,0.0,230,178020,买盘,002716,2025-10-17 22:50:10
10:04:03,7.74,0.0,198,153216,买盘,002716,2025-10-17 22:50:10
10:04:06,7.73,-0.01,179,138448,卖盘,002716,2025-10-17 22:50:10
10:04:09,7.74,0.01,230,178044,买盘,002716,2025-10-17 22:50:10
10:04:12,7.75,0.01,11,8515,买盘,002716,2025-10-17 22:50:10
10:04:15,7.75,0.0,153,118517,买盘,002716,2025-10-17 22:50:10
10:04:18,7.75,0.0,684,530088,买盘,002716,2025-10-17 22:50:10
10:04:21,7.74,-0.01,117,90662,卖盘,002716,2025-10-17 22:50:10
10:04:24,7.74,0.0,217,168151,卖盘,002716,2025-10-17 22:50:10
10:04:27,7.74,0.0,244,189073,卖盘,002716,2025-10-17 22:50:10
10:04:30,7.75,0.01,480,371927,买盘,002716,2025-10-17 22:50:10
10:04:33,7.75,0.0,785,607688,买盘,002716,2025-10-17 22:50:10
10:04:36,7.75,0.0,97,75119,买盘,002716,2025-10-17 22:50:10
10:04:39,7.75,0.0,589,456464,买盘,002716,2025-10-17 22:50:10
10:04:42,7.75,0.0,1972,1527341,卖盘,002716,2025-10-17 22:50:10
10:04:45,7.74,-0.01,300,232493,中性盘,002716,2025-10-17 22:50:10
10:04:48,7.74,0.0,172,133165,卖盘,002716,2025-10-17 22:50:10
10:04:51,7.74,0.0,154,119196,买盘,002716,2025-10-17 22:50:10
10:04:54,7.74,0.0,178,137780,买盘,002716,2025-10-17 22:50:10
10:04:57,7.74,0.0,208,160992,买盘,002716,2025-10-17 22:50:10
10:05:00,7.73,-0.01,169,130738,卖盘,002716,2025-10-17 22:50:10
10:05:03,7.73,0.0,1045,808764,卖盘,002716,2025-10-17 22:50:10
10:05:06,7.74,0.01,69,53406,买盘,002716,2025-10-17 22:50:10
10:05:09,7.74,0.0,228,176462,卖盘,002716,2025-10-17 22:50:10
10:05:12,7.74,0.0,394,304970,买盘,002716,2025-10-17 22:50:10
10:05:15,7.74,0.0,611,473319,卖盘,002716,2025-10-17 22:50:10
10:05:18,7.73,-0.01,266,205839,卖盘,002716,2025-10-17 22:50:10
10:05:21,7.74,0.01,405,313462,买盘,002716,2025-10-17 22:50:10
10:05:24,7.74,0.0,768,594388,买盘,002716,2025-10-17 22:50:10
10:05:27,7.74,0.0,60,46460,卖盘,002716,2025-10-17 22:50:10
10:05:30,7.74,0.0,35,27095,卖盘,002716,2025-10-17 22:50:10
10:05:33,7.75,0.01,214,165713,买盘,002716,2025-10-17 22:50:10
10:05:36,7.74,-0.01,240,185853,卖盘,002716,2025-10-17 22:50:10
10:05:39,7.75,0.01,8,6195,买盘,002716,2025-10-17 22:50:10
10:05:42,7.74,-0.01,132,102252,卖盘,002716,2025-10-17 22:50:10
10:05:45,7.75,0.01,62,48037,买盘,002716,2025-10-17 22:50:10
10:05:48,7.75,0.0,54,41816,买盘,002716,2025-10-17 22:50:10
10:05:51,7.74,-0.01,119,92169,卖盘,002716,2025-10-17 22:50:10
10:05:54,7.75,0.01,557,431675,买盘,002716,2025-10-17 22:50:10
10:05:57,7.75,0.0,73,56575,卖盘,002716,2025-10-17 22:50:10
10:06:00,7.75,0.0,202,156622,卖盘,002716,2025-10-17 22:50:10
10:06:03,7.75,0.0,343,265858,卖盘,002716,2025-10-17 22:50:10
10:06:06,7.76,0.01,251,194676,买盘,002716,2025-10-17 22:50:10
10:06:09,7.74,-0.02,1169,905984,卖盘,002716,2025-10-17 22:50:10
10:06:12,7.74,0.0,608,470719,卖盘,002716,2025-10-17 22:50:10
10:06:15,7.75,0.01,154,119318,买盘,002716,2025-10-17 22:50:10
10:06:18,7.74,-0.01,233,180544,卖盘,002716,2025-10-17 22:50:10
10:06:21,7.75,0.01,87,67412,买盘,002716,2025-10-17 22:50:10
10:06:24,7.75,0.0,140,108484,买盘,002716,2025-10-17 22:50:10
10:06:27,7.75,0.0,139,107725,买盘,002716,2025-10-17 22:50:10
10:06:30,7.74,-0.01,227,175860,卖盘,002716,2025-10-17 22:50:10
10:06:33,7.75,0.01,692,536281,买盘,002716,2025-10-17 22:50:10
10:06:36,7.75,0.0,90,69733,买盘,002716,2025-10-17 22:50:10
10:06:39,7.75,0.0,167,129416,买盘,002716,2025-10-17 22:50:10
10:06:42,7.74,-0.01,392,303730,卖盘,002716,2025-10-17 22:50:10
10:06:45,7.75,0.01,439,340058,买盘,002716,2025-10-17 22:50:10
10:06:48,7.75,0.0,331,256496,买盘,002716,2025-10-17 22:50:10
10:06:51,7.75,0.0,164,127089,买盘,002716,2025-10-17 22:50:10
10:06:54,7.75,0.0,568,439905,买盘,002716,2025-10-17 22:50:10
10:06:57,7.75,0.0,127,98370,买盘,002716,2025-10-17 22:50:10
10:07:00,7.74,-0.01,1009,781894,卖盘,002716,2025-10-17 22:50:10
10:07:03,7.75,0.01,397,307635,买盘,002716,2025-10-17 22:50:10
10:07:06,7.75,0.0,357,276441,买盘,002716,2025-10-17 22:50:10
10:07:09,7.74,-0.01,155,120116,卖盘,002716,2025-10-17 22:50:10
10:07:12,7.75,0.01,134,103838,买盘,002716,2025-10-17 22:50:10
10:07:15,7.75,0.0,950,735561,买盘,002716,2025-10-17 22:50:10
10:07:18,7.74,-0.01,331,256416,卖盘,002716,2025-10-17 22:50:10
10:07:21,7.75,0.01,118,91347,买盘,002716,2025-10-17 22:50:10
10:07:24,7.74,-0.01,122,94459,卖盘,002716,2025-10-17 22:50:10
10:07:27,7.75,0.01,174,134844,买盘,002716,2025-10-17 22:50:10
10:07:30,7.75,0.0,127,98402,买盘,002716,2025-10-17 22:50:10
10:07:33,7.75,0.0,78,60438,买盘,002716,2025-10-17 22:50:10
10:07:36,7.75,0.0,88,68182,买盘,002716,2025-10-17 22:50:10
10:07:39,7.75,0.0,1334,1033706,买盘,002716,2025-10-17 22:50:10
10:07:42,7.75,0.0,31,24025,卖盘,002716,2025-10-17 22:50:10
10:07:45,7.75,0.0,11,8525,卖盘,002716,2025-10-17 22:50:10
10:07:48,7.76,0.01,199,154299,买盘,002716,2025-10-17 22:50:10
10:07:51,7.75,-0.01,79,61257,卖盘,002716,2025-10-17 22:50:10
10:07:54,7.76,0.01,619,480343,买盘,002716,2025-10-17 22:50:10
10:07:57,7.76,0.0,172,133404,买盘,002716,2025-10-17 22:50:10
10:08:00,7.76,0.0,141,109407,买盘,002716,2025-10-17 22:50:10
10:08:03,7.76,0.0,346,268454,买盘,002716,2025-10-17 22:50:10
10:08:06,7.76,0.0,157,121781,买盘,002716,2025-10-17 22:50:10
10:08:09,7.76,0.0,299,231779,买盘,002716,2025-10-17 22:50:10
10:08:12,7.75,-0.01,46,35663,卖盘,002716,2025-10-17 22:50:10
10:08:15,7.75,0.0,5094,3944455,卖盘,002716,2025-10-17 22:50:10
10:08:18,7.74,-0.01,303,234802,中性盘,002716,2025-10-17 22:50:10
10:08:21,7.74,0.0,137,106162,卖盘,002716,2025-10-17 22:50:10
10:08:24,7.74,0.0,447,346116,卖盘,002716,2025-10-17 22:50:10
10:08:27,7.74,0.0,85,65790,买盘,002716,2025-10-17 22:50:10
10:08:30,7.73,-0.01,177,136840,卖盘,002716,2025-10-17 22:50:10
10:08:33,7.74,0.01,383,296416,买盘,002716,2025-10-17 22:50:10
10:08:36,7.73,-0.01,197,152367,卖盘,002716,2025-10-17 22:50:10
10:08:39,7.74,0.01,389,301052,买盘,002716,2025-10-17 22:50:10
10:08:42,7.74,0.0,25,19350,买盘,002716,2025-10-17 22:50:10
10:08:45,7.75,0.01,324,250977,买盘,002716,2025-10-17 22:50:10
10:08:48,7.74,-0.01,117,90622,卖盘,002716,2025-10-17 22:50:10
10:08:51,7.74,0.0,634,490730,卖盘,002716,2025-10-17 22:50:10
10:08:54,7.74,0.0,244,188863,买盘,002716,2025-10-17 22:50:10
10:08:57,7.74,0.0,228,176419,卖盘,002716,2025-10-17 22:50:10
10:09:00,7.74,0.0,527,407896,买盘,002716,2025-10-17 22:50:10
10:09:03,7.74,0.0,71,54928,买盘,002716,2025-10-17 22:50:10
10:09:06,7.74,0.0,265,205056,卖盘,002716,2025-10-17 22:50:10
10:09:09,7.74,0.0,278,215192,卖盘,002716,2025-10-17 22:50:10
10:09:12,7.75,0.01,709,548179,买盘,002716,2025-10-17 22:50:10
10:09:15,7.74,-0.01,83,64243,卖盘,002716,2025-10-17 22:50:10
10:09:18,7.74,0.0,57,44135,卖盘,002716,2025-10-17 22:50:10
10:09:21,7.75,0.01,25,19351,买盘,002716,2025-10-17 22:50:10
10:09:24,7.74,-0.01,51,39516,卖盘,002716,2025-10-17 22:50:10
10:09:27,7.74,0.0,51,39501,卖盘,002716,2025-10-17 22:50:10
10:09:30,7.75,0.01,59,45710,买盘,002716,2025-10-17 22:50:10
10:09:33,7.75,0.0,724,560391,买盘,002716,2025-10-17 22:50:10
10:09:36,7.75,0.0,30,23243,买盘,002716,2025-10-17 22:50:10
10:09:39,7.75,0.0,256,198174,买盘,002716,2025-10-17 22:50:10
10:09:42,7.74,-0.01,269,208457,卖盘,002716,2025-10-17 22:50:10
10:09:45,7.75,0.01,1163,901106,买盘,002716,2025-10-17 22:50:10
10:09:48,7.75,0.0,2,1550,卖盘,002716,2025-10-17 22:50:10
10:09:51,7.76,0.01,284,220168,买盘,002716,2025-10-17 22:50:10
10:09:54,7.76,0.0,2030,1575244,买盘,002716,2025-10-17 22:50:10
10:09:57,7.76,0.0,478,371303,卖盘,002716,2025-10-17 22:50:10
10:10:00,7.76,0.0,349,271142,卖盘,002716,2025-10-17 22:50:10
10:10:03,7.76,0.0,66,51233,卖盘,002716,2025-10-17 22:50:10
10:10:06,7.77,0.01,454,352403,买盘,002716,2025-10-17 22:50:10
10:10:09,7.77,0.0,152,118104,买盘,002716,2025-10-17 22:50:10
10:10:12,7.77,0.0,49,38073,买盘,002716,2025-10-17 22:50:10
10:10:15,7.77,0.0,347,269570,买盘,002716,2025-10-17 22:50:10
10:10:18,7.78,0.01,1559,1211131,买盘,002716,2025-10-17 22:50:10
10:10:21,7.78,0.0,118,91769,买盘,002716,2025-10-17 22:50:10
10:10:24,7.78,0.0,205,159460,买盘,002716,2025-10-17 22:50:10
10:10:27,7.79,0.01,329,255969,买盘,002716,2025-10-17 22:50:10
10:10:30,7.79,0.0,92,71656,买盘,002716,2025-10-17 22:50:10
10:10:33,7.79,0.0,73,56867,买盘,002716,2025-10-17 22:50:10
10:10:36,7.79,0.0,814,634106,买盘,002716,2025-10-17 22:50:10
10:10:39,7.79,0.0,499,388727,买盘,002716,2025-10-17 22:50:10
10:10:42,7.79,0.0,44,34291,卖盘,002716,2025-10-17 22:50:10
10:10:45,7.8,0.01,169,131758,买盘,002716,2025-10-17 22:50:10
10:10:48,7.8,0.0,1260,982525,买盘,002716,2025-10-17 22:50:10
10:10:51,7.79,-0.01,694,540974,卖盘,002716,2025-10-17 22:50:10
10:10:54,7.8,0.01,375,292412,买盘,002716,2025-10-17 22:50:10
10:10:57,7.8,0.0,359,280008,买盘,002716,2025-10-17 22:50:10
10:11:00,7.8,0.0,392,305647,买盘,002716,2025-10-17 22:50:10
10:11:03,7.8,0.0,1388,1081673,买盘,002716,2025-10-17 22:50:10
10:11:06,7.8,0.0,682,531888,买盘,002716,2025-10-17 22:50:10
10:11:09,7.8,0.0,375,292431,买盘,002716,2025-10-17 22:50:10
10:11:12,7.79,-0.01,344,268196,卖盘,002716,2025-10-17 22:50:10
10:11:15,7.8,0.01,287,223741,买盘,002716,2025-10-17 22:50:10
10:11:18,7.8,0.0,222,173019,买盘,002716,2025-10-17 22:50:10
10:11:21,7.79,-0.01,267,208188,卖盘,002716,2025-10-17 22:50:10
10:11:24,7.79,0.0,308,240028,卖盘,002716,2025-10-17 22:50:10
10:11:27,7.79,0.0,553,431269,卖盘,002716,2025-10-17 22:50:10
10:11:30,7.79,0.0,179,139441,买盘,002716,2025-10-17 22:50:10
10:11:33,7.79,0.0,106,82573,买盘,002716,2025-10-17 22:50:10
10:11:36,7.78,-0.01,549,427649,卖盘,002716,2025-10-17 22:50:10
10:11:39,7.79,0.01,182,141761,买盘,002716,2025-10-17 22:50:10
10:11:42,7.78,-0.01,140,109028,卖盘,002716,2025-10-17 22:50:10
10:11:45,7.79,0.01,267,207853,买盘,002716,2025-10-17 22:50:10
10:11:48,7.79,0.0,395,307705,买盘,002716,2025-10-17 22:50:10
10:11:51,7.79,0.0,225,175257,买盘,002716,2025-10-17 22:50:10
10:11:54,7.78,-0.01,770,599406,卖盘,002716,2025-10-17 22:50:10
10:11:57,7.78,0.0,540,420452,卖盘,002716,2025-10-17 22:50:10
10:12:00,7.79,0.01,188,146408,买盘,002716,2025-10-17 22:50:10
10:12:03,7.78,-0.01,133,103557,卖盘,002716,2025-10-17 22:50:10
10:12:06,7.79,0.01,679,529088,买盘,002716,2025-10-17 22:50:10
10:12:09,7.78,-0.01,828,644089,卖盘,002716,2025-10-17 22:50:10
10:12:12,7.78,0.0,221,171920,买盘,002716,2025-10-17 22:50:10
10:12:15,7.78,0.0,136,105764,买盘,002716,2025-10-17 22:50:10
10:12:18,7.77,-0.01,773,600669,卖盘,002716,2025-10-17 22:50:10
10:12:21,7.77,0.0,109,84685,买盘,002716,2025-10-17 22:50:10
10:12:24,7.77,0.0,64,49721,买盘,002716,2025-10-17 22:50:10
10:12:27,7.77,0.0,63,48924,买盘,002716,2025-10-17 22:50:10
10:12:30,7.76,-0.01,330,256198,卖盘,002716,2025-10-17 22:50:10
10:12:33,7.76,0.0,414,321394,卖盘,002716,2025-10-17 22:50:10
10:12:36,7.76,0.0,137,106349,卖盘,002716,2025-10-17 22:50:10
10:12:39,7.77,0.01,199,154487,买盘,002716,2025-10-17 22:50:10
10:12:42,7.76,-0.01,90,69929,卖盘,002716,2025-10-17 22:50:10
10:12:45,7.77,0.01,58,45065,买盘,002716,2025-10-17 22:50:10
10:12:48,7.77,0.0,93,72322,买盘,002716,2025-10-17 22:50:10
10:12:51,7.78,0.01,626,486149,买盘,002716,2025-10-17 22:50:10
10:12:54,7.77,-0.01,394,306138,卖盘,002716,2025-10-17 22:50:10
10:12:57,7.77,0.0,2473,1920826,卖盘,002716,2025-10-17 22:50:10
10:13:00,7.78,0.01,124,96378,买盘,002716,2025-10-17 22:50:10
10:13:03,7.78,0.0,1476,1148232,买盘,002716,2025-10-17 22:50:10
10:13:06,7.78,0.0,53,41219,卖盘,002716,2025-10-17 22:50:10
10:13:09,7.78,0.0,56,43568,卖盘,002716,2025-10-17 22:50:10
10:13:12,7.79,0.01,1031,803571,买盘,002716,2025-10-17 22:50:10
10:13:15,7.79,0.0,165,128270,卖盘,002716,2025-10-17 22:50:10
10:13:18,7.78,-0.01,56,43889,卖盘,002716,2025-10-17 22:50:10
10:13:21,7.79,0.01,139,108419,卖盘,002716,2025-10-17 22:50:10
10:13:24,7.8,0.01,68,53036,买盘,002716,2025-10-17 22:50:10
10:13:27,7.8,0.0,152,118560,买盘,002716,2025-10-17 22:50:10
10:13:30,7.79,-0.01,282,219943,卖盘,002716,2025-10-17 22:50:10
10:13:33,7.8,0.01,1530,1193368,买盘,002716,2025-10-17 22:50:10
10:13:36,7.8,0.0,206,160619,买盘,002716,2025-10-17 22:50:10
10:13:39,7.79,-0.01,1171,913253,卖盘,002716,2025-10-17 22:50:10
10:13:42,7.8,0.01,1676,1307280,买盘,002716,2025-10-17 22:50:10
10:13:45,7.8,0.0,104,81138,卖盘,002716,2025-10-17 22:50:10
10:13:48,7.81,0.01,347,270856,买盘,002716,2025-10-17 22:50:10
10:13:51,7.8,-0.01,159,124166,卖盘,002716,2025-10-17 22:50:10
10:13:54,7.81,0.01,171,133483,买盘,002716,2025-10-17 22:50:10
10:13:57,7.81,0.0,386,301329,买盘,002716,2025-10-17 22:50:10
10:14:00,7.81,0.0,1293,1009763,买盘,002716,2025-10-17 22:50:10
10:14:03,7.81,0.0,1945,1519118,买盘,002716,2025-10-17 22:50:10
10:14:06,7.8,-0.01,307,239744,卖盘,002716,2025-10-17 22:50:10
10:14:09,7.81,0.01,236,184389,买盘,002716,2025-10-17 22:50:10
10:14:12,7.81,0.0,145,113227,卖盘,002716,2025-10-17 22:50:10
10:14:15,7.81,0.0,318,248359,卖盘,002716,2025-10-17 22:50:10
10:14:18,7.81,0.0,129,100769,卖盘,002716,2025-10-17 22:50:10
10:14:21,7.82,0.01,641,500788,买盘,002716,2025-10-17 22:50:10
10:14:24,7.82,0.0,428,334499,买盘,002716,2025-10-17 22:50:10
10:14:27,7.79,-0.03,4102,3200642,卖盘,002716,2025-10-17 22:50:10
10:14:30,7.8,0.01,105,81947,买盘,002716,2025-10-17 22:50:10
10:14:33,7.79,-0.01,210,163691,中性盘,002716,2025-10-17 22:50:10
10:14:36,7.79,0.0,681,530846,卖盘,002716,2025-10-17 22:50:10
10:14:39,7.8,0.01,496,386550,买盘,002716,2025-10-17 22:50:10
10:14:42,7.8,0.0,47,36660,买盘,002716,2025-10-17 22:50:10
10:14:45,7.8,0.0,146,113850,买盘,002716,2025-10-17 22:50:10
10:14:48,7.8,0.0,180,140386,买盘,002716,2025-10-17 22:50:10
10:14:51,7.8,0.0,374,291633,买盘,002716,2025-10-17 22:50:10
10:14:54,7.8,0.0,280,218385,买盘,002716,2025-10-17 22:50:10
10:14:57,7.8,0.0,858,669083,买盘,002716,2025-10-17 22:50:10
10:15:00,7.8,0.0,310,241521,买盘,002716,2025-10-17 22:50:10
10:15:03,7.8,0.0,167,130160,买盘,002716,2025-10-17 22:50:10
10:15:06,7.79,-0.01,331,258153,卖盘,002716,2025-10-17 22:50:10
10:15:09,7.79,0.0,148,115416,卖盘,002716,2025-10-17 22:50:10
10:15:12,7.79,0.0,46,35838,卖盘,002716,2025-10-17 22:50:10
10:15:15,7.79,0.0,100,77947,卖盘,002716,2025-10-17 22:50:10
10:15:18,7.8,0.01,120,93492,买盘,002716,2025-10-17 22:50:10
10:15:21,7.8,0.0,258,201002,买盘,002716,2025-10-17 22:50:10
10:15:24,7.79,-0.01,1301,1013479,卖盘,002716,2025-10-17 22:50:10
10:15:27,7.79,0.0,157,122288,买盘,002716,2025-10-17 22:50:10
10:15:30,7.78,-0.01,175,136298,卖盘,002716,2025-10-17 22:50:10
10:15:33,7.78,0.0,70,54516,卖盘,002716,2025-10-17 22:50:10
10:15:36,7.78,0.0,114,88745,卖盘,002716,2025-10-17 22:50:10
10:15:39,7.78,0.0,90,70021,卖盘,002716,2025-10-17 22:50:10
10:15:42,7.78,0.0,77,59936,卖盘,002716,2025-10-17 22:50:10
10:15:45,7.78,0.0,611,475931,卖盘,002716,2025-10-17 22:50:10
10:15:48,7.78,0.0,297,231067,卖盘,002716,2025-10-17 22:50:10
10:15:51,7.78,0.0,186,144758,卖盘,002716,2025-10-17 22:50:10
10:15:54,7.78,0.0,460,358119,卖盘,002716,2025-10-17 22:50:10
10:15:57,7.79,0.01,88,68536,买盘,002716,2025-10-17 22:50:10
10:16:00,7.79,0.0,235,182831,买盘,002716,2025-10-17 22:50:10
10:16:03,7.78,-0.01,178,138526,卖盘,002716,2025-10-17 22:50:10
10:16:06,7.79,0.01,35,27246,买盘,002716,2025-10-17 22:50:10
10:16:09,7.79,0.0,89,69311,买盘,002716,2025-10-17 22:50:10
10:16:12,7.78,-0.01,87,67749,卖盘,002716,2025-10-17 22:50:10
10:16:15,7.78,0.0,6,4668,卖盘,002716,2025-10-17 22:50:10
10:16:18,7.78,0.0,56,43581,卖盘,002716,2025-10-17 22:50:10
10:16:21,7.78,0.0,133,103581,卖盘,002716,2025-10-17 22:50:10
10:16:24,7.78,0.0,107,83314,卖盘,002716,2025-10-17 22:50:10
10:16:27,7.78,0.0,144,112043,卖盘,002716,2025-10-17 22:50:10
10:16:30,7.79,0.01,131,101970,买盘,002716,2025-10-17 22:50:10
10:16:33,7.78,-0.01,442,344314,卖盘,002716,2025-10-17 22:50:10
10:16:36,7.79,0.01,151,117629,买盘,002716,2025-10-17 22:50:10
10:16:39,7.78,-0.01,36,28030,卖盘,002716,2025-10-17 22:50:10
10:16:42,7.78,0.0,121,94227,卖盘,002716,2025-10-17 22:50:10
10:16:45,7.79,0.01,104,80954,买盘,002716,2025-10-17 22:50:10
10:16:48,7.79,0.0,7,5453,买盘,002716,2025-10-17 22:50:10
10:16:51,7.78,-0.01,679,527997,卖盘,002716,2025-10-17 22:50:10
10:16:54,7.78,0.0,92,71576,买盘,002716,2025-10-17 22:50:10
10:16:57,7.78,0.0,12,9335,买盘,002716,2025-10-17 22:50:10
10:17:00,7.78,0.0,50,38876,买盘,002716,2025-10-17 22:50:10
10:17:03,7.78,0.0,426,331285,买盘,002716,2025-10-17 22:50:10
10:17:06,7.78,0.0,312,242565,卖盘,002716,2025-10-17 22:50:10
10:17:09,7.78,0.0,117,90958,卖盘,002716,2025-10-17 22:50:10
10:17:12,7.79,0.01,464,361409,买盘,002716,2025-10-17 22:50:10
10:17:15,7.78,-0.01,59,45900,中性盘,002716,2025-10-17 22:50:10
10:17:18,7.78,0.0,57,44346,买盘,002716,2025-10-17 22:50:10
10:17:21,7.78,0.0,38,29564,卖盘,002716,2025-10-17 22:50:10
10:17:24,7.79,0.01,213,165731,买盘,002716,2025-10-17 22:50:10
10:17:27,7.78,-0.01,124,96532,卖盘,002716,2025-10-17 22:50:10
10:17:30,7.78,0.0,23,17910,卖盘,002716,2025-10-17 22:50:10
10:17:33,7.79,0.01,191,148708,买盘,002716,2025-10-17 22:50:10
10:17:36,7.78,-0.01,6,4669,卖盘,002716,2025-10-17 22:50:10
10:17:39,7.78,0.0,30,23363,卖盘,002716,2025-10-17 22:50:10
10:17:42,7.78,0.0,242,188287,卖盘,002716,2025-10-17 22:50:10
10:17:45,7.78,0.0,149,115936,卖盘,002716,2025-10-17 22:50:10
10:17:48,7.78,0.0,43,33475,买盘,002716,2025-10-17 22:50:10
10:17:51,7.78,0.0,106,82468,买盘,002716,2025-10-17 22:50:10
10:17:54,7.78,0.0,482,375241,卖盘,002716,2025-10-17 22:50:10
10:17:57,7.79,0.01,51,39723,买盘,002716,2025-10-17 22:50:10
10:18:00,7.79,0.0,70,54499,买盘,002716,2025-10-17 22:50:10
10:18:03,7.79,0.0,166,129253,买盘,002716,2025-10-17 22:50:10
10:18:06,7.78,-0.01,136,105877,卖盘,002716,2025-10-17 22:50:10
10:18:09,7.79,0.01,18,14021,买盘,002716,2025-10-17 22:50:10
10:18:12,7.78,-0.01,35,27251,卖盘,002716,2025-10-17 22:50:10
10:18:15,7.78,0.0,25,19458,卖盘,002716,2025-10-17 22:50:10
10:18:18,7.78,0.0,58,45130,卖盘,002716,2025-10-17 22:50:10
10:18:21,7.78,0.0,85,66130,卖盘,002716,2025-10-17 22:50:10
10:18:24,7.78,0.0,180,140041,卖盘,002716,2025-10-17 22:50:10
10:18:27,7.78,0.0,184,143199,卖盘,002716,2025-10-17 22:50:10
10:18:30,7.79,0.01,1347,1047945,买盘,002716,2025-10-17 22:50:10
10:18:33,7.78,-0.01,252,196082,卖盘,002716,2025-10-17 22:50:10
10:18:36,7.78,0.0,465,361770,卖盘,002716,2025-10-17 22:50:10
10:18:39,7.78,0.0,123,95687,买盘,002716,2025-10-17 22:50:10
10:18:42,7.78,0.0,21,16331,买盘,002716,2025-10-17 22:50:10
10:18:45,7.78,0.0,46,35786,买盘,002716,2025-10-17 22:50:10
10:18:48,7.78,0.0,142,110473,买盘,002716,2025-10-17 22:50:10
10:18:51,7.78,0.0,215,167213,买盘,002716,2025-10-17 22:50:10
10:18:54,7.78,0.0,55,42788,买盘,002716,2025-10-17 22:50:10
10:18:57,7.77,-0.01,100,77725,卖盘,002716,2025-10-17 22:50:10
10:19:00,7.77,0.0,158,122886,卖盘,002716,2025-10-17 22:50:10
10:19:03,7.77,0.0,260,202096,卖盘,002716,2025-10-17 22:50:10
10:19:06,7.77,0.0,277,215405,卖盘,002716,2025-10-17 22:50:10
10:19:09,7.77,0.0,129,100253,卖盘,002716,2025-10-17 22:50:10
10:19:12,7.78,0.01,208,161622,买盘,002716,2025-10-17 22:50:10
10:19:15,7.78,0.0,169,131462,买盘,002716,2025-10-17 22:50:10
10:19:18,7.77,-0.01,104,80864,卖盘,002716,2025-10-17 22:50:10
10:19:21,7.78,0.01,106,82458,买盘,002716,2025-10-17 22:50:10
10:19:24,7.77,-0.01,32,24869,卖盘,002716,2025-10-17 22:50:10
10:19:27,7.77,0.0,70,54421,卖盘,002716,2025-10-17 22:50:10
10:19:30,7.78,0.01,184,142971,买盘,002716,2025-10-17 22:50:10
10:19:33,7.78,0.0,185,143809,买盘,002716,2025-10-17 22:50:10
10:19:36,7.77,-0.01,203,157734,卖盘,002716,2025-10-17 22:50:10
10:19:39,7.78,0.01,566,439814,买盘,002716,2025-10-17 22:50:10
10:19:42,7.78,0.0,179,139114,买盘,002716,2025-10-17 22:50:10
10:19:45,7.77,-0.01,93,72323,卖盘,002716,2025-10-17 22:50:10
10:19:48,7.77,0.0,133,103411,卖盘,002716,2025-10-17 22:50:10
10:19:51,7.78,0.01,242,188232,买盘,002716,2025-10-17 22:50:10
10:19:54,7.77,-0.01,212,164729,卖盘,002716,2025-10-17 22:50:10
10:19:57,7.77,0.0,78,60663,卖盘,002716,2025-10-17 22:50:10
10:20:00,7.77,0.0,628,487981,卖盘,002716,2025-10-17 22:50:10
10:20:03,7.77,0.0,236,183342,买盘,002716,2025-10-17 22:50:10
10:20:06,7.77,0.0,42,32633,买盘,002716,2025-10-17 22:50:10
10:20:09,7.77,0.0,322,250192,买盘,002716,2025-10-17 22:50:10
10:20:12,7.77,0.0,73,56720,买盘,002716,2025-10-17 22:50:10
10:20:15,7.76,-0.01,103,79967,卖盘,002716,2025-10-17 22:50:10
10:20:18,7.76,0.0,146,113304,卖盘,002716,2025-10-17 22:50:10
10:20:21,7.77,0.01,1974,1531894,买盘,002716,2025-10-17 22:50:10
10:20:24,7.76,-0.01,32,24844,卖盘,002716,2025-10-17 22:50:10
10:20:27,7.77,0.01,140,108691,买盘,002716,2025-10-17 22:50:10
10:20:30,7.76,-0.01,620,481188,卖盘,002716,2025-10-17 22:50:10
10:20:33,7.76,0.0,269,208750,卖盘,002716,2025-10-17 22:50:10
10:20:36,7.76,0.0,70,54336,卖盘,002716,2025-10-17 22:50:10
10:20:39,7.77,0.01,84,65235,买盘,002716,2025-10-17 22:50:10
10:20:42,7.76,-0.01,52,40378,卖盘,002716,2025-10-17 22:50:10
10:20:45,7.76,0.0,132,102449,卖盘,002716,2025-10-17 22:50:10
10:20:48,7.76,0.0,71,55096,卖盘,002716,2025-10-17 22:50:10
10:20:51,7.76,0.0,188,145888,卖盘,002716,2025-10-17 22:50:10
10:20:54,7.76,0.0,94,72949,卖盘,002716,2025-10-17 22:50:10
10:20:57,7.76,0.0,18,13977,卖盘,002716,2025-10-17 22:50:10
10:21:00,7.76,0.0,41,31827,卖盘,002716,2025-10-17 22:50:10
10:21:03,7.76,0.0,81,62856,卖盘,002716,2025-10-17 22:50:10
10:21:06,7.76,0.0,85,65960,卖盘,002716,2025-10-17 22:50:10
10:21:09,7.77,0.01,125,97027,买盘,002716,2025-10-17 22:50:10
10:21:12,7.77,0.0,56,43463,买盘,002716,2025-10-17 22:50:10
10:21:15,7.76,-0.01,22,17072,卖盘,002716,2025-10-17 22:50:10
10:21:18,7.76,0.0,29,22514,卖盘,002716,2025-10-17 22:50:10
10:21:21,7.76,0.0,206,160013,卖盘,002716,2025-10-17 22:50:10
10:21:24,7.76,0.0,52,40354,卖盘,002716,2025-10-17 22:50:10
10:21:27,7.77,0.01,216,167798,买盘,002716,2025-10-17 22:50:10
10:21:30,7.77,0.0,38,29510,买盘,002716,2025-10-17 22:50:10
10:21:33,7.76,-0.01,50,38816,卖盘,002716,2025-10-17 22:50:10
10:21:36,7.76,0.0,233,180930,卖盘,002716,2025-10-17 22:50:10
10:21:39,7.77,0.01,796,618333,买盘,002716,2025-10-17 22:50:10
10:21:42,7.77,0.0,945,733335,买盘,002716,2025-10-17 22:50:10
10:21:45,7.77,0.0,772,599995,买盘,002716,2025-10-17 22:50:10
10:21:48,7.77,0.0,16,12432,卖盘,002716,2025-10-17 22:50:10
10:21:51,7.77,0.0,226,175602,卖盘,002716,2025-10-17 22:50:10
10:21:54,7.77,0.0,85,66023,买盘,002716,2025-10-17 22:50:10
10:21:57,7.77,0.0,335,260625,卖盘,002716,2025-10-17 22:50:10
10:22:00,7.77,0.0,13,10104,卖盘,002716,2025-10-17 22:50:10
10:22:03,7.77,0.0,105,81615,卖盘,002716,2025-10-17 22:50:10
10:22:06,7.77,0.0,458,355866,卖盘,002716,2025-10-17 22:50:10
10:22:09,7.77,0.0,11,8548,卖盘,002716,2025-10-17 22:50:10
10:22:12,7.78,0.01,62,48206,买盘,002716,2025-10-17 22:50:10
10:22:15,7.77,-0.01,75,58042,买盘,002716,2025-10-17 22:50:10
10:22:18,7.78,0.01,6,4665,买盘,002716,2025-10-17 22:50:10
10:22:21,7.77,-0.01,20,15557,卖盘,002716,2025-10-17 22:50:10
10:22:24,7.78,0.01,66,51284,买盘,002716,2025-10-17 22:50:10
10:22:27,7.78,0.0,5,3890,买盘,002716,2025-10-17 22:50:10
10:22:30,7.78,0.0,101,78516,买盘,002716,2025-10-17 22:50:10
10:22:33,7.77,-0.01,416,323443,卖盘,002716,2025-10-17 22:50:10
10:22:36,7.78,0.01,43,33454,买盘,002716,2025-10-17 22:50:10
10:22:39,7.78,0.0,80,62236,买盘,002716,2025-10-17 22:50:10
10:22:42,7.78,0.0,34,26452,买盘,002716,2025-10-17 22:50:10
10:22:45,7.78,0.0,82,63759,买盘,002716,2025-10-17 22:50:10
10:22:48,7.78,0.0,599,466019,买盘,002716,2025-10-17 22:50:10
10:22:51,7.79,0.01,67,52132,买盘,002716,2025-10-17 22:50:10
10:22:54,7.78,-0.01,8,6225,卖盘,002716,2025-10-17 22:50:10
10:22:57,7.78,0.0,78,60715,卖盘,002716,2025-10-17 22:50:10
10:23:00,7.78,0.0,191,148631,卖盘,002716,2025-10-17 22:50:10
10:23:03,7.79,0.01,280,218050,买盘,002716,2025-10-17 22:50:10
10:23:06,7.79,0.0,442,344016,买盘,002716,2025-10-17 22:50:10
10:23:09,7.79,0.0,98,76283,买盘,002716,2025-10-17 22:50:10
10:23:12,7.79,0.0,201,156558,买盘,002716,2025-10-17 22:50:10
10:23:15,7.78,-0.01,221,171942,卖盘,002716,2025-10-17 22:50:10
10:23:18,7.79,0.01,288,224289,买盘,002716,2025-10-17 22:50:10
10:23:21,7.79,0.0,196,152569,买盘,002716,2025-10-17 22:50:10
10:23:24,7.79,0.0,148,115250,买盘,002716,2025-10-17 22:50:10
10:23:27,7.78,-0.01,250,194643,卖盘,002716,2025-10-17 22:50:10
10:23:30,7.78,0.0,118,91830,卖盘,002716,2025-10-17 22:50:10
10:23:33,7.79,0.01,77,59962,买盘,002716,2025-10-17 22:50:10
10:23:36,7.79,0.0,246,191622,买盘,002716,2025-10-17 22:50:10
10:23:39,7.79,0.0,79,61517,买盘,002716,2025-10-17 22:50:10
10:23:42,7.79,0.0,158,122974,买盘,002716,2025-10-17 22:50:10
10:23:45,7.79,0.0,210,163547,买盘,002716,2025-10-17 22:50:10
10:23:48,7.79,0.0,59,45909,买盘,002716,2025-10-17 22:50:10
10:23:51,7.79,0.0,202,157356,买盘,002716,2025-10-17 22:50:10
10:23:54,7.79,0.0,49,38124,买盘,002716,2025-10-17 22:50:10
10:23:57,7.79,0.0,214,166661,买盘,002716,2025-10-17 22:50:10
10:24:00,7.78,-0.01,554,431133,卖盘,002716,2025-10-17 22:50:10
10:24:03,7.79,0.01,483,375801,买盘,002716,2025-10-17 22:50:10
10:24:06,7.79,0.0,808,629026,买盘,002716,2025-10-17 22:50:10
10:24:09,7.78,-0.01,2640,2052922,卖盘,002716,2025-10-17 22:50:10
10:24:12,7.78,0.0,20,15560,买盘,002716,2025-10-17 22:50:10
10:24:15,7.78,0.0,31,24118,买盘,002716,2025-10-17 22:50:10
10:24:18,7.78,0.0,210,163379,买盘,002716,2025-10-17 22:50:10
10:24:21,7.77,-0.01,106,82416,卖盘,002716,2025-10-17 22:50:10
10:24:24,7.78,0.01,142,110443,买盘,002716,2025-10-17 22:50:10
10:24:27,7.78,0.0,142,110458,买盘,002716,2025-10-17 22:50:10
10:24:30,7.78,0.0,1054,818914,买盘,002716,2025-10-17 22:50:10
10:24:33,7.76,-0.02,327,254366,卖盘,002716,2025-10-17 22:50:10
10:24:36,7.77,0.01,180,139811,买盘,002716,2025-10-17 22:50:10
10:24:39,7.77,0.0,63,48966,卖盘,002716,2025-10-17 22:50:10
10:24:42,7.77,0.0,6,4662,买盘,002716,2025-10-17 22:50:10
10:24:45,7.77,0.0,50,38850,卖盘,002716,2025-10-17 22:50:10
10:24:48,7.77,0.0,253,196593,卖盘,002716,2025-10-17 22:50:10
10:24:51,7.77,0.0,37,28763,卖盘,002716,2025-10-17 22:50:10
10:24:54,7.77,0.0,425,330243,卖盘,002716,2025-10-17 22:50:10
10:24:57,7.78,0.01,98,76149,买盘,002716,2025-10-17 22:50:10
10:25:00,7.78,0.0,64,49731,买盘,002716,2025-10-17 22:50:10
10:25:03,7.78,0.0,68,52850,买盘,002716,2025-10-17 22:50:10
10:25:06,7.77,-0.01,66,51291,卖盘,002716,2025-10-17 22:50:10
10:25:09,7.77,0.0,51,39662,卖盘,002716,2025-10-17 22:50:10
10:25:12,7.77,0.0,256,198917,卖盘,002716,2025-10-17 22:50:10
10:25:15,7.77,0.0,165,128282,卖盘,002716,2025-10-17 22:50:10
10:25:18,7.77,0.0,276,214455,卖盘,002716,2025-10-17 22:50:10
10:25:21,7.77,0.0,49,38079,卖盘,002716,2025-10-17 22:50:10
10:25:24,7.77,0.0,28,21756,卖盘,002716,2025-10-17 22:50:10
10:25:27,7.76,-0.01,290,225293,卖盘,002716,2025-10-17 22:50:10
10:25:30,7.77,0.01,47,36504,买盘,002716,2025-10-17 22:50:10
10:25:33,7.77,0.0,164,127399,买盘,002716,2025-10-17 22:50:10
10:25:36,7.77,0.0,90,69891,买盘,002716,2025-10-17 22:50:10
10:25:39,7.76,-0.01,27,20975,卖盘,002716,2025-10-17 22:50:10
10:25:42,7.76,0.0,482,374050,卖盘,002716,2025-10-17 22:50:10
10:25:45,7.76,0.0,270,209564,卖盘,002716,2025-10-17 22:50:10
10:25:48,7.76,0.0,91,70628,卖盘,002716,2025-10-17 22:50:10
10:25:51,7.76,0.0,283,219836,卖盘,002716,2025-10-17 22:50:10
10:25:54,7.77,0.01,1547,1200505,买盘,002716,2025-10-17 22:50:10
10:25:57,7.76,-0.01,186,144356,卖盘,002716,2025-10-17 22:50:10
10:26:00,7.77,0.01,125,97024,买盘,002716,2025-10-17 22:50:10
10:26:03,7.76,-0.01,67,52015,卖盘,002716,2025-10-17 22:50:10
10:26:06,7.76,0.0,90,69863,卖盘,002716,2025-10-17 22:50:10
10:26:09,7.77,0.01,412,319836,买盘,002716,2025-10-17 22:50:10
10:26:12,7.77,0.0,54,41935,买盘,002716,2025-10-17 22:50:10
10:26:15,7.77,0.0,211,163857,买盘,002716,2025-10-17 22:50:10
10:26:18,7.77,0.0,39,30285,买盘,002716,2025-10-17 22:50:10
10:26:21,7.77,0.0,386,299562,买盘,002716,2025-10-17 22:50:10
10:26:24,7.77,0.0,51,39619,买盘,002716,2025-10-17 22:50:10
10:26:27,7.77,0.0,369,286383,买盘,002716,2025-10-17 22:50:10
10:26:30,7.77,0.0,646,501927,买盘,002716,2025-10-17 22:50:10
10:26:33,7.77,0.0,320,248632,买盘,002716,2025-10-17 22:50:10
10:26:36,7.77,0.0,59,45822,买盘,002716,2025-10-17 22:50:10
10:26:39,7.77,0.0,50,38816,买盘,002716,2025-10-17 22:50:10
10:26:42,7.77,0.0,83,64491,买盘,002716,2025-10-17 22:50:10
10:26:45,7.77,0.0,101,78428,买盘,002716,2025-10-17 22:50:10
10:26:48,7.77,0.0,496,385392,买盘,002716,2025-10-17 22:50:10
10:26:51,7.76,-0.01,270,209653,卖盘,002716,2025-10-17 22:50:10
10:26:54,7.77,0.01,53,41181,中性盘,002716,2025-10-17 22:50:10
10:26:57,7.76,-0.01,71,55122,卖盘,002716,2025-10-17 22:50:10
10:27:00,7.77,0.01,170,131990,买盘,002716,2025-10-17 22:50:10
10:27:03,7.77,0.0,103,79954,卖盘,002716,2025-10-17 22:50:10
10:27:06,7.77,0.0,50,38850,卖盘,002716,2025-10-17 22:50:10
10:27:09,7.77,0.0,136,105675,卖盘,002716,2025-10-17 22:50:10
10:27:12,7.78,0.01,87,67613,买盘,002716,2025-10-17 22:50:10
10:27:15,7.78,0.0,149,115774,买盘,002716,2025-10-17 22:50:10
10:27:18,7.78,0.0,83,64566,买盘,002716,2025-10-17 22:50:10
10:27:21,7.78,0.0,218,169589,买盘,002716,2025-10-17 22:50:10
10:27:24,7.77,-0.01,156,121347,卖盘,002716,2025-10-17 22:50:10
10:27:27,7.78,0.01,83,64505,买盘,002716,2025-10-17 22:50:10
10:27:30,7.78,0.0,64,49783,买盘,002716,2025-10-17 22:50:10
10:27:33,7.77,-0.01,76,59077,卖盘,002716,2025-10-17 22:50:10
10:27:36,7.78,0.01,59,45897,买盘,002716,2025-10-17 22:50:10
10:27:39,7.78,0.0,11,8556,买盘,002716,2025-10-17 22:50:10
10:27:42,7.77,-0.01,118,91710,卖盘,002716,2025-10-17 22:50:10
10:27:45,7.77,0.0,93,72295,卖盘,002716,2025-10-17 22:50:10
10:27:48,7.77,0.0,85,66095,卖盘,002716,2025-10-17 22:50:10
10:27:51,7.77,0.0,535,415715,卖盘,002716,2025-10-17 22:50:10
10:27:54,7.78,0.01,131,101871,买盘,002716,2025-10-17 22:50:10
10:27:57,7.78,0.0,51,39648,买盘,002716,2025-10-17 22:50:10
10:28:00,7.77,-0.01,397,308485,卖盘,002716,2025-10-17 22:50:10
10:28:03,7.78,0.01,961,746789,买盘,002716,2025-10-17 22:50:10
10:28:06,7.78,0.0,72,55966,买盘,002716,2025-10-17 22:50:10
10:28:09,7.78,0.0,139,107938,买盘,002716,2025-10-17 22:50:10
10:28:12,7.77,-0.01,59,45857,卖盘,002716,2025-10-17 22:50:10
10:28:15,7.78,0.01,15,11670,买盘,002716,2025-10-17 22:50:10
10:28:18,7.77,-0.01,207,160979,卖盘,002716,2025-10-17 22:50:10
10:28:21,7.77,0.0,50,38880,卖盘,002716,2025-10-17 22:50:10
10:28:24,7.78,0.01,223,173370,买盘,002716,2025-10-17 22:50:10
10:28:27,7.77,-0.01,32,24864,卖盘,002716,2025-10-17 22:50:10
10:28:30,7.78,0.01,237,184254,买盘,002716,2025-10-17 22:50:10
10:28:33,7.78,0.0,71,55182,买盘,002716,2025-10-17 22:50:10
10:28:36,7.77,-0.01,192,149182,卖盘,002716,2025-10-17 22:50:10
10:28:39,7.77,0.0,258,200377,买盘,002716,2025-10-17 22:50:10
10:28:42,7.77,0.0,227,176375,买盘,002716,2025-10-17 22:50:10
10:28:45,7.77,0.0,290,225325,买盘,002716,2025-10-17 22:50:10
10:28:48,7.77,0.0,12,9324,买盘,002716,2025-10-17 22:50:10
10:28:51,7.77,0.0,268,208082,买盘,002716,2025-10-17 22:50:10
10:28:54,7.77,0.0,232,180139,买盘,002716,2025-10-17 22:50:10
10:28:57,7.77,0.0,649,504016,买盘,002716,2025-10-17 22:50:10
10:29:00,7.75,-0.02,4466,3465297,卖盘,002716,2025-10-17 22:50:10
10:29:03,7.76,0.01,1362,1055593,买盘,002716,2025-10-17 22:50:10
10:29:06,7.75,-0.01,3016,2337407,卖盘,002716,2025-10-17 22:50:10
10:29:09,7.74,-0.01,2147,1663544,卖盘,002716,2025-10-17 22:50:10
10:29:12,7.75,0.01,103,79757,买盘,002716,2025-10-17 22:50:10
10:29:15,7.75,0.0,49,37965,买盘,002716,2025-10-17 22:50:10
10:29:18,7.74,-0.01,1306,1010849,卖盘,002716,2025-10-17 22:50:10
10:29:21,7.74,0.0,1453,1123195,买盘,002716,2025-10-17 22:50:10
10:29:24,7.74,0.0,107,82818,买盘,002716,2025-10-17 22:50:10
10:29:27,7.74,0.0,114,88236,买盘,002716,2025-10-17 22:50:10
10:29:30,7.74,0.0,274,211890,买盘,002716,2025-10-17 22:50:10
10:29:33,7.74,0.0,899,695513,买盘,002716,2025-10-17 22:50:10
10:29:36,7.73,-0.01,1744,1348586,卖盘,002716,2025-10-17 22:50:10
10:29:39,7.74,0.01,98,75813,买盘,002716,2025-10-17 22:50:10
10:29:42,7.73,-0.01,802,619952,卖盘,002716,2025-10-17 22:50:10
10:29:45,7.72,-0.01,209,161555,卖盘,002716,2025-10-17 22:50:10
10:29:48,7.72,0.0,536,413981,卖盘,002716,2025-10-17 22:50:10
10:29:51,7.72,0.0,173,133641,卖盘,002716,2025-10-17 22:50:10
10:29:54,7.73,0.01,52,40152,买盘,002716,2025-10-17 22:50:10
10:29:57,7.72,-0.01,180,138967,卖盘,002716,2025-10-17 22:50:10
10:30:00,7.72,0.0,233,180016,卖盘,002716,2025-10-17 22:50:10
10:30:03,7.73,0.01,635,490847,买盘,002716,2025-10-17 22:50:10
10:30:06,7.74,0.01,304,234993,买盘,002716,2025-10-17 22:50:10
10:30:09,7.74,0.0,157,121403,买盘,002716,2025-10-17 22:50:10
10:30:12,7.74,0.0,73,56502,买盘,002716,2025-10-17 22:50:10
10:30:15,7.73,-0.01,108,83502,卖盘,002716,2025-10-17 22:50:10
10:30:18,7.73,0.0,346,267631,卖盘,002716,2025-10-17 22:50:10
10:30:21,7.74,0.01,59,45629,买盘,002716,2025-10-17 22:50:10
10:30:24,7.73,-0.01,329,254350,卖盘,002716,2025-10-17 22:50:10
10:30:27,7.74,0.01,71,54954,买盘,002716,2025-10-17 22:50:10
10:30:30,7.73,-0.01,130,100512,卖盘,002716,2025-10-17 22:50:10
10:30:33,7.73,0.0,95,73520,卖盘,002716,2025-10-17 22:50:10
10:30:36,7.74,0.01,156,120743,买盘,002716,2025-10-17 22:50:10
10:30:39,7.73,-0.01,44,34022,卖盘,002716,2025-10-17 22:50:10
10:30:42,7.73,0.0,1074,830217,卖盘,002716,2025-10-17 22:50:10
10:30:45,7.73,0.0,314,242722,买盘,002716,2025-10-17 22:50:10
10:30:48,7.73,0.0,197,152281,买盘,002716,2025-10-17 22:50:10
10:30:51,7.73,0.0,228,176243,买盘,002716,2025-10-17 22:50:10
10:30:54,7.73,0.0,188,145324,买盘,002716,2025-10-17 22:50:10
10:30:57,7.72,-0.01,510,394211,卖盘,002716,2025-10-17 22:50:10
10:31:00,7.73,0.01,150,115901,买盘,002716,2025-10-17 22:50:10
10:31:03,7.72,-0.01,72,55614,卖盘,002716,2025-10-17 22:50:10
10:31:06,7.73,0.01,118,91214,卖盘,002716,2025-10-17 22:50:10
10:31:09,7.73,0.0,215,166187,卖盘,002716,2025-10-17 22:50:10
10:31:12,7.72,-0.01,165,127445,卖盘,002716,2025-10-17 22:50:10
10:31:15,7.72,0.0,132,102033,卖盘,002716,2025-10-17 22:50:10
10:31:18,7.72,0.0,131,101229,卖盘,002716,2025-10-17 22:50:10
10:31:21,7.72,0.0,276,213317,卖盘,002716,2025-10-17 22:50:10
10:31:24,7.73,0.01,171,132145,买盘,002716,2025-10-17 22:50:10
10:31:27,7.73,0.0,454,350596,买盘,002716,2025-10-17 22:50:10
10:31:30,7.73,0.0,158,122077,买盘,002716,2025-10-17 22:50:10
10:31:33,7.73,0.0,61,47135,买盘,002716,2025-10-17 22:50:10
10:31:36,7.73,0.0,114,88098,买盘,002716,2025-10-17 22:50:10
10:31:39,7.73,0.0,347,268176,买盘,002716,2025-10-17 22:50:10
10:31:42,7.73,0.0,4,3092,卖盘,002716,2025-10-17 22:50:10
10:31:45,7.73,0.0,320,247384,卖盘,002716,2025-10-17 22:50:10
10:31:48,7.74,0.01,102,78850,买盘,002716,2025-10-17 22:50:10
10:31:51,7.74,0.0,158,122282,买盘,002716,2025-10-17 22:50:10
10:31:54,7.73,-0.01,166,128354,卖盘,002716,2025-10-17 22:50:10
10:31:57,7.73,0.0,173,133882,卖盘,002716,2025-10-17 22:50:10
10:32:00,7.73,0.0,120,92848,卖盘,002716,2025-10-17 22:50:10
10:32:03,7.73,0.0,255,197240,卖盘,002716,2025-10-17 22:50:10
10:32:06,7.74,0.01,245,189413,买盘,002716,2025-10-17 22:50:10
10:32:09,7.74,0.0,327,253072,买盘,002716,2025-10-17 22:50:10
10:32:12,7.74,0.0,139,107565,买盘,002716,2025-10-17 22:50:10
10:32:15,7.74,0.0,107,82762,买盘,002716,2025-10-17 22:50:10
10:32:18,7.74,0.0,391,302477,买盘,002716,2025-10-17 22:50:10
10:32:21,7.74,0.0,46,35603,买盘,002716,2025-10-17 22:50:10
10:32:24,7.74,0.0,96,74304,买盘,002716,2025-10-17 22:50:10
10:32:27,7.74,0.0,239,184996,买盘,002716,2025-10-17 22:50:10
10:32:30,7.75,0.01,495,383140,买盘,002716,2025-10-17 22:50:10
10:32:33,7.75,0.0,153,118563,买盘,002716,2025-10-17 22:50:10
10:32:36,7.75,0.0,31,24009,买盘,002716,2025-10-17 22:50:10
10:32:39,7.75,0.0,130,100710,买盘,002716,2025-10-17 22:50:10
10:32:42,7.75,0.0,156,120900,买盘,002716,2025-10-17 22:50:10
10:32:45,7.75,0.0,64,49600,买盘,002716,2025-10-17 22:50:10
10:32:48,7.75,0.0,196,151900,买盘,002716,2025-10-17 22:50:10
10:32:51,7.75,0.0,87,67425,买盘,002716,2025-10-17 22:50:10
10:32:54,7.75,0.0,147,113925,买盘,002716,2025-10-17 22:50:10
10:32:57,7.75,0.0,236,182836,买盘,002716,2025-10-17 22:50:10
10:33:00,7.75,0.0,517,400653,买盘,002716,2025-10-17 22:50:10
10:33:03,7.75,0.0,385,298312,买盘,002716,2025-10-17 22:50:10
10:33:06,7.75,0.0,97,75122,买盘,002716,2025-10-17 22:50:10
10:33:09,7.75,0.0,118,91448,买盘,002716,2025-10-17 22:50:10
10:33:12,7.74,-0.01,102,79033,卖盘,002716,2025-10-17 22:50:10
10:33:15,7.75,0.01,82,63530,买盘,002716,2025-10-17 22:50:10
10:33:18,7.74,-0.01,339,262655,卖盘,002716,2025-10-17 22:50:10
10:33:21,7.75,0.01,137,106081,买盘,002716,2025-10-17 22:50:10
10:33:24,7.74,-0.01,106,82077,卖盘,002716,2025-10-17 22:50:10
10:33:27,7.75,0.01,3,2325,买盘,002716,2025-10-17 22:50:10
10:33:30,7.74,-0.01,93,72066,卖盘,002716,2025-10-17 22:50:10
10:33:33,7.74,0.0,408,315822,卖盘,002716,2025-10-17 22:50:10
10:33:36,7.75,0.01,75,58125,买盘,002716,2025-10-17 22:50:10
10:33:39,7.74,-0.01,478,370044,卖盘,002716,2025-10-17 22:50:10
10:33:42,7.75,0.01,141,109194,买盘,002716,2025-10-17 22:50:10
10:33:45,7.74,-0.01,92,71208,卖盘,002716,2025-10-17 22:50:10
10:33:48,7.74,0.0,150,116138,卖盘,002716,2025-10-17 22:50:10
10:33:51,7.75,0.01,53,41074,买盘,002716,2025-10-17 22:50:10
10:33:54,7.74,-0.01,59,45687,卖盘,002716,2025-10-17 22:50:10
10:33:57,7.74,0.0,34,26335,卖盘,002716,2025-10-17 22:50:10
10:34:00,7.75,0.01,63,48779,买盘,002716,2025-10-17 22:50:10
10:34:03,7.75,0.0,110,85202,买盘,002716,2025-10-17 22:50:10
10:34:06,7.74,-0.01,105,81336,卖盘,002716,2025-10-17 22:50:10
10:34:09,7.74,0.0,3,2324,卖盘,002716,2025-10-17 22:50:10
10:34:12,7.75,0.01,312,241521,买盘,002716,2025-10-17 22:50:10
10:34:15,7.74,-0.01,974,753976,卖盘,002716,2025-10-17 22:50:10
10:34:18,7.75,0.01,885,684877,买盘,002716,2025-10-17 22:50:10
10:34:21,7.74,-0.01,12,9288,买盘,002716,2025-10-17 22:50:10
10:34:24,7.74,0.0,119,92088,买盘,002716,2025-10-17 22:50:10
10:34:27,7.74,0.0,395,305405,买盘,002716,2025-10-17 22:50:10
10:34:30,7.73,-0.01,402,310866,卖盘,002716,2025-10-17 22:50:10
10:34:33,7.74,0.01,57,44103,买盘,002716,2025-10-17 22:50:10
10:34:36,7.73,-0.01,113,87384,卖盘,002716,2025-10-17 22:50:10
10:34:39,7.74,0.01,84,64979,买盘,002716,2025-10-17 22:50:10
10:34:42,7.74,0.0,404,312696,买盘,002716,2025-10-17 22:50:10
10:34:45,7.74,0.0,54,41750,买盘,002716,2025-10-17 22:50:10
10:34:48,7.74,0.0,11,8514,买盘,002716,2025-10-17 22:50:10
10:34:51,7.74,0.0,477,368753,买盘,002716,2025-10-17 22:50:10
10:34:54,7.74,0.0,141,109102,买盘,002716,2025-10-17 22:50:10
10:34:57,7.74,0.0,139,107497,买盘,002716,2025-10-17 22:50:10
10:35:00,7.73,-0.01,647,500468,卖盘,002716,2025-10-17 22:50:10
10:35:03,7.74,0.01,209,161759,买盘,002716,2025-10-17 22:50:10
10:35:06,7.73,-0.01,1179,911532,卖盘,002716,2025-10-17 22:50:10
10:35:09,7.73,0.0,114,88187,卖盘,002716,2025-10-17 22:50:10
10:35:12,7.74,0.01,40,30947,买盘,002716,2025-10-17 22:50:10
10:35:15,7.73,-0.01,51,39441,卖盘,002716,2025-10-17 22:50:10
10:35:18,7.74,0.01,73,56471,中性盘,002716,2025-10-17 22:50:10
10:35:21,7.74,0.0,31,23964,买盘,002716,2025-10-17 22:50:10
10:35:24,7.74,0.0,63,48735,买盘,002716,2025-10-17 22:50:10
10:35:27,7.74,0.0,207,160208,买盘,002716,2025-10-17 22:50:10
10:35:30,7.74,0.0,155,119946,卖盘,002716,2025-10-17 22:50:10
10:35:33,7.73,-0.01,97,75025,卖盘,002716,2025-10-17 22:50:10
10:35:36,7.73,0.0,58,44852,卖盘,002716,2025-10-17 22:50:10
10:35:39,7.74,0.01,110,85137,买盘,002716,2025-10-17 22:50:10
10:35:42,7.74,0.0,88,68047,买盘,002716,2025-10-17 22:50:10
10:35:45,7.74,0.0,71,54941,买盘,002716,2025-10-17 22:50:10
10:35:48,7.74,0.0,454,350981,买盘,002716,2025-10-17 22:50:10
10:35:51,7.74,0.0,26,20124,卖盘,002716,2025-10-17 22:50:10
10:35:54,7.75,0.01,104,80556,买盘,002716,2025-10-17 22:50:10
10:35:57,7.74,-0.01,57,44118,卖盘,002716,2025-10-17 22:50:10
10:36:00,7.75,0.01,13,10063,买盘,002716,2025-10-17 22:50:10
10:36:03,7.74,-0.01,334,258461,卖盘,002716,2025-10-17 22:50:10
10:36:06,7.74,0.0,54,41796,买盘,002716,2025-10-17 22:50:10
10:36:09,7.74,0.0,195,150844,买盘,002716,2025-10-17 22:50:10
10:36:12,7.74,0.0,226,174852,买盘,002716,2025-10-17 22:50:10
10:36:15,7.74,0.0,3044,2353807,买盘,002716,2025-10-17 22:50:10
10:36:18,7.74,0.0,113,87462,卖盘,002716,2025-10-17 22:50:10
10:36:21,7.74,0.0,51,39458,买盘,002716,2025-10-17 22:50:10
10:36:24,7.73,-0.01,85,65774,卖盘,002716,2025-10-17 22:50:10
10:36:27,7.74,0.01,163,126162,买盘,002716,2025-10-17 22:50:10
10:36:30,7.74,0.0,43,33254,买盘,002716,2025-10-17 22:50:10
10:36:33,7.74,0.0,53,41007,买盘,002716,2025-10-17 22:50:10
10:36:36,7.74,0.0,136,105179,买盘,002716,2025-10-17 22:50:10
10:36:39,7.74,0.0,202,156267,买盘,002716,2025-10-17 22:50:10
10:36:42,7.74,0.0,146,112984,买盘,002716,2025-10-17 22:50:10
10:36:45,7.74,0.0,54,41786,买盘,002716,2025-10-17 22:50:10
10:36:48,7.74,0.0,117,90533,买盘,002716,2025-10-17 22:50:10
10:36:51,7.74,0.0,340,263189,买盘,002716,2025-10-17 22:50:10
10:36:54,7.75,0.01,1200,930000,买盘,002716,2025-10-17 22:50:10
10:36:57,7.75,0.0,224,173600,卖盘,002716,2025-10-17 22:50:10
10:37:00,7.75,0.0,96,74483,卖盘,002716,2025-10-17 22:50:10
10:37:03,7.76,0.01,239,185411,买盘,002716,2025-10-17 22:50:10
10:37:06,7.76,0.0,66,51196,买盘,002716,2025-10-17 22:50:10
10:37:09,7.75,-0.01,28,21718,卖盘,002716,2025-10-17 22:50:10
10:37:12,7.76,0.01,254,197082,买盘,002716,2025-10-17 22:50:10
10:37:15,7.76,0.0,110,85258,买盘,002716,2025-10-17 22:50:10
10:37:18,7.76,0.0,55,42680,买盘,002716,2025-10-17 22:50:10
10:37:21,7.76,0.0,92,71319,买盘,002716,2025-10-17 22:50:10
10:37:24,7.76,0.0,59,45741,买盘,002716,2025-10-17 22:50:10
10:37:27,7.76,0.0,12,9312,卖盘,002716,2025-10-17 22:50:10
10:37:30,7.77,0.01,32,24858,买盘,002716,2025-10-17 22:50:10
10:37:33,7.77,0.0,62,48172,买盘,002716,2025-10-17 22:50:10
10:37:36,7.77,0.0,861,668934,买盘,002716,2025-10-17 22:50:10
10:37:39,7.78,0.01,11,8551,买盘,002716,2025-10-17 22:50:10
10:37:42,7.78,0.0,104,80890,买盘,002716,2025-10-17 22:50:10
10:37:45,7.78,0.0,255,198358,买盘,002716,2025-10-17 22:50:10
10:37:48,7.77,-0.01,487,378850,卖盘,002716,2025-10-17 22:50:10
10:37:51,7.77,0.0,718,558128,卖盘,002716,2025-10-17 22:50:10
10:37:54,7.78,0.01,9,7002,买盘,002716,2025-10-17 22:50:10
10:37:57,7.77,-0.01,140,108869,卖盘,002716,2025-10-17 22:50:10
10:38:00,7.78,0.01,120,93360,买盘,002716,2025-10-17 22:50:10
10:38:03,7.77,-0.01,412,320463,卖盘,002716,2025-10-17 22:50:10
10:38:06,7.78,0.01,502,390128,买盘,002716,2025-10-17 22:50:10
10:38:09,7.78,0.0,472,366789,买盘,002716,2025-10-17 22:50:10
10:38:12,7.77,-0.01,724,562703,卖盘,002716,2025-10-17 22:50:10
10:38:15,7.77,0.0,114,88645,卖盘,002716,2025-10-17 22:50:10
10:38:18,7.77,0.0,153,118891,卖盘,002716,2025-10-17 22:50:10
10:38:21,7.77,0.0,162,126010,卖盘,002716,2025-10-17 22:50:10
10:38:24,7.77,0.0,1093,849298,卖盘,002716,2025-10-17 22:50:10
10:38:27,7.77,0.0,222,172552,卖盘,002716,2025-10-17 22:50:10
10:38:30,7.77,0.0,125,97125,卖盘,002716,2025-10-17 22:50:10
10:38:33,7.77,0.0,47,36519,买盘,002716,2025-10-17 22:50:10
10:38:36,7.77,0.0,308,239177,买盘,002716,2025-10-17 22:50:10
10:38:39,7.77,0.0,240,186280,买盘,002716,2025-10-17 22:50:10
10:38:42,7.76,-0.01,142,110281,卖盘,002716,2025-10-17 22:50:10
10:38:45,7.76,0.0,165,128160,卖盘,002716,2025-10-17 22:50:10
10:38:48,7.76,0.0,104,80704,卖盘,002716,2025-10-17 22:50:10
10:38:51,7.76,0.0,49,38009,买盘,002716,2025-10-17 22:50:10
10:38:54,7.76,0.0,148,114797,买盘,002716,2025-10-17 22:50:10
10:38:57,7.75,-0.01,31,24050,卖盘,002716,2025-10-17 22:50:10
10:39:00,7.76,0.01,229,177556,买盘,002716,2025-10-17 22:50:10
10:39:03,7.75,-0.01,48,37205,卖盘,002716,2025-10-17 22:50:10
10:39:06,7.75,0.0,119,92199,买盘,002716,2025-10-17 22:50:10
10:39:09,7.75,0.0,258,199742,买盘,002716,2025-10-17 22:50:10
10:39:12,7.75,0.0,265,205272,买盘,002716,2025-10-17 22:50:10
10:39:15,7.74,-0.01,59,45708,卖盘,002716,2025-10-17 22:50:10
10:39:18,7.74,0.0,114,88261,卖盘,002716,2025-10-17 22:50:10
10:39:21,7.75,0.01,32,24772,买盘,002716,2025-10-17 22:50:10
10:39:24,7.75,0.0,252,195056,买盘,002716,2025-10-17 22:50:10
10:39:27,7.75,0.0,66,51144,买盘,002716,2025-10-17 22:50:10
10:39:30,7.75,0.0,134,103764,买盘,002716,2025-10-17 22:50:10
10:39:33,7.75,0.0,190,147215,买盘,002716,2025-10-17 22:50:10
10:39:36,7.75,0.0,50,38750,买盘,002716,2025-10-17 22:50:10
10:39:39,7.75,0.0,116,89839,买盘,002716,2025-10-17 22:50:10
10:39:42,7.74,-0.01,96,74390,卖盘,002716,2025-10-17 22:50:10
10:39:45,7.74,0.0,108,83647,卖盘,002716,2025-10-17 22:50:10
10:39:48,7.75,0.01,15,11625,买盘,002716,2025-10-17 22:50:10
10:39:51,7.74,-0.01,63,48782,卖盘,002716,2025-10-17 22:50:10
10:39:54,7.74,0.0,165,127717,卖盘,002716,2025-10-17 22:50:10
10:39:57,7.74,0.0,52,40276,卖盘,002716,2025-10-17 22:50:10
10:40:00,7.75,0.01,189,146367,买盘,002716,2025-10-17 22:50:10
10:40:03,7.74,-0.01,149,115326,卖盘,002716,2025-10-17 22:50:10
10:40:06,7.75,0.01,155,120118,买盘,002716,2025-10-17 22:50:10
10:40:09,7.75,0.0,1944,1506587,买盘,002716,2025-10-17 22:50:10
10:40:12,7.75,0.0,8,6200,卖盘,002716,2025-10-17 22:50:10
10:40:15,7.75,0.0,328,254460,卖盘,002716,2025-10-17 22:50:10
10:40:18,7.75,0.0,156,120902,卖盘,002716,2025-10-17 22:50:10
10:40:21,7.75,0.0,375,290691,卖盘,002716,2025-10-17 22:50:10
10:40:24,7.76,0.01,446,346078,买盘,002716,2025-10-17 22:50:10
10:40:27,7.76,0.0,516,400416,买盘,002716,2025-10-17 22:50:10
10:40:30,7.76,0.0,13,10088,卖盘,002716,2025-10-17 22:50:10
10:40:33,7.77,0.01,117,90797,买盘,002716,2025-10-17 22:50:10
10:40:36,7.76,-0.01,186,144421,卖盘,002716,2025-10-17 22:50:10
10:40:39,7.76,0.0,67,51992,卖盘,002716,2025-10-17 22:50:10
10:40:42,7.77,0.01,41,31847,买盘,002716,2025-10-17 22:50:10
10:40:45,7.77,0.0,463,359567,买盘,002716,2025-10-17 22:50:10
10:40:48,7.76,-0.01,233,180808,卖盘,002716,2025-10-17 22:50:10
10:40:51,7.76,0.0,210,162960,买盘,002716,2025-10-17 22:50:10
10:40:54,7.76,0.0,65,50440,买盘,002716,2025-10-17 22:50:10
10:40:57,7.76,0.0,82,63632,卖盘,002716,2025-10-17 22:50:10
10:41:00,7.75,-0.01,232,180072,卖盘,002716,2025-10-17 22:50:10
10:41:03,7.75,0.0,85,65910,卖盘,002716,2025-10-17 22:50:10
10:41:06,7.76,0.01,72,55870,买盘,002716,2025-10-17 22:50:10
10:41:09,7.76,0.0,142,110178,买盘,002716,2025-10-17 22:50:10
10:41:12,7.76,0.0,10,7760,卖盘,002716,2025-10-17 22:50:10
10:41:15,7.76,0.0,7,5432,卖盘,002716,2025-10-17 22:50:10
10:41:18,7.76,0.0,56,43456,卖盘,002716,2025-10-17 22:50:10
10:41:21,7.76,0.0,358,278123,卖盘,002716,2025-10-17 22:50:10
10:41:24,7.76,0.0,27,20959,卖盘,002716,2025-10-17 22:50:10
10:41:27,7.77,0.01,1,777,买盘,002716,2025-10-17 22:50:10
10:41:30,7.77,0.0,1017,790163,买盘,002716,2025-10-17 22:50:10
10:41:33,7.77,0.0,10,7770,卖盘,002716,2025-10-17 22:50:10
10:41:36,7.78,0.01,2856,2222495,买盘,002716,2025-10-17 22:50:10
10:41:39,7.79,0.01,85,66161,买盘,002716,2025-10-17 22:50:10
10:41:42,7.78,-0.01,75,58350,卖盘,002716,2025-10-17 22:50:10
10:41:45,7.79,0.01,154,119957,买盘,002716,2025-10-17 22:50:10
10:41:48,7.78,-0.01,146,113588,卖盘,002716,2025-10-17 22:50:10
10:41:51,7.79,0.01,204,158821,买盘,002716,2025-10-17 22:50:10
10:41:54,7.79,0.0,1245,969694,买盘,002716,2025-10-17 22:50:10
10:41:57,7.79,0.0,38,29602,买盘,002716,2025-10-17 22:50:10
10:42:00,7.79,0.0,60,46701,买盘,002716,2025-10-17 22:50:10
10:42:03,7.79,0.0,817,635948,买盘,002716,2025-10-17 22:50:10
10:42:06,7.78,-0.01,137,106722,卖盘,002716,2025-10-17 22:50:10
10:42:09,7.79,0.01,1105,860776,买盘,002716,2025-10-17 22:50:10
10:42:12,7.79,0.0,81,63108,卖盘,002716,2025-10-17 22:50:10
10:42:15,7.79,0.0,528,411310,卖盘,002716,2025-10-17 22:50:10
10:42:18,7.79,0.0,258,200972,买盘,002716,2025-10-17 22:50:10
10:42:21,7.79,0.0,32,24927,买盘,002716,2025-10-17 22:50:10
10:42:24,7.79,0.0,201,156578,买盘,002716,2025-10-17 22:50:10
10:42:27,7.79,0.0,1081,841732,买盘,002716,2025-10-17 22:50:10
10:42:30,7.79,0.0,6,4674,买盘,002716,2025-10-17 22:50:10
10:42:33,7.78,-0.01,149,116010,买盘,002716,2025-10-17 22:50:10
10:42:36,7.78,0.0,200,155702,买盘,002716,2025-10-17 22:50:10
10:42:39,7.78,0.0,81,63015,买盘,002716,2025-10-17 22:50:10
10:42:42,7.78,0.0,82,63796,买盘,002716,2025-10-17 22:50:10
10:42:45,7.78,0.0,254,197621,买盘,002716,2025-10-17 22:50:10
10:42:48,7.78,0.0,149,115897,买盘,002716,2025-10-17 22:50:10
10:42:51,7.78,0.0,63,49002,买盘,002716,2025-10-17 22:50:10
10:42:54,7.78,0.0,827,643403,买盘,002716,2025-10-17 22:50:10
10:42:57,7.78,0.0,7,5446,卖盘,002716,2025-10-17 22:50:10
10:43:00,7.79,0.01,133,103504,买盘,002716,2025-10-17 22:50:10
10:43:03,7.78,-0.01,17,13238,卖盘,002716,2025-10-17 22:50:10
10:43:06,7.78,0.0,403,313537,卖盘,002716,2025-10-17 22:50:10
10:43:09,7.79,0.01,58,45174,买盘,002716,2025-10-17 22:50:10
10:43:12,7.78,-0.01,54,42023,卖盘,002716,2025-10-17 22:50:10
10:43:15,7.78,0.0,108,84055,卖盘,002716,2025-10-17 22:50:10
10:43:18,7.78,0.0,139,108143,卖盘,002716,2025-10-17 22:50:10
10:43:21,7.78,0.0,75,58339,买盘,002716,2025-10-17 22:50:10
10:43:24,7.78,0.0,116,90248,买盘,002716,2025-10-17 22:50:10
10:43:27,7.77,-0.01,187,145318,卖盘,002716,2025-10-17 22:50:10
10:43:30,7.78,0.01,25,19437,买盘,002716,2025-10-17 22:50:10
10:43:33,7.77,-0.01,430,334525,卖盘,002716,2025-10-17 22:50:10
10:43:36,7.78,0.01,98,76208,买盘,002716,2025-10-17 22:50:10
10:43:39,7.78,0.0,70,54407,买盘,002716,2025-10-17 22:50:10
10:43:42,7.78,0.0,144,112010,买盘,002716,2025-10-17 22:50:10
10:43:45,7.78,0.0,67,52078,买盘,002716,2025-10-17 22:50:10
10:43:48,7.77,-0.01,33,25672,卖盘,002716,2025-10-17 22:50:10
10:43:51,7.77,0.0,158,122873,卖盘,002716,2025-10-17 22:50:10
10:43:54,7.78,0.01,194,150873,买盘,002716,2025-10-17 22:50:10
10:43:57,7.78,0.0,351,273069,买盘,002716,2025-10-17 22:50:10
10:44:00,7.78,0.0,143,111254,买盘,002716,2025-10-17 22:50:10
10:44:03,7.78,0.0,386,300308,买盘,002716,2025-10-17 22:50:10
10:44:06,7.78,0.0,13,10114,卖盘,002716,2025-10-17 22:50:10
10:44:09,7.78,0.0,10,7780,卖盘,002716,2025-10-17 22:50:10
10:44:12,7.78,0.0,44,34267,卖盘,002716,2025-10-17 22:50:10
10:44:15,7.79,0.01,42,32709,买盘,002716,2025-10-17 22:50:10
10:44:18,7.78,-0.01,279,217090,卖盘,002716,2025-10-17 22:50:10
10:44:21,7.79,0.01,77,59979,买盘,002716,2025-10-17 22:50:10
10:44:24,7.78,-0.01,273,212415,卖盘,002716,2025-10-17 22:50:10
10:44:27,7.78,0.0,321,249869,卖盘,002716,2025-10-17 22:50:10
10:44:30,7.79,0.01,76,59195,买盘,002716,2025-10-17 22:50:10
10:44:33,7.79,0.0,134,104386,买盘,002716,2025-10-17 22:50:10
10:44:36,7.79,0.0,859,669139,买盘,002716,2025-10-17 22:50:10
10:44:39,7.8,0.01,5108,3979320,买盘,002716,2025-10-17 22:50:10
10:44:42,7.8,0.0,582,453931,买盘,002716,2025-10-17 22:50:10
10:44:45,7.8,0.0,113,88135,买盘,002716,2025-10-17 22:50:10
10:44:48,7.8,0.0,452,352489,买盘,002716,2025-10-17 22:50:10
10:44:51,7.79,-0.01,245,191013,卖盘,002716,2025-10-17 22:50:10
10:44:54,7.79,0.0,391,304621,卖盘,002716,2025-10-17 22:50:10
10:44:57,7.8,0.01,73,56906,买盘,002716,2025-10-17 22:50:10
10:45:00,7.8,0.0,41,31943,买盘,002716,2025-10-17 22:50:10
10:45:03,7.8,0.0,612,476975,买盘,002716,2025-10-17 22:50:10
10:45:06,7.8,0.0,81,63174,买盘,002716,2025-10-17 22:50:10
10:45:09,7.8,0.0,157,122460,买盘,002716,2025-10-17 22:50:10
10:45:12,7.8,0.0,130,101389,买盘,002716,2025-10-17 22:50:10
10:45:15,7.8,0.0,71,55351,买盘,002716,2025-10-17 22:50:10
10:45:18,7.79,-0.01,128,99712,卖盘,002716,2025-10-17 22:50:10
10:45:21,7.79,0.0,126,98154,买盘,002716,2025-10-17 22:50:10
10:45:24,7.79,0.0,6,4674,买盘,002716,2025-10-17 22:50:10
10:45:27,7.79,0.0,545,424596,买盘,002716,2025-10-17 22:50:10
10:45:30,7.79,0.0,55,42847,卖盘,002716,2025-10-17 22:50:10
10:45:33,7.79,0.0,66,51415,卖盘,002716,2025-10-17 22:50:10
10:45:36,7.79,0.0,2173,1692657,卖盘,002716,2025-10-17 22:50:10
10:45:39,7.78,-0.01,295,229738,卖盘,002716,2025-10-17 22:50:10
10:45:42,7.79,0.01,26,20246,买盘,002716,2025-10-17 22:50:10
10:45:45,7.78,-0.01,234,182056,卖盘,002716,2025-10-17 22:50:10
10:45:48,7.78,0.0,151,117578,卖盘,002716,2025-10-17 22:50:10
10:45:51,7.78,0.0,119,92582,卖盘,002716,2025-10-17 22:50:10
10:45:54,7.78,0.0,23,17894,买盘,002716,2025-10-17 22:50:10
10:45:57,7.77,-0.01,140,108796,卖盘,002716,2025-10-17 22:50:10
10:46:00,7.77,0.0,134,104244,卖盘,002716,2025-10-17 22:50:10
10:46:03,7.78,0.01,83,64519,买盘,002716,2025-10-17 22:50:10
10:46:06,7.78,0.0,28,21766,买盘,002716,2025-10-17 22:50:10
10:46:09,7.77,-0.01,434,337320,卖盘,002716,2025-10-17 22:50:10
10:46:12,7.78,0.01,35,27229,买盘,002716,2025-10-17 22:50:10
10:46:15,7.78,0.0,39,30342,买盘,002716,2025-10-17 22:50:10
10:46:18,7.78,0.0,26,20220,卖盘,002716,2025-10-17 22:50:10
10:46:21,7.78,0.0,16,12448,买盘,002716,2025-10-17 22:50:10
10:46:24,7.77,-0.01,50,38862,卖盘,002716,2025-10-17 22:50:10
10:46:27,7.78,0.01,64,49743,买盘,002716,2025-10-17 22:50:10
10:46:30,7.78,0.0,72,56016,买盘,002716,2025-10-17 22:50:10
10:46:33,7.78,0.0,46,35760,买盘,002716,2025-10-17 22:50:10
10:46:36,7.8,0.02,9917,7732707,买盘,002716,2025-10-17 22:50:10
10:46:39,7.79,-0.01,36,28061,卖盘,002716,2025-10-17 22:50:10
10:46:42,7.8,0.01,13,10140,卖盘,002716,2025-10-17 22:50:10
10:46:45,7.8,0.0,1,780,买盘,002716,2025-10-17 22:50:10
10:46:48,7.8,0.0,32,24956,买盘,002716,2025-10-17 22:50:10
10:46:51,7.81,0.01,326,254282,买盘,002716,2025-10-17 22:50:10
10:46:54,7.81,0.0,115,89770,买盘,002716,2025-10-17 22:50:10
10:46:57,7.81,0.0,84,65540,买盘,002716,2025-10-17 22:50:10
10:47:00,7.81,0.0,190,148352,买盘,002716,2025-10-17 22:50:10
10:47:03,7.8,-0.01,240,187376,卖盘,002716,2025-10-17 22:50:10
10:47:06,7.81,0.01,72,56179,买盘,002716,2025-10-17 22:50:10
10:47:09,7.81,0.0,152,118695,买盘,002716,2025-10-17 22:50:10
10:47:12,7.81,0.0,463,361470,买盘,002716,2025-10-17 22:50:10
10:47:15,7.81,0.0,226,176500,买盘,002716,2025-10-17 22:50:10
10:47:18,7.81,0.0,94,73414,买盘,002716,2025-10-17 22:50:10
10:47:21,7.81,0.0,327,255377,买盘,002716,2025-10-17 22:50:10
10:47:24,7.81,0.0,425,331923,买盘,002716,2025-10-17 22:50:10
10:47:27,7.8,-0.01,153,119391,卖盘,002716,2025-10-17 22:50:10
10:47:30,7.81,0.01,121,94474,买盘,002716,2025-10-17 22:50:10
10:47:33,7.8,-0.01,327,255359,卖盘,002716,2025-10-17 22:50:10
10:47:36,7.81,0.01,290,226490,买盘,002716,2025-10-17 22:50:10
10:47:39,7.81,0.0,419,327085,买盘,002716,2025-10-17 22:50:10
10:47:42,7.81,0.0,59,46058,买盘,002716,2025-10-17 22:50:10
10:47:45,7.8,-0.01,208,162439,卖盘,002716,2025-10-17 22:50:10
10:47:48,7.81,0.01,79,61686,买盘,002716,2025-10-17 22:50:10
10:47:51,7.81,0.0,188,146698,买盘,002716,2025-10-17 22:50:10
10:47:54,7.81,0.0,21,16384,买盘,002716,2025-10-17 22:50:10
10:47:57,7.8,-0.01,1363,1063158,卖盘,002716,2025-10-17 22:50:10
10:48:00,7.81,0.01,153,119434,买盘,002716,2025-10-17 22:50:10
10:48:03,7.81,0.0,121,94382,买盘,002716,2025-10-17 22:50:10
10:48:06,7.81,0.0,507,395462,买盘,002716,2025-10-17 22:50:10
10:48:09,7.79,-0.02,35,27299,卖盘,002716,2025-10-17 22:50:10
10:48:12,7.8,0.01,390,303844,买盘,002716,2025-10-17 22:50:10
10:48:15,7.79,-0.01,61,47529,卖盘,002716,2025-10-17 22:50:10
10:48:18,7.8,0.01,631,491831,买盘,002716,2025-10-17 22:50:10
10:48:21,7.79,-0.01,205,159694,买盘,002716,2025-10-17 22:50:10
10:48:24,7.79,0.0,5,3895,买盘,002716,2025-10-17 22:50:10
10:48:27,7.78,-0.01,54,42025,卖盘,002716,2025-10-17 22:50:10
10:48:30,7.79,0.01,269,209520,买盘,002716,2025-10-17 22:50:10
10:48:33,7.79,0.0,5,3895,卖盘,002716,2025-10-17 22:50:10
10:48:36,7.79,0.0,29,22601,卖盘,002716,2025-10-17 22:50:10
10:48:39,7.8,0.01,217,169091,买盘,002716,2025-10-17 22:50:10
10:48:42,7.79,-0.01,772,602078,卖盘,002716,2025-10-17 22:50:10
10:48:45,7.8,0.01,225,175484,买盘,002716,2025-10-17 22:50:10
10:48:48,7.8,0.0,177,138050,买盘,002716,2025-10-17 22:50:10
10:48:51,7.8,0.0,93,72559,卖盘,002716,2025-10-17 22:50:10
10:48:54,7.81,0.01,233,181840,买盘,002716,2025-10-17 22:50:10
10:48:57,7.8,-0.01,6457,5019573,卖盘,002716,2025-10-17 22:50:10
10:49:00,7.81,0.01,132,103059,买盘,002716,2025-10-17 22:50:10
10:49:03,7.8,-0.01,263,205143,卖盘,002716,2025-10-17 22:50:10
10:49:06,7.8,0.0,45,35139,卖盘,002716,2025-10-17 22:50:10
10:49:09,7.8,0.0,493,384540,卖盘,002716,2025-10-17 22:50:10
10:49:12,7.8,0.0,67,52260,买盘,002716,2025-10-17 22:50:10
10:49:15,7.8,0.0,59,45991,买盘,002716,2025-10-17 22:50:10
10:49:18,7.8,0.0,144,112285,买盘,002716,2025-10-17 22:50:10
10:49:21,7.78,-0.02,229,178354,卖盘,002716,2025-10-17 22:50:10
10:49:24,7.78,0.0,773,601394,买盘,002716,2025-10-17 22:50:10
10:49:27,7.78,0.0,82,63736,买盘,002716,2025-10-17 22:50:10
10:49:30,7.77,-0.01,5077,3932596,卖盘,002716,2025-10-17 22:50:10
10:49:33,7.77,0.0,529,411166,买盘,002716,2025-10-17 22:50:10
10:49:36,7.77,0.0,97,75379,卖盘,002716,2025-10-17 22:50:10
10:49:39,7.78,0.01,7,5446,中性盘,002716,2025-10-17 22:50:10
10:49:42,7.79,0.01,105,81785,买盘,002716,2025-10-17 22:50:10
10:49:45,7.78,-0.01,596,463606,卖盘,002716,2025-10-17 22:50:10
10:49:48,7.78,0.0,81,63020,卖盘,002716,2025-10-17 22:50:10
10:49:51,7.77,-0.01,363,282436,卖盘,002716,2025-10-17 22:50:10
10:49:54,7.78,0.01,32,24919,卖盘,002716,2025-10-17 22:50:10
10:49:57,7.78,0.0,159,123750,卖盘,002716,2025-10-17 22:50:10
10:50:00,7.78,0.0,36,28008,买盘,002716,2025-10-17 22:50:10
10:50:03,7.78,0.0,1,778,卖盘,002716,2025-10-17 22:50:10
10:50:06,7.78,0.0,97,75471,卖盘,002716,2025-10-17 22:50:10
10:50:09,7.78,0.0,6,4668,买盘,002716,2025-10-17 22:50:10
10:50:12,7.78,0.0,109,84796,买盘,002716,2025-10-17 22:50:10
10:50:15,7.78,0.0,287,223267,买盘,002716,2025-10-17 22:50:10
10:50:18,7.79,0.01,231,179811,买盘,002716,2025-10-17 22:50:10
10:50:21,7.79,0.0,295,229827,买盘,002716,2025-10-17 22:50:10
10:50:24,7.79,0.0,47,36623,卖盘,002716,2025-10-17 22:50:10
10:50:30,7.79,0.0,122,95142,卖盘,002716,2025-10-17 22:50:10
10:50:33,7.8,0.01,95,74036,买盘,002716,2025-10-17 22:50:10
10:50:39,7.8,0.0,20,15596,买盘,002716,2025-10-17 22:50:10
10:50:42,7.8,0.0,46,35880,买盘,002716,2025-10-17 22:50:10
10:50:45,7.8,0.0,36,28079,买盘,002716,2025-10-17 22:50:10
10:50:48,7.79,-0.01,65,50654,卖盘,002716,2025-10-17 22:50:10
10:50:51,7.8,0.01,18,14036,买盘,002716,2025-10-17 22:50:10
10:50:54,7.79,-0.01,167,130154,卖盘,002716,2025-10-17 22:50:10
10:50:57,7.8,0.01,45,35087,买盘,002716,2025-10-17 22:50:10
10:51:00,7.8,0.0,9,7015,买盘,002716,2025-10-17 22:50:10
10:51:03,7.79,-0.01,142,110641,卖盘,002716,2025-10-17 22:50:10
10:51:06,7.79,0.0,325,253061,卖盘,002716,2025-10-17 22:50:10
10:51:09,7.79,0.0,125,97475,买盘,002716,2025-10-17 22:50:10
10:51:12,7.78,-0.01,57,44408,卖盘,002716,2025-10-17 22:50:10
10:51:15,7.8,0.02,131,102053,买盘,002716,2025-10-17 22:50:10
10:51:18,7.79,-0.01,35,27270,中性盘,002716,2025-10-17 22:50:10
10:51:21,7.79,0.0,28,21810,买盘,002716,2025-10-17 22:50:10
10:51:24,7.78,-0.01,113,87971,卖盘,002716,2025-10-17 22:50:10
10:51:27,7.79,0.01,41,31936,买盘,002716,2025-10-17 22:50:10
10:51:30,7.78,-0.01,69,53742,卖盘,002716,2025-10-17 22:50:10
10:51:33,7.78,0.0,313,243527,卖盘,002716,2025-10-17 22:50:10
10:51:36,7.79,0.01,1,779,买盘,002716,2025-10-17 22:50:10
10:51:39,7.78,-0.01,201,156379,卖盘,002716,2025-10-17 22:50:10
10:51:42,7.79,0.01,111,86454,买盘,002716,2025-10-17 22:50:10
10:51:45,7.79,0.0,11,8569,卖盘,002716,2025-10-17 22:50:10
10:51:48,7.79,0.0,87,67773,卖盘,002716,2025-10-17 22:50:10
10:51:51,7.8,0.01,51,39747,买盘,002716,2025-10-17 22:50:10
10:51:54,7.79,-0.01,14,10906,卖盘,002716,2025-10-17 22:50:10
10:51:57,7.79,0.0,30,23370,买盘,002716,2025-10-17 22:50:10
10:52:00,7.79,0.0,104,81016,买盘,002716,2025-10-17 22:50:10
10:52:03,7.78,-0.01,69,53701,卖盘,002716,2025-10-17 22:50:10
10:52:06,7.79,0.01,168,130858,买盘,002716,2025-10-17 22:50:10
10:52:09,7.79,0.0,14,10904,买盘,002716,2025-10-17 22:50:10
10:52:12,7.79,0.0,55,42795,买盘,002716,2025-10-17 22:50:10
10:52:15,7.79,0.0,276,214996,买盘,002716,2025-10-17 22:50:10
10:52:18,7.78,-0.01,39,30352,卖盘,002716,2025-10-17 22:50:10
10:52:21,7.79,0.01,6,4673,买盘,002716,2025-10-17 22:50:10
10:52:24,7.79,0.0,172,133888,买盘,002716,2025-10-17 22:50:10
10:52:27,7.78,-0.01,231,179729,卖盘,002716,2025-10-17 22:50:10
10:52:30,7.78,0.0,20,15577,卖盘,002716,2025-10-17 22:50:10
10:52:36,7.79,0.01,226,176054,买盘,002716,2025-10-17 22:50:10
10:52:39,7.79,0.0,17,13243,卖盘,002716,2025-10-17 22:50:10
10:52:42,7.8,0.01,21,16376,买盘,002716,2025-10-17 22:50:10
10:52:45,7.78,-0.02,206,160482,卖盘,002716,2025-10-17 22:50:10
10:52:48,7.79,0.01,121,94259,卖盘,002716,2025-10-17 22:50:10
10:52:51,7.8,0.01,36,28058,买盘,002716,2025-10-17 22:50:10
10:52:54,7.8,0.0,303,236117,买盘,002716,2025-10-17 22:50:10
10:52:57,7.8,0.0,49,38213,买盘,002716,2025-10-17 22:50:10
10:53:00,7.8,0.0,272,211908,买盘,002716,2025-10-17 22:50:10
10:53:03,7.8,0.0,97,75566,买盘,002716,2025-10-17 22:50:10
10:53:06,7.8,0.0,344,268174,买盘,002716,2025-10-17 22:50:10
10:53:09,7.8,0.0,2,1559,买盘,002716,2025-10-17 22:50:10
10:53:12,7.8,0.0,144,112280,买盘,002716,2025-10-17 22:50:10
10:53:15,7.79,-0.01,25,19494,卖盘,002716,2025-10-17 22:50:10
10:53:18,7.8,0.01,86,67080,买盘,002716,2025-10-17 22:50:10
10:53:21,7.8,0.0,40,31200,买盘,002716,2025-10-17 22:50:10
10:53:24,7.79,-0.01,91,70970,卖盘,002716,2025-10-17 22:50:10
10:53:27,7.8,0.01,43,33534,买盘,002716,2025-10-17 22:50:10
10:53:30,7.8,0.0,8,6235,买盘,002716,2025-10-17 22:50:10
10:53:33,7.79,-0.01,121,94259,卖盘,002716,2025-10-17 22:50:10
10:53:36,7.8,0.01,140,109186,买盘,002716,2025-10-17 22:50:10
10:53:39,7.79,-0.01,56,43666,卖盘,002716,2025-10-17 22:50:10
10:53:42,7.79,0.0,106,82601,卖盘,002716,2025-10-17 22:50:10
10:53:45,7.79,0.0,14,10906,卖盘,002716,2025-10-17 22:50:10
10:53:48,7.79,0.0,8,6233,卖盘,002716,2025-10-17 22:50:10
10:53:51,7.79,0.0,10,7790,卖盘,002716,2025-10-17 22:50:10
10:53:54,7.8,0.01,49,38193,买盘,002716,2025-10-17 22:50:10
10:53:57,7.79,-0.01,25,19475,卖盘,002716,2025-10-17 22:50:10
10:54:00,7.79,0.0,517,402744,卖盘,002716,2025-10-17 22:50:10
10:54:03,7.79,0.0,68,52913,买盘,002716,2025-10-17 22:50:10
10:54:06,7.79,0.0,58,45182,买盘,002716,2025-10-17 22:50:10
10:54:09,7.79,0.0,13,10127,买盘,002716,2025-10-17 22:50:10
