时间,成交价,价格变动,成交量,成交额,买卖盘性质,股票代码,采集时间
09:25:00,18.81,0.0,34,63954,卖盘,002767,2025-10-17 22:57:47
09:30:00,18.88,0.07,8,15076,买盘,002767,2025-10-17 22:57:47
09:30:03,18.81,-0.07,33,62165,卖盘,002767,2025-10-17 22:57:47
09:30:06,18.81,0.0,1,1881,卖盘,002767,2025-10-17 22:57:47
09:30:09,18.81,0.0,18,33858,卖盘,002767,2025-10-17 22:57:47
09:30:12,18.81,0.0,8,15048,卖盘,002767,2025-10-17 22:57:47
09:30:15,18.81,0.0,25,47022,买盘,002767,2025-10-17 22:57:47
09:30:18,18.81,0.0,21,39521,卖盘,002767,2025-10-17 22:57:47
09:30:21,18.81,0.0,10,18810,卖盘,002767,2025-10-17 22:57:47
09:30:24,18.81,0.0,18,33858,卖盘,002767,2025-10-17 22:57:47
09:30:27,18.8,-0.01,128,240664,卖盘,002767,2025-10-17 22:57:47
09:30:30,18.79,-0.01,12,22538,中性盘,002767,2025-10-17 22:57:47
09:30:33,18.75,-0.04,38,71361,卖盘,002767,2025-10-17 22:57:47
09:30:36,18.78,0.03,18,33780,中性盘,002767,2025-10-17 22:57:47
09:30:39,18.79,0.01,8,15032,买盘,002767,2025-10-17 22:57:47
09:30:42,18.79,0.0,12,22548,卖盘,002767,2025-10-17 22:57:47
09:30:45,18.79,0.0,21,39479,卖盘,002767,2025-10-17 22:57:47
09:30:48,18.79,0.0,7,13153,卖盘,002767,2025-10-17 22:57:47
09:30:51,18.77,-0.02,6,11265,卖盘,002767,2025-10-17 22:57:47
09:30:57,18.8,0.03,1,1880,中性盘,002767,2025-10-17 22:57:47
09:31:00,18.76,-0.04,33,62033,卖盘,002767,2025-10-17 22:57:47
09:31:03,18.79,0.03,2,3758,买盘,002767,2025-10-17 22:57:47
09:31:06,18.76,-0.03,8,15029,卖盘,002767,2025-10-17 22:57:47
09:31:15,18.76,0.0,10,18763,卖盘,002767,2025-10-17 22:57:47
09:31:18,18.75,-0.01,5,9377,卖盘,002767,2025-10-17 22:57:47
09:31:27,18.79,0.04,1,1879,买盘,002767,2025-10-17 22:57:47
09:31:33,18.75,-0.04,1,1875,卖盘,002767,2025-10-17 22:57:47
09:31:36,18.77,0.02,6,11253,中性盘,002767,2025-10-17 22:57:47
09:31:42,18.72,-0.05,9,16856,卖盘,002767,2025-10-17 22:57:47
09:31:45,18.77,0.05,2,3754,买盘,002767,2025-10-17 22:57:47
09:31:48,18.77,0.0,1,1877,买盘,002767,2025-10-17 22:57:47
09:31:57,18.72,-0.05,18,33696,卖盘,002767,2025-10-17 22:57:47
09:32:03,18.72,0.0,8,14976,卖盘,002767,2025-10-17 22:57:47
09:32:06,18.7,-0.02,24,44921,卖盘,002767,2025-10-17 22:57:47
09:32:09,18.73,0.03,4,7492,中性盘,002767,2025-10-17 22:57:47
09:32:12,18.72,-0.01,19,35587,卖盘,002767,2025-10-17 22:57:47
09:32:15,18.7,-0.02,14,26198,卖盘,002767,2025-10-17 22:57:47
09:32:27,18.73,0.03,5,9365,买盘,002767,2025-10-17 22:57:47
09:32:30,18.7,-0.03,47,87897,卖盘,002767,2025-10-17 22:57:47
09:32:33,18.7,0.0,5,9352,卖盘,002767,2025-10-17 22:57:47
09:32:36,18.71,0.01,5,9355,中性盘,002767,2025-10-17 22:57:47
09:32:39,18.7,-0.01,24,44883,卖盘,002767,2025-10-17 22:57:47
09:32:42,18.7,0.0,24,44887,卖盘,002767,2025-10-17 22:57:47
09:32:45,18.72,0.02,19,35568,买盘,002767,2025-10-17 22:57:47
09:32:48,18.73,0.01,2,3746,买盘,002767,2025-10-17 22:57:47
09:32:51,18.73,0.0,12,22467,买盘,002767,2025-10-17 22:57:47
09:32:54,18.73,0.0,5,9365,买盘,002767,2025-10-17 22:57:47
09:32:57,18.74,0.01,9,16862,买盘,002767,2025-10-17 22:57:47
09:33:00,18.73,-0.01,14,26222,卖盘,002767,2025-10-17 22:57:47
09:33:03,18.72,-0.01,112,209767,卖盘,002767,2025-10-17 22:57:47
09:33:06,18.73,0.01,18,33704,买盘,002767,2025-10-17 22:57:47
09:33:09,18.73,0.0,3,5617,买盘,002767,2025-10-17 22:57:47
09:33:15,18.71,-0.02,14,26205,卖盘,002767,2025-10-17 22:57:47
09:33:18,18.7,-0.01,8,14964,卖盘,002767,2025-10-17 22:57:47
09:33:21,18.7,0.0,27,50505,卖盘,002767,2025-10-17 22:57:47
09:33:24,18.71,0.01,17,31792,买盘,002767,2025-10-17 22:57:47
09:33:27,18.71,0.0,31,57986,买盘,002767,2025-10-17 22:57:47
09:33:30,18.69,-0.02,32,59850,卖盘,002767,2025-10-17 22:57:47
09:33:39,18.72,0.03,13,24319,买盘,002767,2025-10-17 22:57:47
09:33:42,18.72,0.0,8,14971,买盘,002767,2025-10-17 22:57:47
09:33:45,18.72,0.0,19,35556,买盘,002767,2025-10-17 22:57:47
09:33:48,18.73,0.01,111,207805,买盘,002767,2025-10-17 22:57:47
09:33:51,18.7,-0.03,6,11227,卖盘,002767,2025-10-17 22:57:47
09:33:54,18.71,0.01,22,41202,卖盘,002767,2025-10-17 22:57:47
09:33:57,18.71,0.0,12,22452,卖盘,002767,2025-10-17 22:57:47
09:34:06,18.69,-0.02,5,9349,卖盘,002767,2025-10-17 22:57:47
09:34:15,18.71,0.02,5,9351,买盘,002767,2025-10-17 22:57:47
09:34:18,18.7,-0.01,1,1870,中性盘,002767,2025-10-17 22:57:47
09:34:21,18.7,0.0,11,20565,中性盘,002767,2025-10-17 22:57:47
09:34:24,18.71,0.01,11,20581,买盘,002767,2025-10-17 22:57:47
09:34:27,18.72,0.01,36,67405,买盘,002767,2025-10-17 22:57:47
09:34:30,18.7,-0.02,34,63610,卖盘,002767,2025-10-17 22:57:47
09:34:36,18.68,-0.02,111,207526,卖盘,002767,2025-10-17 22:57:47
09:34:39,18.68,0.0,18,33624,卖盘,002767,2025-10-17 22:57:47
09:34:42,18.71,0.03,26,48646,中性盘,002767,2025-10-17 22:57:47
09:34:51,18.72,0.01,6,11232,中性盘,002767,2025-10-17 22:57:47
09:35:03,18.72,0.0,31,58034,中性盘,002767,2025-10-17 22:57:47
09:35:12,18.73,0.01,2,3746,买盘,002767,2025-10-17 22:57:47
09:35:15,18.73,0.0,4,7495,中性盘,002767,2025-10-17 22:57:47
09:35:18,18.73,0.0,2,3746,中性盘,002767,2025-10-17 22:57:47
09:35:21,18.76,0.03,7,13127,买盘,002767,2025-10-17 22:57:47
09:35:24,18.78,0.02,2,3756,买盘,002767,2025-10-17 22:57:47
09:35:27,18.78,0.0,4,7512,中性盘,002767,2025-10-17 22:57:47
09:35:42,18.78,0.0,30,56340,买盘,002767,2025-10-17 22:57:47
09:35:48,18.75,-0.03,1,1875,卖盘,002767,2025-10-17 22:57:47
09:36:03,18.75,0.0,1,1875,卖盘,002767,2025-10-17 22:57:47
09:36:06,18.74,-0.01,25,46873,卖盘,002767,2025-10-17 22:57:47
09:36:12,18.75,0.01,2,3750,买盘,002767,2025-10-17 22:57:47
09:36:15,18.75,0.0,1,1875,卖盘,002767,2025-10-17 22:57:47
09:36:18,18.72,-0.03,6,11232,卖盘,002767,2025-10-17 22:57:47
09:36:21,18.72,0.0,2,3744,买盘,002767,2025-10-17 22:57:47
09:36:30,18.74,0.02,7,13115,买盘,002767,2025-10-17 22:57:47
09:36:42,18.77,0.03,40,75004,买盘,002767,2025-10-17 22:57:47
09:36:54,18.78,0.01,1,1878,买盘,002767,2025-10-17 22:57:47
09:37:12,18.8,0.02,3,5638,买盘,002767,2025-10-17 22:57:47
09:37:21,18.84,0.04,15,28260,买盘,002767,2025-10-17 22:57:47
09:37:24,18.81,-0.03,10,18810,中性盘,002767,2025-10-17 22:57:47
09:37:36,18.83,0.02,5,9415,买盘,002767,2025-10-17 22:57:47
09:37:39,18.83,0.0,2,3766,买盘,002767,2025-10-17 22:57:47
09:37:42,18.85,0.02,16,30158,买盘,002767,2025-10-17 22:57:47
09:37:48,18.84,-0.01,75,141303,卖盘,002767,2025-10-17 22:57:47
09:37:51,18.84,0.0,14,26371,买盘,002767,2025-10-17 22:57:47
09:37:57,18.84,0.0,3,5652,买盘,002767,2025-10-17 22:57:47
09:38:00,18.86,0.02,91,171583,买盘,002767,2025-10-17 22:57:47
09:38:03,18.85,-0.01,9,16969,卖盘,002767,2025-10-17 22:57:47
09:38:06,18.84,-0.01,2,3769,中性盘,002767,2025-10-17 22:57:47
09:38:18,18.83,-0.01,4,7532,卖盘,002767,2025-10-17 22:57:47
09:38:21,18.83,0.0,1,1883,卖盘,002767,2025-10-17 22:57:47
09:38:30,18.83,0.0,13,24480,卖盘,002767,2025-10-17 22:57:47
09:38:36,18.84,0.01,15,28260,买盘,002767,2025-10-17 22:57:47
09:38:51,18.81,-0.03,1,1881,卖盘,002767,2025-10-17 22:57:47
09:39:03,18.81,0.0,18,33858,卖盘,002767,2025-10-17 22:57:47
09:39:06,18.8,-0.01,12,22566,卖盘,002767,2025-10-17 22:57:47
09:39:18,18.81,0.01,2,3762,买盘,002767,2025-10-17 22:57:47
09:39:36,18.8,-0.01,15,28200,卖盘,002767,2025-10-17 22:57:47
09:39:42,18.78,-0.02,48,90190,卖盘,002767,2025-10-17 22:57:47
09:39:51,18.78,0.0,30,56330,卖盘,002767,2025-10-17 22:57:47
09:40:03,18.75,-0.03,1,1875,卖盘,002767,2025-10-17 22:57:47
09:40:09,18.73,-0.02,3,5619,卖盘,002767,2025-10-17 22:57:47
09:40:15,18.75,0.02,12,22496,买盘,002767,2025-10-17 22:57:47
09:40:18,18.73,-0.02,9,16857,卖盘,002767,2025-10-17 22:57:47
09:40:30,18.73,0.0,2,3746,卖盘,002767,2025-10-17 22:57:47
09:40:42,18.71,-0.02,32,59886,卖盘,002767,2025-10-17 22:57:47
09:40:45,18.71,0.0,38,71104,卖盘,002767,2025-10-17 22:57:47
09:40:48,18.7,-0.01,2,3740,卖盘,002767,2025-10-17 22:57:47
09:41:03,18.68,-0.02,78,145804,卖盘,002767,2025-10-17 22:57:47
09:41:06,18.68,0.0,106,198008,卖盘,002767,2025-10-17 22:57:47
09:41:09,18.68,0.0,1,1868,卖盘,002767,2025-10-17 22:57:47
09:41:15,18.68,0.0,14,26152,卖盘,002767,2025-10-17 22:57:47
09:41:24,18.66,-0.02,4,7464,卖盘,002767,2025-10-17 22:57:47
09:41:36,18.66,0.0,4,7464,卖盘,002767,2025-10-17 22:57:47
09:41:39,18.72,0.06,84,157074,买盘,002767,2025-10-17 22:57:47
09:41:42,18.72,0.0,1,1872,买盘,002767,2025-10-17 22:57:47
09:42:03,18.69,-0.03,1,1869,卖盘,002767,2025-10-17 22:57:47
09:42:06,18.69,0.0,28,52356,卖盘,002767,2025-10-17 22:57:47
09:42:09,18.69,0.0,1,1869,卖盘,002767,2025-10-17 22:57:47
09:42:12,18.69,0.0,6,11214,卖盘,002767,2025-10-17 22:57:47
09:42:15,18.69,0.0,5,9345,卖盘,002767,2025-10-17 22:57:47
09:42:18,18.69,0.0,1,1869,买盘,002767,2025-10-17 22:57:47
09:42:21,18.69,0.0,13,24297,买盘,002767,2025-10-17 22:57:47
09:42:24,18.69,0.0,9,16821,卖盘,002767,2025-10-17 22:57:47
09:42:33,18.7,0.01,8,14960,买盘,002767,2025-10-17 22:57:47
09:42:42,18.7,0.0,6,11220,卖盘,002767,2025-10-17 22:57:47
09:42:45,18.7,0.0,7,13090,中性盘,002767,2025-10-17 22:57:47
09:42:48,18.71,0.01,4,7484,买盘,002767,2025-10-17 22:57:47
09:42:51,18.71,0.0,6,11226,买盘,002767,2025-10-17 22:57:47
09:42:54,18.71,0.0,54,100981,买盘,002767,2025-10-17 22:57:47
09:42:57,18.69,-0.02,37,69153,卖盘,002767,2025-10-17 22:57:47
09:43:21,18.67,-0.02,93,173717,卖盘,002767,2025-10-17 22:57:47
09:43:24,18.66,-0.01,12,22392,卖盘,002767,2025-10-17 22:57:47
09:43:33,18.65,-0.01,8,14920,卖盘,002767,2025-10-17 22:57:47
09:43:36,18.65,0.0,13,24245,卖盘,002767,2025-10-17 22:57:47
09:43:39,18.65,0.0,22,41030,卖盘,002767,2025-10-17 22:57:47
09:43:42,18.65,0.0,4,7460,卖盘,002767,2025-10-17 22:57:47
09:43:45,18.67,0.02,2,3734,买盘,002767,2025-10-17 22:57:47
09:43:51,18.67,0.0,3,5601,买盘,002767,2025-10-17 22:57:47
09:43:54,18.65,-0.02,2,3730,中性盘,002767,2025-10-17 22:57:47
09:43:57,18.64,-0.01,1,1864,卖盘,002767,2025-10-17 22:57:47
09:44:00,18.66,0.02,9,16794,买盘,002767,2025-10-17 22:57:47
09:44:06,18.65,-0.01,7,13055,卖盘,002767,2025-10-17 22:57:47
09:44:09,18.66,0.01,5,9326,中性盘,002767,2025-10-17 22:57:47
09:44:15,18.67,0.01,6,11200,买盘,002767,2025-10-17 22:57:47
09:44:21,18.67,0.0,19,35467,买盘,002767,2025-10-17 22:57:47
09:44:24,18.68,0.01,21,39213,买盘,002767,2025-10-17 22:57:47
09:44:27,18.68,0.0,6,11199,买盘,002767,2025-10-17 22:57:47
09:44:30,18.68,0.0,9,16801,中性盘,002767,2025-10-17 22:57:47
09:44:33,18.68,0.0,7,13076,买盘,002767,2025-10-17 22:57:47
09:44:39,18.66,-0.02,1,1866,卖盘,002767,2025-10-17 22:57:47
09:44:42,18.66,0.0,1,1866,买盘,002767,2025-10-17 22:57:47
09:44:48,18.65,-0.01,19,35435,卖盘,002767,2025-10-17 22:57:47
09:44:51,18.65,0.0,2,3730,中性盘,002767,2025-10-17 22:57:47
09:45:00,18.65,0.0,12,22380,中性盘,002767,2025-10-17 22:57:47
09:45:03,18.62,-0.03,121,225463,卖盘,002767,2025-10-17 22:57:47
09:45:06,18.62,0.0,34,63308,卖盘,002767,2025-10-17 22:57:47
09:45:15,18.62,0.0,3,5586,卖盘,002767,2025-10-17 22:57:47
09:45:18,18.62,0.0,22,40950,卖盘,002767,2025-10-17 22:57:47
09:45:21,18.62,0.0,2,3724,买盘,002767,2025-10-17 22:57:47
09:45:33,18.61,-0.01,21,39082,卖盘,002767,2025-10-17 22:57:47
09:45:42,18.6,-0.01,250,465131,卖盘,002767,2025-10-17 22:57:47
09:45:45,18.62,0.02,134,249312,买盘,002767,2025-10-17 22:57:47
09:45:48,18.61,-0.01,1,1861,卖盘,002767,2025-10-17 22:57:47
09:45:51,18.61,0.0,5,9305,卖盘,002767,2025-10-17 22:57:47
09:45:57,18.61,0.0,1,1861,买盘,002767,2025-10-17 22:57:47
09:46:00,18.59,-0.02,26,48345,卖盘,002767,2025-10-17 22:57:47
09:46:03,18.59,0.0,16,29744,买盘,002767,2025-10-17 22:57:47
09:46:06,18.57,-0.02,221,409604,卖盘,002767,2025-10-17 22:57:47
09:46:09,18.57,0.0,1,1857,卖盘,002767,2025-10-17 22:57:47
09:46:27,18.59,0.02,3,5577,买盘,002767,2025-10-17 22:57:47
09:46:30,18.59,0.0,1,1859,买盘,002767,2025-10-17 22:57:47
09:46:33,18.58,-0.01,3,5574,卖盘,002767,2025-10-17 22:57:47
09:46:36,18.58,0.0,16,29728,卖盘,002767,2025-10-17 22:57:47
09:46:39,18.59,0.01,9,16731,买盘,002767,2025-10-17 22:57:47
09:46:42,18.59,0.0,1,1859,卖盘,002767,2025-10-17 22:57:47
09:46:57,18.6,0.01,5,9300,买盘,002767,2025-10-17 22:57:47
09:47:12,18.6,0.0,3,5580,买盘,002767,2025-10-17 22:57:47
09:47:24,18.61,0.01,4,7444,买盘,002767,2025-10-17 22:57:47
09:47:27,18.61,0.0,14,26054,买盘,002767,2025-10-17 22:57:47
09:47:30,18.61,0.0,13,24203,卖盘,002767,2025-10-17 22:57:47
09:47:33,18.63,0.02,66,122898,买盘,002767,2025-10-17 22:57:47
09:47:36,18.62,-0.01,1,1862,卖盘,002767,2025-10-17 22:57:47
09:47:39,18.63,0.01,3,5589,买盘,002767,2025-10-17 22:57:47
09:47:42,18.62,-0.01,2,3723,中性盘,002767,2025-10-17 22:57:47
09:47:45,18.61,-0.01,21,39081,卖盘,002767,2025-10-17 22:57:47
09:47:48,18.6,-0.01,4,7440,卖盘,002767,2025-10-17 22:57:47
09:47:54,18.6,0.0,2,3720,卖盘,002767,2025-10-17 22:57:47
09:48:00,18.61,0.01,7,13027,买盘,002767,2025-10-17 22:57:47
09:48:03,18.6,-0.01,3,5581,卖盘,002767,2025-10-17 22:57:47
09:48:06,18.6,0.0,36,66960,卖盘,002767,2025-10-17 22:57:47
09:48:15,18.58,-0.02,168,312287,卖盘,002767,2025-10-17 22:57:47
09:48:24,18.58,0.0,5,9292,卖盘,002767,2025-10-17 22:57:47
09:48:33,18.59,0.01,24,44616,买盘,002767,2025-10-17 22:57:47
09:48:39,18.6,0.01,7,13020,买盘,002767,2025-10-17 22:57:47
09:48:42,18.61,0.01,54,100438,买盘,002767,2025-10-17 22:57:47
09:48:45,18.62,0.01,28,52084,买盘,002767,2025-10-17 22:57:47
09:48:48,18.62,0.0,1,1862,买盘,002767,2025-10-17 22:57:47
09:48:54,18.62,0.0,27,50248,中性盘,002767,2025-10-17 22:57:47
09:48:57,18.61,-0.01,26,48388,卖盘,002767,2025-10-17 22:57:47
09:49:00,18.61,0.0,36,66996,买盘,002767,2025-10-17 22:57:47
09:49:03,18.63,0.02,13,24219,买盘,002767,2025-10-17 22:57:47
09:49:06,18.63,0.0,1,1863,买盘,002767,2025-10-17 22:57:47
09:49:09,18.63,0.0,1,1863,卖盘,002767,2025-10-17 22:57:47
09:49:12,18.63,0.0,3,5589,买盘,002767,2025-10-17 22:57:47
09:49:21,18.63,0.0,2,3726,买盘,002767,2025-10-17 22:57:47
09:49:24,18.63,0.0,7,13040,买盘,002767,2025-10-17 22:57:47
09:49:27,18.64,0.01,6,11176,买盘,002767,2025-10-17 22:57:47
09:49:45,18.6,-0.04,19,35340,卖盘,002767,2025-10-17 22:57:47
09:49:48,18.59,-0.01,40,74367,卖盘,002767,2025-10-17 22:57:47
09:50:00,18.58,-0.01,1,1858,卖盘,002767,2025-10-17 22:57:47
09:50:03,18.61,0.03,7,13009,买盘,002767,2025-10-17 22:57:47
09:50:18,18.61,0.0,4,7444,买盘,002767,2025-10-17 22:57:47
09:50:24,18.62,0.01,3,5585,买盘,002767,2025-10-17 22:57:47
09:50:45,18.61,-0.01,3,5583,卖盘,002767,2025-10-17 22:57:47
09:50:51,18.6,-0.01,67,124615,卖盘,002767,2025-10-17 22:57:47
09:51:12,18.6,0.0,19,35340,卖盘,002767,2025-10-17 22:57:47
09:51:15,18.6,0.0,3,5580,卖盘,002767,2025-10-17 22:57:47
09:51:18,18.6,0.0,9,16742,卖盘,002767,2025-10-17 22:57:47
09:51:21,18.6,0.0,19,35340,买盘,002767,2025-10-17 22:57:47
09:51:24,18.61,0.01,10,18610,买盘,002767,2025-10-17 22:57:47
09:51:30,18.61,0.0,2,3722,买盘,002767,2025-10-17 22:57:47
09:51:33,18.61,0.0,3,5583,买盘,002767,2025-10-17 22:57:47
09:51:48,18.62,0.01,51,94916,卖盘,002767,2025-10-17 22:57:47
09:51:51,18.63,0.01,5,9315,买盘,002767,2025-10-17 22:57:47
09:51:54,18.65,0.02,1,1865,买盘,002767,2025-10-17 22:57:47
09:52:06,18.65,0.0,1,1865,买盘,002767,2025-10-17 22:57:47
09:52:12,18.65,0.0,6,11190,买盘,002767,2025-10-17 22:57:47
09:52:15,18.65,0.0,2,3730,买盘,002767,2025-10-17 22:57:47
09:52:21,18.64,-0.01,1,1864,买盘,002767,2025-10-17 22:57:47
09:52:24,18.65,0.01,1,1865,买盘,002767,2025-10-17 22:57:47
09:52:27,18.65,0.0,4,7460,买盘,002767,2025-10-17 22:57:47
09:52:30,18.64,-0.01,2,3728,卖盘,002767,2025-10-17 22:57:47
09:52:36,18.65,0.01,3,5595,买盘,002767,2025-10-17 22:57:47
09:52:42,18.65,0.0,58,108154,买盘,002767,2025-10-17 22:57:47
09:53:06,18.64,-0.01,1,1864,买盘,002767,2025-10-17 22:57:47
09:53:15,18.64,0.0,5,9320,买盘,002767,2025-10-17 22:57:47
09:53:18,18.64,0.0,7,13048,买盘,002767,2025-10-17 22:57:47
09:53:30,18.63,-0.01,37,68931,卖盘,002767,2025-10-17 22:57:47
09:53:33,18.62,-0.01,3,5586,卖盘,002767,2025-10-17 22:57:47
09:53:54,18.62,0.0,19,35378,卖盘,002767,2025-10-17 22:57:47
09:54:03,18.61,-0.01,1,1861,卖盘,002767,2025-10-17 22:57:47
09:54:18,18.63,0.02,28,52164,买盘,002767,2025-10-17 22:57:47
09:54:21,18.64,0.01,4,7456,买盘,002767,2025-10-17 22:57:47
09:54:33,18.63,-0.01,4,7452,卖盘,002767,2025-10-17 22:57:47
09:54:54,18.63,0.0,35,65205,卖盘,002767,2025-10-17 22:57:47
09:54:57,18.63,0.0,7,13040,买盘,002767,2025-10-17 22:57:47
09:55:18,18.63,0.0,3,5589,买盘,002767,2025-10-17 22:57:47
09:55:24,18.63,0.0,33,61479,买盘,002767,2025-10-17 22:57:47
09:55:27,18.64,0.01,67,124870,买盘,002767,2025-10-17 22:57:47
09:55:42,18.66,0.02,8,14928,买盘,002767,2025-10-17 22:57:47
09:55:48,18.65,-0.01,2,3730,卖盘,002767,2025-10-17 22:57:47
09:55:51,18.65,0.0,1,1865,卖盘,002767,2025-10-17 22:57:47
09:55:57,18.66,0.01,4,7464,买盘,002767,2025-10-17 22:57:47
09:56:12,18.65,-0.01,1,1865,卖盘,002767,2025-10-17 22:57:47
09:56:18,18.65,0.0,10,18650,卖盘,002767,2025-10-17 22:57:47
09:56:24,18.65,0.0,10,18650,买盘,002767,2025-10-17 22:57:47
09:56:36,18.66,0.01,1,1866,买盘,002767,2025-10-17 22:57:47
09:56:48,18.66,0.0,28,52248,买盘,002767,2025-10-17 22:57:47
09:57:00,18.67,0.01,1,1867,买盘,002767,2025-10-17 22:57:47
09:57:06,18.68,0.01,3,5604,买盘,002767,2025-10-17 22:57:47
09:57:12,18.69,0.01,3,5607,买盘,002767,2025-10-17 22:57:47
09:57:15,18.69,0.0,13,24297,买盘,002767,2025-10-17 22:57:47
09:57:21,18.7,0.01,10,18700,买盘,002767,2025-10-17 22:57:47
09:57:24,18.69,-0.01,4,7476,买盘,002767,2025-10-17 22:57:47
09:57:33,18.71,0.02,1,1871,买盘,002767,2025-10-17 22:57:47
09:57:36,18.71,0.0,1,1871,买盘,002767,2025-10-17 22:57:47
09:57:48,18.71,0.0,15,28064,买盘,002767,2025-10-17 22:57:47
09:57:51,18.71,0.0,6,11226,买盘,002767,2025-10-17 22:57:47
09:57:54,18.71,0.0,5,9355,中性盘,002767,2025-10-17 22:57:47
09:57:57,18.7,-0.01,21,39270,卖盘,002767,2025-10-17 22:57:47
09:58:00,18.69,-0.01,24,44856,卖盘,002767,2025-10-17 22:57:47
09:58:09,18.67,-0.02,1,1867,卖盘,002767,2025-10-17 22:57:47
09:58:42,18.67,0.0,3,5601,买盘,002767,2025-10-17 22:57:47
09:58:57,18.67,0.0,9,16801,买盘,002767,2025-10-17 22:57:47
09:59:00,18.67,0.0,1,1867,卖盘,002767,2025-10-17 22:57:47
09:59:36,18.66,-0.01,4,7464,卖盘,002767,2025-10-17 22:57:47
09:59:39,18.65,-0.01,1,1865,卖盘,002767,2025-10-17 22:57:47
09:59:57,18.67,0.02,1,1867,买盘,002767,2025-10-17 22:57:47
10:00:03,18.64,-0.03,169,315184,卖盘,002767,2025-10-17 22:57:47
10:00:06,18.62,-0.02,23,42844,卖盘,002767,2025-10-17 22:57:47
10:00:09,18.62,0.0,3,5586,卖盘,002767,2025-10-17 22:57:47
10:00:21,18.64,0.02,2,3728,买盘,002767,2025-10-17 22:57:47
10:00:24,18.63,-0.01,2,3726,中性盘,002767,2025-10-17 22:57:47
10:00:30,18.63,0.0,3,5589,卖盘,002767,2025-10-17 22:57:47
10:00:33,18.63,0.0,2,3726,买盘,002767,2025-10-17 22:57:47
10:00:36,18.64,0.01,3,5592,买盘,002767,2025-10-17 22:57:47
10:00:39,18.63,-0.01,1,1863,卖盘,002767,2025-10-17 22:57:47
10:00:54,18.64,0.01,3,5592,买盘,002767,2025-10-17 22:57:47
10:00:57,18.63,-0.01,2,3727,卖盘,002767,2025-10-17 22:57:47
10:01:00,18.64,0.01,41,76398,买盘,002767,2025-10-17 22:57:47
10:01:03,18.63,-0.01,4,7455,卖盘,002767,2025-10-17 22:57:47
10:01:15,18.62,-0.01,1,1862,卖盘,002767,2025-10-17 22:57:47
10:01:48,18.62,0.0,65,121030,卖盘,002767,2025-10-17 22:57:47
10:01:51,18.63,0.01,24,44688,买盘,002767,2025-10-17 22:57:47
10:01:54,18.64,0.01,21,39145,买盘,002767,2025-10-17 22:57:47
10:01:57,18.64,0.0,1,1864,卖盘,002767,2025-10-17 22:57:47
10:02:03,18.64,0.0,4,7456,卖盘,002767,2025-10-17 22:57:47
10:02:18,18.64,0.0,3,5592,卖盘,002767,2025-10-17 22:57:47
10:02:21,18.65,0.01,15,27965,买盘,002767,2025-10-17 22:57:47
10:02:24,18.65,0.0,4,7460,买盘,002767,2025-10-17 22:57:47
10:02:39,18.65,0.0,1,1865,卖盘,002767,2025-10-17 22:57:47
10:02:51,18.65,0.0,7,13055,卖盘,002767,2025-10-17 22:57:47
10:02:54,18.65,0.0,1,1865,卖盘,002767,2025-10-17 22:57:47
10:02:57,18.65,0.0,29,54085,卖盘,002767,2025-10-17 22:57:47
10:03:00,18.65,0.0,1,1865,卖盘,002767,2025-10-17 22:57:47
10:03:15,18.64,-0.01,12,22379,卖盘,002767,2025-10-17 22:57:47
10:03:57,18.64,0.0,2,3728,卖盘,002767,2025-10-17 22:57:47
10:04:00,18.63,-0.01,1,1863,卖盘,002767,2025-10-17 22:57:47
10:04:09,18.65,0.02,42,78299,买盘,002767,2025-10-17 22:57:47
10:04:24,18.66,0.01,6,11196,买盘,002767,2025-10-17 22:57:47
10:04:39,18.65,-0.01,4,7460,卖盘,002767,2025-10-17 22:57:47
10:04:45,18.64,-0.01,25,46600,卖盘,002767,2025-10-17 22:57:47
10:05:09,18.63,-0.01,17,31673,卖盘,002767,2025-10-17 22:57:47
10:05:12,18.64,0.01,10,18640,买盘,002767,2025-10-17 22:57:47
10:05:36,18.63,-0.01,58,108059,卖盘,002767,2025-10-17 22:57:47
10:05:39,18.63,0.0,2,3725,买盘,002767,2025-10-17 22:57:47
10:05:48,18.63,0.0,2,3726,买盘,002767,2025-10-17 22:57:47
10:06:03,18.62,-0.01,25,46550,卖盘,002767,2025-10-17 22:57:47
10:06:12,18.61,-0.01,18,33497,卖盘,002767,2025-10-17 22:57:47
10:06:33,18.61,0.0,6,11166,买盘,002767,2025-10-17 22:57:47
10:06:36,18.61,0.0,8,14895,中性盘,002767,2025-10-17 22:57:47
10:06:51,18.61,0.0,2,3722,卖盘,002767,2025-10-17 22:57:47
10:07:00,18.6,-0.01,1,1860,卖盘,002767,2025-10-17 22:57:47
10:07:42,18.62,0.02,7,13038,卖盘,002767,2025-10-17 22:57:47
10:07:45,18.63,0.01,7,13041,买盘,002767,2025-10-17 22:57:47
10:07:48,18.61,-0.02,1,1861,卖盘,002767,2025-10-17 22:57:47
10:07:51,18.61,0.0,51,94911,卖盘,002767,2025-10-17 22:57:47
10:07:54,18.61,0.0,4,7444,卖盘,002767,2025-10-17 22:57:47
10:07:57,18.61,0.0,1,1861,卖盘,002767,2025-10-17 22:57:47
10:08:06,18.64,0.03,1,1864,买盘,002767,2025-10-17 22:57:47
10:08:09,18.64,0.0,2,3728,买盘,002767,2025-10-17 22:57:47
10:08:12,18.64,0.0,7,13048,买盘,002767,2025-10-17 22:57:47
10:08:27,18.62,-0.02,3,5586,卖盘,002767,2025-10-17 22:57:47
10:08:30,18.62,0.0,1,1862,卖盘,002767,2025-10-17 22:57:47
10:09:51,18.62,0.0,56,104273,卖盘,002767,2025-10-17 22:57:47
10:09:54,18.62,0.0,5,9310,卖盘,002767,2025-10-17 22:57:47
10:10:03,18.62,0.0,2,3724,卖盘,002767,2025-10-17 22:57:47
10:10:06,18.62,0.0,1,1862,卖盘,002767,2025-10-17 22:57:47
10:10:09,18.62,0.0,3,5586,卖盘,002767,2025-10-17 22:57:47
10:10:15,18.62,0.0,4,7451,卖盘,002767,2025-10-17 22:57:47
10:10:27,18.61,-0.01,108,200988,卖盘,002767,2025-10-17 22:57:47
10:10:30,18.62,0.01,9,16758,买盘,002767,2025-10-17 22:57:47
10:10:42,18.61,-0.01,3,5583,卖盘,002767,2025-10-17 22:57:47
10:10:51,18.61,0.0,3,5583,卖盘,002767,2025-10-17 22:57:47
10:10:54,18.61,0.0,5,9305,卖盘,002767,2025-10-17 22:57:47
10:11:24,18.6,-0.01,55,102312,卖盘,002767,2025-10-17 22:57:47
10:11:27,18.59,-0.01,90,167348,卖盘,002767,2025-10-17 22:57:47
10:11:36,18.58,-0.01,21,39019,卖盘,002767,2025-10-17 22:57:47
10:11:39,18.58,0.0,3,5574,卖盘,002767,2025-10-17 22:57:47
10:11:42,18.58,0.0,83,154214,卖盘,002767,2025-10-17 22:57:47
10:11:51,18.58,0.0,2,3716,买盘,002767,2025-10-17 22:57:47
10:11:54,18.58,0.0,5,9290,买盘,002767,2025-10-17 22:57:47
10:11:57,18.58,0.0,3,5574,买盘,002767,2025-10-17 22:57:47
10:12:00,18.58,0.0,1,1858,买盘,002767,2025-10-17 22:57:47
10:12:09,18.58,0.0,5,9290,买盘,002767,2025-10-17 22:57:47
10:12:12,18.58,0.0,15,27870,买盘,002767,2025-10-17 22:57:47
10:12:27,18.58,0.0,1,1858,买盘,002767,2025-10-17 22:57:47
10:12:36,18.57,-0.01,34,63152,卖盘,002767,2025-10-17 22:57:47
10:12:39,18.59,0.02,7,13011,买盘,002767,2025-10-17 22:57:47
10:12:48,18.59,0.0,7,13013,买盘,002767,2025-10-17 22:57:47
10:13:00,18.59,0.0,1,1859,卖盘,002767,2025-10-17 22:57:47
10:13:03,18.61,0.02,6,11166,买盘,002767,2025-10-17 22:57:47
10:13:06,18.62,0.01,50,93100,买盘,002767,2025-10-17 22:57:47
10:13:15,18.62,0.0,1,1862,卖盘,002767,2025-10-17 22:57:47
10:13:18,18.63,0.01,7,13041,买盘,002767,2025-10-17 22:57:47
10:13:36,18.63,0.0,1,1863,卖盘,002767,2025-10-17 22:57:47
10:13:39,18.63,0.0,10,18630,买盘,002767,2025-10-17 22:57:47
10:14:42,18.62,-0.01,2,3724,卖盘,002767,2025-10-17 22:57:47
10:14:54,18.63,0.01,4,7452,买盘,002767,2025-10-17 22:57:47
10:14:57,18.62,-0.01,8,14896,卖盘,002767,2025-10-17 22:57:47
10:15:00,18.62,0.0,43,80066,卖盘,002767,2025-10-17 22:57:47
10:15:03,18.61,-0.01,4,7444,卖盘,002767,2025-10-17 22:57:47
10:15:30,18.61,0.0,10,18610,买盘,002767,2025-10-17 22:57:47
10:15:51,18.59,-0.02,1,1859,卖盘,002767,2025-10-17 22:57:47
10:15:54,18.59,0.0,2,3718,卖盘,002767,2025-10-17 22:57:47
10:15:57,18.59,0.0,1,1859,卖盘,002767,2025-10-17 22:57:47
10:16:00,18.59,0.0,20,37180,卖盘,002767,2025-10-17 22:57:47
10:16:06,18.59,0.0,2,3718,卖盘,002767,2025-10-17 22:57:47
10:16:30,18.59,0.0,1,1859,卖盘,002767,2025-10-17 22:57:47
10:16:36,18.59,0.0,24,44618,卖盘,002767,2025-10-17 22:57:47
10:16:45,18.59,0.0,106,197054,买盘,002767,2025-10-17 22:57:47
10:17:00,18.6,0.01,16,29760,买盘,002767,2025-10-17 22:57:47
10:17:06,18.6,0.0,6,11160,卖盘,002767,2025-10-17 22:57:47
10:17:18,18.6,0.0,6,11160,卖盘,002767,2025-10-17 22:57:47
10:17:30,18.61,0.01,5,9305,买盘,002767,2025-10-17 22:57:47
10:17:33,18.61,0.0,21,39081,买盘,002767,2025-10-17 22:57:47
10:17:36,18.61,0.0,3,5583,买盘,002767,2025-10-17 22:57:47
10:17:42,18.62,0.01,32,59584,买盘,002767,2025-10-17 22:57:47
10:17:57,18.63,0.01,33,61479,买盘,002767,2025-10-17 22:57:47
10:18:06,18.63,0.0,19,35397,买盘,002767,2025-10-17 22:57:47
10:18:09,18.63,0.0,1,1863,卖盘,002767,2025-10-17 22:57:47
10:18:12,18.64,0.01,1,1864,买盘,002767,2025-10-17 22:57:47
10:18:30,18.62,-0.02,39,72624,卖盘,002767,2025-10-17 22:57:47
10:18:33,18.64,0.02,1,1864,买盘,002767,2025-10-17 22:57:47
10:18:51,18.63,-0.01,5,9315,买盘,002767,2025-10-17 22:57:47
10:18:54,18.65,0.02,255,475263,买盘,002767,2025-10-17 22:57:47
10:18:57,18.66,0.01,2,3732,卖盘,002767,2025-10-17 22:57:47
10:19:00,18.66,0.0,18,33588,卖盘,002767,2025-10-17 22:57:47
10:19:09,18.66,0.0,21,39186,卖盘,002767,2025-10-17 22:57:47
10:19:27,18.66,0.0,8,14928,卖盘,002767,2025-10-17 22:57:47
10:19:30,18.66,0.0,5,9330,卖盘,002767,2025-10-17 22:57:47
10:19:33,18.66,0.0,1,1866,卖盘,002767,2025-10-17 22:57:47
10:19:36,18.68,0.02,22,41076,买盘,002767,2025-10-17 22:57:47
10:19:39,18.69,0.01,58,108347,买盘,002767,2025-10-17 22:57:47
10:19:51,18.71,0.02,4,7482,中性盘,002767,2025-10-17 22:57:47
10:20:09,18.72,0.01,10,18720,买盘,002767,2025-10-17 22:57:47
10:20:33,18.69,-0.03,1,1869,卖盘,002767,2025-10-17 22:57:47
10:20:54,18.69,0.0,5,9345,卖盘,002767,2025-10-17 22:57:47
10:21:27,18.71,0.02,36,67356,买盘,002767,2025-10-17 22:57:47
10:21:30,18.72,0.01,7,13104,买盘,002767,2025-10-17 22:57:47
10:21:33,18.72,0.0,10,18720,中性盘,002767,2025-10-17 22:57:47
10:21:42,18.72,0.0,1,1872,中性盘,002767,2025-10-17 22:57:47
10:21:45,18.73,0.01,2,3746,买盘,002767,2025-10-17 22:57:47
10:21:51,18.73,0.0,2,3746,买盘,002767,2025-10-17 22:57:47
10:21:57,18.73,0.0,4,7492,买盘,002767,2025-10-17 22:57:47
10:22:00,18.78,0.05,27,50577,买盘,002767,2025-10-17 22:57:47
10:22:03,18.75,-0.03,1,1875,中性盘,002767,2025-10-17 22:57:47
10:22:27,18.78,0.03,54,101405,买盘,002767,2025-10-17 22:57:47
10:22:33,18.78,0.0,1,1878,买盘,002767,2025-10-17 22:57:47
10:22:45,18.77,-0.01,37,69484,中性盘,002767,2025-10-17 22:57:47
10:22:48,18.76,-0.01,46,86296,卖盘,002767,2025-10-17 22:57:47
10:23:00,18.76,0.0,1,1876,卖盘,002767,2025-10-17 22:57:47
10:23:03,18.76,0.0,1,1876,卖盘,002767,2025-10-17 22:57:47
10:23:12,18.76,0.0,1,1876,卖盘,002767,2025-10-17 22:57:47
10:23:24,18.76,0.0,19,35644,卖盘,002767,2025-10-17 22:57:47
10:23:33,18.76,0.0,2,3752,卖盘,002767,2025-10-17 22:57:47
10:23:51,18.76,0.0,7,13132,卖盘,002767,2025-10-17 22:57:47
10:23:54,18.76,0.0,7,13132,卖盘,002767,2025-10-17 22:57:47
10:24:00,18.76,0.0,5,9380,卖盘,002767,2025-10-17 22:57:47
10:24:27,18.77,0.01,6,11262,买盘,002767,2025-10-17 22:57:47
10:24:30,18.76,-0.01,1,1876,卖盘,002767,2025-10-17 22:57:47
10:25:03,18.77,0.01,3,5631,买盘,002767,2025-10-17 22:57:47
10:25:09,18.77,0.0,3,5631,买盘,002767,2025-10-17 22:57:47
10:25:33,18.77,0.0,31,58187,买盘,002767,2025-10-17 22:57:47
10:25:36,18.77,0.0,6,11266,卖盘,002767,2025-10-17 22:57:47
10:25:39,18.78,0.01,7,13146,买盘,002767,2025-10-17 22:57:47
10:25:42,18.78,0.0,1,1878,卖盘,002767,2025-10-17 22:57:47
10:25:45,18.78,0.0,4,7512,买盘,002767,2025-10-17 22:57:47
10:25:48,18.78,0.0,10,18789,中性盘,002767,2025-10-17 22:57:47
10:25:51,18.79,0.01,43,80777,买盘,002767,2025-10-17 22:57:47
10:25:54,18.79,0.0,4,7516,卖盘,002767,2025-10-17 22:57:47
10:26:18,18.79,0.0,15,28185,卖盘,002767,2025-10-17 22:57:47
10:26:21,18.79,0.0,1,1879,卖盘,002767,2025-10-17 22:57:47
10:26:24,18.8,0.01,19,35720,买盘,002767,2025-10-17 22:57:47
10:26:27,18.79,-0.01,1,1879,卖盘,002767,2025-10-17 22:57:47
10:26:42,18.79,0.0,2,3758,卖盘,002767,2025-10-17 22:57:47
10:26:45,18.8,0.01,17,31955,买盘,002767,2025-10-17 22:57:47
10:26:48,18.79,-0.01,1,1879,卖盘,002767,2025-10-17 22:57:47
10:26:51,18.79,0.0,3,5638,卖盘,002767,2025-10-17 22:57:47
10:26:54,18.79,0.0,1,1879,卖盘,002767,2025-10-17 22:57:47
10:27:03,18.8,0.01,56,105280,买盘,002767,2025-10-17 22:57:47
10:27:06,18.8,0.0,4,7520,卖盘,002767,2025-10-17 22:57:47
10:27:21,18.81,0.01,20,37620,卖盘,002767,2025-10-17 22:57:47
10:27:33,18.81,0.0,1,1881,卖盘,002767,2025-10-17 22:57:47
10:27:39,18.82,0.01,47,88450,买盘,002767,2025-10-17 22:57:47
10:27:42,18.81,-0.01,13,24456,卖盘,002767,2025-10-17 22:57:47
10:27:45,18.83,0.02,10,18830,买盘,002767,2025-10-17 22:57:47
10:27:51,18.83,0.0,47,88501,买盘,002767,2025-10-17 22:57:47
10:28:06,18.83,0.0,10,18830,卖盘,002767,2025-10-17 22:57:47
10:28:12,18.84,0.01,1,1884,买盘,002767,2025-10-17 22:57:47
10:28:27,18.83,-0.01,8,15064,卖盘,002767,2025-10-17 22:57:47
10:28:36,18.83,0.0,8,15064,卖盘,002767,2025-10-17 22:57:47
10:28:42,18.83,0.0,1,1883,买盘,002767,2025-10-17 22:57:47
10:28:48,18.81,-0.02,1,1881,卖盘,002767,2025-10-17 22:57:47
10:28:51,18.81,0.0,3,5643,卖盘,002767,2025-10-17 22:57:47
10:29:09,18.81,0.0,22,41383,卖盘,002767,2025-10-17 22:57:47
10:29:12,18.83,0.02,59,111095,买盘,002767,2025-10-17 22:57:47
10:29:15,18.82,-0.01,4,7528,卖盘,002767,2025-10-17 22:57:47
10:29:21,18.83,0.01,4,7532,卖盘,002767,2025-10-17 22:57:47
10:29:24,18.81,-0.02,2,3762,卖盘,002767,2025-10-17 22:57:47
10:29:33,18.84,0.03,39,73455,买盘,002767,2025-10-17 22:57:47
10:29:36,18.85,0.01,4,7540,买盘,002767,2025-10-17 22:57:47
10:29:39,18.84,-0.01,33,62201,卖盘,002767,2025-10-17 22:57:47
10:29:48,18.86,0.02,73,137678,买盘,002767,2025-10-17 22:57:47
10:30:21,18.87,0.01,10,18870,卖盘,002767,2025-10-17 22:57:47
10:30:24,18.88,0.01,12,22653,买盘,002767,2025-10-17 22:57:47
10:30:39,18.87,-0.01,2,3774,卖盘,002767,2025-10-17 22:57:47
10:30:45,18.87,0.0,33,62293,卖盘,002767,2025-10-17 22:57:47
10:30:48,18.87,0.0,3,5661,卖盘,002767,2025-10-17 22:57:47
10:30:51,18.87,0.0,52,98124,买盘,002767,2025-10-17 22:57:47
10:30:54,18.86,-0.01,26,49038,卖盘,002767,2025-10-17 22:57:47
10:31:00,18.86,0.0,43,81098,买盘,002767,2025-10-17 22:57:47
10:31:09,18.88,0.02,101,190603,买盘,002767,2025-10-17 22:57:47
10:31:12,18.88,0.0,10,18879,买盘,002767,2025-10-17 22:57:47
10:31:21,18.88,0.0,2,3776,买盘,002767,2025-10-17 22:57:47
10:31:24,18.88,0.0,4,7552,买盘,002767,2025-10-17 22:57:47
10:31:27,18.9,0.02,14,26460,买盘,002767,2025-10-17 22:57:47
10:31:45,18.89,-0.01,20,37780,卖盘,002767,2025-10-17 22:57:47
10:32:09,18.88,-0.01,1,1888,卖盘,002767,2025-10-17 22:57:47
10:32:18,18.88,0.0,1,1888,卖盘,002767,2025-10-17 22:57:47
10:32:27,18.88,0.0,10,18880,卖盘,002767,2025-10-17 22:57:47
10:32:30,18.88,0.0,11,20768,卖盘,002767,2025-10-17 22:57:47
10:32:39,18.89,0.01,25,47225,买盘,002767,2025-10-17 22:57:47
10:32:42,18.89,0.0,92,173788,买盘,002767,2025-10-17 22:57:47
10:32:45,18.89,0.0,15,28344,卖盘,002767,2025-10-17 22:57:47
10:33:24,18.89,0.0,1,1889,卖盘,002767,2025-10-17 22:57:47
10:33:42,18.89,0.0,8,15112,卖盘,002767,2025-10-17 22:57:47
10:33:48,18.89,0.0,1,1889,卖盘,002767,2025-10-17 22:57:47
10:33:54,18.89,0.0,4,7556,卖盘,002767,2025-10-17 22:57:47
10:33:57,18.89,0.0,28,52892,卖盘,002767,2025-10-17 22:57:47
10:34:00,18.89,0.0,23,43447,卖盘,002767,2025-10-17 22:57:47
10:34:15,18.88,-0.01,2,3777,卖盘,002767,2025-10-17 22:57:47
10:34:18,18.88,0.0,1,1888,卖盘,002767,2025-10-17 22:57:47
10:34:21,18.9,0.02,14,26449,买盘,002767,2025-10-17 22:57:47
10:34:27,18.9,0.0,2,3780,买盘,002767,2025-10-17 22:57:47
10:34:30,18.9,0.0,1,1890,买盘,002767,2025-10-17 22:57:47
10:34:42,18.89,-0.01,1,1889,中性盘,002767,2025-10-17 22:57:47
10:34:48,18.89,0.0,1,1889,中性盘,002767,2025-10-17 22:57:47
10:35:06,18.88,-0.01,15,28320,卖盘,002767,2025-10-17 22:57:47
10:35:09,18.88,0.0,1,1888,买盘,002767,2025-10-17 22:57:47
10:35:12,18.88,0.0,3,5664,卖盘,002767,2025-10-17 22:57:47
10:35:15,18.88,0.0,4,7552,卖盘,002767,2025-10-17 22:57:47
10:35:30,18.89,0.01,4,7556,买盘,002767,2025-10-17 22:57:47
10:35:36,18.89,0.0,21,39669,买盘,002767,2025-10-17 22:57:47
10:35:39,18.89,0.0,81,153009,卖盘,002767,2025-10-17 22:57:47
10:35:51,18.89,0.0,3,5667,买盘,002767,2025-10-17 22:57:47
10:36:30,18.89,0.0,13,24557,买盘,002767,2025-10-17 22:57:47
10:36:33,18.88,-0.01,1,1888,卖盘,002767,2025-10-17 22:57:47
10:36:42,18.88,0.0,6,11328,卖盘,002767,2025-10-17 22:57:47
10:36:48,18.88,0.0,8,15104,卖盘,002767,2025-10-17 22:57:47
10:37:09,18.89,0.01,2,3778,买盘,002767,2025-10-17 22:57:47
10:37:12,18.88,-0.01,8,15104,卖盘,002767,2025-10-17 22:57:47
10:37:33,18.89,0.01,36,68004,买盘,002767,2025-10-17 22:57:47
10:37:36,18.89,0.0,2,3778,卖盘,002767,2025-10-17 22:57:47
10:37:42,18.88,-0.01,11,20777,卖盘,002767,2025-10-17 22:57:47
10:37:45,18.9,0.02,5,9450,买盘,002767,2025-10-17 22:57:47
10:37:48,18.9,0.0,4,7560,买盘,002767,2025-10-17 22:57:47
10:37:54,18.89,-0.01,5,9445,买盘,002767,2025-10-17 22:57:47
10:38:06,18.88,-0.01,46,86848,卖盘,002767,2025-10-17 22:57:47
10:38:33,18.87,-0.01,3,5661,卖盘,002767,2025-10-17 22:57:47
10:38:45,18.87,0.0,1,1887,卖盘,002767,2025-10-17 22:57:47
10:38:48,18.87,0.0,1,1887,买盘,002767,2025-10-17 22:57:47
10:38:57,18.86,-0.01,2,3772,卖盘,002767,2025-10-17 22:57:47
10:39:00,18.87,0.01,21,39627,买盘,002767,2025-10-17 22:57:47
10:39:03,18.87,0.0,14,26418,卖盘,002767,2025-10-17 22:57:47
10:39:06,18.87,0.0,6,11323,卖盘,002767,2025-10-17 22:57:47
10:39:12,18.87,0.0,29,54723,卖盘,002767,2025-10-17 22:57:47
10:39:18,18.85,-0.02,7,13195,卖盘,002767,2025-10-17 22:57:47
10:39:24,18.85,0.0,8,15080,买盘,002767,2025-10-17 22:57:47
10:39:30,18.87,0.02,1,1887,卖盘,002767,2025-10-17 22:57:47
10:39:33,18.87,0.0,1,1887,卖盘,002767,2025-10-17 22:57:47
10:39:36,18.87,0.0,1,1887,卖盘,002767,2025-10-17 22:57:47
10:40:27,18.86,-0.01,1,1886,卖盘,002767,2025-10-17 22:57:47
10:40:33,18.87,0.01,14,26418,买盘,002767,2025-10-17 22:57:47
10:40:36,18.86,-0.01,1,1886,卖盘,002767,2025-10-17 22:57:47
10:40:48,18.86,0.0,15,28290,卖盘,002767,2025-10-17 22:57:47
10:40:51,18.87,0.01,2,3774,买盘,002767,2025-10-17 22:57:47
10:40:54,18.86,-0.01,1,1886,卖盘,002767,2025-10-17 22:57:47
10:40:57,18.87,0.01,14,26418,买盘,002767,2025-10-17 22:57:47
10:41:00,18.87,0.0,1,1887,卖盘,002767,2025-10-17 22:57:47
10:41:09,18.87,0.0,1,1887,卖盘,002767,2025-10-17 22:57:47
10:41:24,18.87,0.0,3,5661,卖盘,002767,2025-10-17 22:57:47
10:41:30,18.87,0.0,1,1887,卖盘,002767,2025-10-17 22:57:47
10:41:33,18.87,0.0,2,3774,卖盘,002767,2025-10-17 22:57:47
10:41:36,18.87,0.0,25,47173,卖盘,002767,2025-10-17 22:57:47
10:41:39,18.86,-0.01,1,1886,卖盘,002767,2025-10-17 22:57:47
10:42:03,18.86,0.0,1,1886,卖盘,002767,2025-10-17 22:57:47
10:42:18,18.86,0.0,10,18860,卖盘,002767,2025-10-17 22:57:47
10:42:21,18.86,0.0,1,1886,卖盘,002767,2025-10-17 22:57:47
10:42:39,18.86,0.0,1,1886,卖盘,002767,2025-10-17 22:57:47
10:42:45,18.86,0.0,19,35834,卖盘,002767,2025-10-17 22:57:47
10:42:48,18.86,0.0,1,1886,卖盘,002767,2025-10-17 22:57:47
10:42:51,18.86,0.0,10,18860,卖盘,002767,2025-10-17 22:57:47
10:42:54,18.86,0.0,2,3772,卖盘,002767,2025-10-17 22:57:47
10:42:57,18.86,0.0,6,11316,卖盘,002767,2025-10-17 22:57:47
10:43:06,18.85,-0.01,1,1885,卖盘,002767,2025-10-17 22:57:47
10:43:54,18.85,0.0,1,1885,买盘,002767,2025-10-17 22:57:47
10:44:00,18.85,0.0,1,1885,买盘,002767,2025-10-17 22:57:47
10:44:03,18.85,0.0,1,1885,卖盘,002767,2025-10-17 22:57:47
10:44:09,18.85,0.0,1,1885,卖盘,002767,2025-10-17 22:57:47
10:44:18,18.85,0.0,2,3770,卖盘,002767,2025-10-17 22:57:47
10:44:45,18.85,0.0,1,1885,卖盘,002767,2025-10-17 22:57:47
10:45:00,18.85,0.0,2,3770,卖盘,002767,2025-10-17 22:57:47
10:45:03,18.84,-0.01,14,26389,卖盘,002767,2025-10-17 22:57:47
10:45:33,18.84,0.0,3,5652,卖盘,002767,2025-10-17 22:57:47
10:45:36,18.84,0.0,7,13188,买盘,002767,2025-10-17 22:57:47
10:45:51,18.85,0.01,7,13195,买盘,002767,2025-10-17 22:57:47
10:46:12,18.84,-0.01,9,16956,卖盘,002767,2025-10-17 22:57:47
10:46:36,18.84,0.0,7,13188,买盘,002767,2025-10-17 22:57:47
10:46:45,18.85,0.01,7,13195,买盘,002767,2025-10-17 22:57:47
10:46:48,18.85,0.0,1,1885,买盘,002767,2025-10-17 22:57:47
10:46:51,18.85,0.0,13,24505,买盘,002767,2025-10-17 22:57:47
10:47:03,18.86,0.01,6,11316,买盘,002767,2025-10-17 22:57:47
10:47:09,18.86,0.0,1,1886,卖盘,002767,2025-10-17 22:57:47
10:47:15,18.86,0.0,6,11316,卖盘,002767,2025-10-17 22:57:47
10:48:27,18.85,-0.01,1,1885,卖盘,002767,2025-10-17 22:57:47
10:48:30,18.84,-0.01,29,54664,卖盘,002767,2025-10-17 22:57:47
10:49:39,18.85,0.01,3,5655,买盘,002767,2025-10-17 22:57:47
10:49:42,18.85,0.0,14,26390,买盘,002767,2025-10-17 22:57:47
10:50:30,18.83,-0.02,35,65935,卖盘,002767,2025-10-17 22:57:47
10:51:00,18.82,-0.01,2,3764,卖盘,002767,2025-10-17 22:57:47
10:51:03,18.82,0.0,1,1882,卖盘,002767,2025-10-17 22:57:47
10:51:06,18.82,0.0,6,11292,卖盘,002767,2025-10-17 22:57:47
10:51:21,18.8,-0.02,17,31960,卖盘,002767,2025-10-17 22:57:47
10:51:36,18.81,0.01,9,16929,买盘,002767,2025-10-17 22:57:47
10:51:39,18.82,0.01,2,3764,买盘,002767,2025-10-17 22:57:47
10:51:45,18.82,0.0,24,45168,买盘,002767,2025-10-17 22:57:47
10:51:48,18.82,0.0,3,5646,买盘,002767,2025-10-17 22:57:47
10:52:06,18.81,-0.01,10,18817,卖盘,002767,2025-10-17 22:57:47
10:52:18,18.82,0.01,6,11292,买盘,002767,2025-10-17 22:57:47
10:52:30,18.81,-0.01,11,20691,卖盘,002767,2025-10-17 22:57:47
10:53:21,18.81,0.0,2,3762,卖盘,002767,2025-10-17 22:57:47
10:53:27,18.81,0.0,16,30096,卖盘,002767,2025-10-17 22:57:47
10:53:30,18.81,0.0,16,30096,卖盘,002767,2025-10-17 22:57:47
10:53:51,18.77,-0.04,7,13151,卖盘,002767,2025-10-17 22:57:47
10:54:12,18.79,0.02,4,7515,买盘,002767,2025-10-17 22:57:47
10:54:21,18.79,0.0,2,3758,买盘,002767,2025-10-17 22:57:47
10:54:48,18.79,0.0,9,16911,买盘,002767,2025-10-17 22:57:47
10:54:51,18.78,-0.01,5,9393,卖盘,002767,2025-10-17 22:57:47
10:54:54,18.79,0.01,16,30064,买盘,002767,2025-10-17 22:57:47
10:54:57,18.8,0.01,1,1880,卖盘,002767,2025-10-17 22:57:47
10:55:12,18.82,0.02,2,3764,买盘,002767,2025-10-17 22:57:47
10:55:24,18.82,0.0,18,33876,买盘,002767,2025-10-17 22:57:47
10:55:30,18.82,0.0,3,5646,买盘,002767,2025-10-17 22:57:47
10:55:33,18.82,0.0,3,5646,买盘,002767,2025-10-17 22:57:47
10:55:45,18.82,0.0,10,18820,买盘,002767,2025-10-17 22:57:47
10:55:51,18.82,0.0,8,15056,买盘,002767,2025-10-17 22:57:47
10:55:57,18.82,0.0,1,1882,卖盘,002767,2025-10-17 22:57:47
10:56:00,18.82,0.0,4,7528,卖盘,002767,2025-10-17 22:57:47
10:56:06,18.82,0.0,1,1882,卖盘,002767,2025-10-17 22:57:47
10:56:09,18.82,0.0,26,48932,卖盘,002767,2025-10-17 22:57:47
10:56:18,18.81,-0.01,10,18810,卖盘,002767,2025-10-17 22:57:47
10:56:57,18.82,0.01,1,1882,买盘,002767,2025-10-17 22:57:47
10:57:09,18.8,-0.02,65,122261,卖盘,002767,2025-10-17 22:57:47
10:57:39,18.8,0.0,1,1880,买盘,002767,2025-10-17 22:57:47
10:57:42,18.79,-0.01,10,18790,卖盘,002767,2025-10-17 22:57:47
10:57:51,18.78,-0.01,16,30048,卖盘,002767,2025-10-17 22:57:47
10:58:03,18.79,0.01,1,1879,买盘,002767,2025-10-17 22:57:47
10:58:15,18.78,-0.01,1,1878,卖盘,002767,2025-10-17 22:57:47
10:58:18,18.78,0.0,2,3756,买盘,002767,2025-10-17 22:57:47
10:58:27,18.77,-0.01,4,7508,卖盘,002767,2025-10-17 22:57:47
10:58:30,18.77,0.0,1,1877,卖盘,002767,2025-10-17 22:57:47
10:58:33,18.77,0.0,7,13139,卖盘,002767,2025-10-17 22:57:47
10:59:33,18.77,0.0,5,9385,卖盘,002767,2025-10-17 22:57:47
10:59:42,18.76,-0.01,16,30016,卖盘,002767,2025-10-17 22:57:47
11:00:00,18.77,0.01,5,9385,买盘,002767,2025-10-17 22:57:47
11:00:03,18.78,0.01,10,18780,买盘,002767,2025-10-17 22:57:47
11:00:06,18.78,0.0,16,30048,买盘,002767,2025-10-17 22:57:47
11:00:09,18.78,0.0,11,20658,买盘,002767,2025-10-17 22:57:47
11:00:12,18.78,0.0,1,1878,买盘,002767,2025-10-17 22:57:47
11:00:24,18.78,0.0,2,3756,买盘,002767,2025-10-17 22:57:47
11:00:27,18.78,0.0,1,1878,买盘,002767,2025-10-17 22:57:47
11:00:30,18.78,0.0,1,1878,买盘,002767,2025-10-17 22:57:47
11:00:36,18.78,0.0,1,1878,买盘,002767,2025-10-17 22:57:47
11:00:42,18.78,0.0,2,3756,买盘,002767,2025-10-17 22:57:47
11:01:06,18.76,-0.02,46,86336,卖盘,002767,2025-10-17 22:57:47
11:01:21,18.76,0.0,1,1876,卖盘,002767,2025-10-17 22:57:47
11:01:27,18.76,0.0,1,1876,卖盘,002767,2025-10-17 22:57:47
11:01:36,18.77,0.01,1,1877,买盘,002767,2025-10-17 22:57:47
11:01:39,18.76,-0.01,10,18760,卖盘,002767,2025-10-17 22:57:47
11:02:12,18.76,0.0,23,43148,卖盘,002767,2025-10-17 22:57:47
11:02:27,18.75,-0.01,2,3750,买盘,002767,2025-10-17 22:57:47
11:02:30,18.75,0.0,2,3750,买盘,002767,2025-10-17 22:57:47
11:02:33,18.75,0.0,1,1875,卖盘,002767,2025-10-17 22:57:47
11:02:39,18.76,0.01,1,1876,买盘,002767,2025-10-17 22:57:47
11:02:51,18.76,0.0,13,24388,买盘,002767,2025-10-17 22:57:47
11:02:54,18.77,0.01,1,1877,买盘,002767,2025-10-17 22:57:47
11:03:42,18.76,-0.01,10,18760,卖盘,002767,2025-10-17 22:57:47
11:03:45,18.75,-0.01,3,5626,卖盘,002767,2025-10-17 22:57:47
11:03:48,18.75,0.0,1,1875,卖盘,002767,2025-10-17 22:57:47
11:04:09,18.76,0.01,1,1876,买盘,002767,2025-10-17 22:57:47
11:04:12,18.75,-0.01,1,1875,卖盘,002767,2025-10-17 22:57:47
11:04:15,18.75,0.0,32,60000,卖盘,002767,2025-10-17 22:57:47
11:04:18,18.74,-0.01,1,1874,卖盘,002767,2025-10-17 22:57:47
11:04:21,18.74,0.0,2,3748,卖盘,002767,2025-10-17 22:57:47
11:04:27,18.74,0.0,1,1874,卖盘,002767,2025-10-17 22:57:47
11:04:33,18.74,0.0,1,1874,卖盘,002767,2025-10-17 22:57:47
11:04:45,18.74,0.0,13,24362,卖盘,002767,2025-10-17 22:57:47
11:05:09,18.73,-0.01,23,43079,卖盘,002767,2025-10-17 22:57:47
11:05:48,18.77,0.04,72,135040,买盘,002767,2025-10-17 22:57:47
11:05:57,18.79,0.02,117,219802,买盘,002767,2025-10-17 22:57:47
11:06:00,18.79,0.0,3,5637,买盘,002767,2025-10-17 22:57:47
11:06:03,18.8,0.01,55,103371,买盘,002767,2025-10-17 22:57:47
11:06:06,18.81,0.01,2,3762,买盘,002767,2025-10-17 22:57:47
11:06:09,18.82,0.01,6,11292,买盘,002767,2025-10-17 22:57:47
11:06:12,18.96,0.14,778,1470619,买盘,002767,2025-10-17 22:57:47
11:06:15,18.95,-0.01,512,971188,卖盘,002767,2025-10-17 22:57:47
11:06:18,18.95,0.0,24,45485,中性盘,002767,2025-10-17 22:57:47
11:06:24,19.03,0.08,243,461341,买盘,002767,2025-10-17 22:57:47
11:06:27,19.03,0.0,78,148332,买盘,002767,2025-10-17 22:57:47
11:06:30,19.05,0.02,41,78101,中性盘,002767,2025-10-17 22:57:47
11:06:33,19.01,-0.04,61,116012,卖盘,002767,2025-10-17 22:57:47
11:06:36,19.16,0.15,1424,2725234,买盘,002767,2025-10-17 22:57:47
11:06:39,19.15,-0.01,339,649341,中性盘,002767,2025-10-17 22:57:47
11:06:42,19.22,0.07,383,735414,买盘,002767,2025-10-17 22:57:47
11:06:45,19.34,0.12,1096,2115974,买盘,002767,2025-10-17 22:57:47
11:06:48,19.5,0.16,264,511676,买盘,002767,2025-10-17 22:57:47
11:06:51,19.63,0.13,532,1039848,买盘,002767,2025-10-17 22:57:47
11:06:54,19.66,0.03,344,677327,买盘,002767,2025-10-17 22:57:47
11:06:57,19.7,0.04,400,786708,中性盘,002767,2025-10-17 22:57:47
11:07:00,19.6,-0.1,626,1229943,卖盘,002767,2025-10-17 22:57:47
11:07:03,19.57,-0.03,240,469643,中性盘,002767,2025-10-17 22:57:47
11:07:06,19.49,-0.08,254,494240,卖盘,002767,2025-10-17 22:57:47
11:07:09,19.43,-0.06,92,179286,卖盘,002767,2025-10-17 22:57:47
11:07:12,19.41,-0.02,28,54334,中性盘,002767,2025-10-17 22:57:47
11:07:15,19.53,0.12,511,994548,买盘,002767,2025-10-17 22:57:47
11:07:18,19.63,0.1,351,686332,买盘,002767,2025-10-17 22:57:47
11:07:21,19.61,-0.02,236,462876,中性盘,002767,2025-10-17 22:57:47
11:07:24,19.6,-0.01,753,1476158,卖盘,002767,2025-10-17 22:57:47
11:07:27,19.72,0.12,518,1018694,买盘,002767,2025-10-17 22:57:47
11:07:30,19.99,0.27,1074,2128427,买盘,002767,2025-10-17 22:57:47
11:07:33,20.0,0.01,816,1631448,买盘,002767,2025-10-17 22:57:47
11:07:36,20.06,0.06,339,681262,买盘,002767,2025-10-17 22:57:47
11:07:39,20.12,0.06,213,429886,中性盘,002767,2025-10-17 22:57:47
11:07:42,20.25,0.13,670,1357526,买盘,002767,2025-10-17 22:57:47
11:07:45,20.18,-0.07,504,1017046,卖盘,002767,2025-10-17 22:57:47
11:07:48,20.35,0.17,1184,2421657,买盘,002767,2025-10-17 22:57:47
11:07:51,20.68,0.33,4316,8897325,买盘,002767,2025-10-17 22:57:47
11:07:54,20.68,0.0,318,657624,卖盘,002767,2025-10-17 22:57:47
11:07:57,20.68,0.0,794,1641992,卖盘,002767,2025-10-17 22:57:47
11:08:00,20.68,0.0,324,670032,卖盘,002767,2025-10-17 22:57:47
11:08:03,20.68,0.0,325,672100,卖盘,002767,2025-10-17 22:57:47
11:08:06,20.68,0.0,295,610060,卖盘,002767,2025-10-17 22:57:47
11:08:09,20.68,0.0,683,1412444,卖盘,002767,2025-10-17 22:57:47
11:08:12,20.68,0.0,85,175780,卖盘,002767,2025-10-17 22:57:47
11:08:15,20.68,0.0,169,349492,卖盘,002767,2025-10-17 22:57:47
11:08:18,20.68,0.0,332,686576,卖盘,002767,2025-10-17 22:57:47
11:08:21,20.68,0.0,75,155100,卖盘,002767,2025-10-17 22:57:47
11:08:24,20.68,0.0,397,820996,卖盘,002767,2025-10-17 22:57:47
11:08:27,20.68,0.0,134,277112,卖盘,002767,2025-10-17 22:57:47
11:08:30,20.68,0.0,210,434280,卖盘,002767,2025-10-17 22:57:47
11:08:33,20.68,0.0,361,746548,卖盘,002767,2025-10-17 22:57:47
11:08:36,20.68,0.0,253,523204,卖盘,002767,2025-10-17 22:57:47
11:08:39,20.68,0.0,155,320540,卖盘,002767,2025-10-17 22:57:47
11:08:42,20.68,0.0,102,210936,卖盘,002767,2025-10-17 22:57:47
11:08:45,20.68,0.0,160,330880,卖盘,002767,2025-10-17 22:57:47
11:08:48,20.68,0.0,143,295724,卖盘,002767,2025-10-17 22:57:47
11:08:51,20.68,0.0,282,583176,卖盘,002767,2025-10-17 22:57:47
11:08:54,20.68,0.0,119,246092,卖盘,002767,2025-10-17 22:57:47
11:08:57,20.68,0.0,45,93060,卖盘,002767,2025-10-17 22:57:47
11:09:00,20.68,0.0,125,258500,卖盘,002767,2025-10-17 22:57:47
11:09:03,20.68,0.0,285,589380,卖盘,002767,2025-10-17 22:57:47
11:09:06,20.68,0.0,345,713460,卖盘,002767,2025-10-17 22:57:47
11:09:09,20.68,0.0,93,192324,卖盘,002767,2025-10-17 22:57:47
11:09:12,20.68,0.0,49,101332,卖盘,002767,2025-10-17 22:57:47
11:09:15,20.68,0.0,134,277112,卖盘,002767,2025-10-17 22:57:47
11:09:18,20.68,0.0,117,241956,卖盘,002767,2025-10-17 22:57:47
11:09:21,20.68,0.0,143,295724,卖盘,002767,2025-10-17 22:57:47
11:09:24,20.68,0.0,82,169576,卖盘,002767,2025-10-17 22:57:47
11:09:27,20.68,0.0,102,210936,卖盘,002767,2025-10-17 22:57:47
11:09:30,20.68,0.0,128,264704,卖盘,002767,2025-10-17 22:57:47
11:09:33,20.68,0.0,8,16544,卖盘,002767,2025-10-17 22:57:47
11:09:36,20.68,0.0,32,66176,卖盘,002767,2025-10-17 22:57:47
11:09:39,20.68,0.0,114,235752,卖盘,002767,2025-10-17 22:57:47
11:09:42,20.68,0.0,1687,3488716,卖盘,002767,2025-10-17 22:57:47
11:09:45,20.68,0.0,168,347424,卖盘,002767,2025-10-17 22:57:47
11:09:48,20.68,0.0,20,41360,卖盘,002767,2025-10-17 22:57:47
11:09:51,20.68,0.0,387,800316,卖盘,002767,2025-10-17 22:57:47
11:09:54,20.68,0.0,131,270908,卖盘,002767,2025-10-17 22:57:47
11:09:57,20.68,0.0,219,452892,卖盘,002767,2025-10-17 22:57:47
11:10:00,20.68,0.0,112,231616,卖盘,002767,2025-10-17 22:57:47
11:10:03,20.68,0.0,16,33088,卖盘,002767,2025-10-17 22:57:47
11:10:06,20.68,0.0,71,146828,卖盘,002767,2025-10-17 22:57:47
11:10:09,20.68,0.0,250,517000,卖盘,002767,2025-10-17 22:57:47
11:10:12,20.68,0.0,199,411532,卖盘,002767,2025-10-17 22:57:47
11:10:15,20.68,0.0,140,289520,卖盘,002767,2025-10-17 22:57:47
11:10:18,20.68,0.0,103,213004,卖盘,002767,2025-10-17 22:57:47
11:10:21,20.68,0.0,51,105468,卖盘,002767,2025-10-17 22:57:47
11:10:24,20.68,0.0,167,345356,卖盘,002767,2025-10-17 22:57:47
11:10:27,20.68,0.0,122,252296,卖盘,002767,2025-10-17 22:57:47
11:10:30,20.68,0.0,130,268840,卖盘,002767,2025-10-17 22:57:47
11:10:33,20.68,0.0,92,190256,卖盘,002767,2025-10-17 22:57:47
11:10:36,20.68,0.0,88,181984,卖盘,002767,2025-10-17 22:57:47
11:10:39,20.68,0.0,21,43428,卖盘,002767,2025-10-17 22:57:47
11:10:42,20.68,0.0,159,328812,卖盘,002767,2025-10-17 22:57:47
11:10:45,20.68,0.0,79,163372,卖盘,002767,2025-10-17 22:57:47
11:10:48,20.68,0.0,322,665896,卖盘,002767,2025-10-17 22:57:47
11:10:51,20.68,0.0,40,82720,卖盘,002767,2025-10-17 22:57:47
11:10:54,20.68,0.0,58,119944,卖盘,002767,2025-10-17 22:57:47
11:10:57,20.68,0.0,35,72380,卖盘,002767,2025-10-17 22:57:47
11:11:00,20.68,0.0,185,382580,卖盘,002767,2025-10-17 22:57:47
11:11:03,20.68,0.0,108,223344,卖盘,002767,2025-10-17 22:57:47
11:11:06,20.68,0.0,18,37224,卖盘,002767,2025-10-17 22:57:47
11:11:09,20.68,0.0,23,47564,卖盘,002767,2025-10-17 22:57:47
11:11:12,20.68,0.0,473,978164,卖盘,002767,2025-10-17 22:57:47
11:11:15,20.68,0.0,20,41360,卖盘,002767,2025-10-17 22:57:47
11:11:18,20.68,0.0,653,1350404,卖盘,002767,2025-10-17 22:57:47
11:11:21,20.68,0.0,309,639012,卖盘,002767,2025-10-17 22:57:47
11:11:24,20.68,0.0,2,4136,卖盘,002767,2025-10-17 22:57:47
11:11:27,20.68,0.0,371,767228,卖盘,002767,2025-10-17 22:57:47
11:11:30,20.68,0.0,28,57904,卖盘,002767,2025-10-17 22:57:47
11:11:33,20.68,0.0,152,314336,卖盘,002767,2025-10-17 22:57:47
11:11:36,20.68,0.0,34,70312,卖盘,002767,2025-10-17 22:57:47
11:11:39,20.68,0.0,46,95128,卖盘,002767,2025-10-17 22:57:47
11:11:42,20.68,0.0,40,82720,卖盘,002767,2025-10-17 22:57:47
11:11:45,20.68,0.0,4,8272,卖盘,002767,2025-10-17 22:57:47
11:11:48,20.68,0.0,34,70312,卖盘,002767,2025-10-17 22:57:47
11:11:51,20.68,0.0,85,175780,卖盘,002767,2025-10-17 22:57:47
11:11:54,20.68,0.0,26,53768,卖盘,002767,2025-10-17 22:57:47
11:11:57,20.68,0.0,29,59972,卖盘,002767,2025-10-17 22:57:47
11:12:00,20.68,0.0,6,12408,卖盘,002767,2025-10-17 22:57:47
11:12:03,20.68,0.0,58,119944,卖盘,002767,2025-10-17 22:57:47
11:12:09,20.68,0.0,29,59972,卖盘,002767,2025-10-17 22:57:47
11:12:12,20.68,0.0,136,281248,卖盘,002767,2025-10-17 22:57:47
11:12:18,20.68,0.0,61,126148,卖盘,002767,2025-10-17 22:57:47
11:12:21,20.68,0.0,108,223344,卖盘,002767,2025-10-17 22:57:47
11:12:24,20.68,0.0,43,88924,卖盘,002767,2025-10-17 22:57:47
11:12:27,20.68,0.0,15,31020,卖盘,002767,2025-10-17 22:57:47
11:12:30,20.68,0.0,27,55836,卖盘,002767,2025-10-17 22:57:47
11:12:33,20.68,0.0,43,88924,卖盘,002767,2025-10-17 22:57:47
11:12:36,20.68,0.0,6,12408,卖盘,002767,2025-10-17 22:57:47
11:12:39,20.68,0.0,2,4136,卖盘,002767,2025-10-17 22:57:47
11:12:42,20.68,0.0,11,22748,卖盘,002767,2025-10-17 22:57:47
11:12:45,20.68,0.0,26,53768,卖盘,002767,2025-10-17 22:57:47
11:12:48,20.68,0.0,38,78584,卖盘,002767,2025-10-17 22:57:47
11:12:54,20.68,0.0,44,90992,卖盘,002767,2025-10-17 22:57:47
11:12:57,20.68,0.0,35,72380,卖盘,002767,2025-10-17 22:57:47
11:13:00,20.68,0.0,41,84788,卖盘,002767,2025-10-17 22:57:47
11:13:03,20.68,0.0,41,84788,卖盘,002767,2025-10-17 22:57:47
11:13:06,20.68,0.0,6,12408,卖盘,002767,2025-10-17 22:57:47
11:13:09,20.68,0.0,44,90992,卖盘,002767,2025-10-17 22:57:47
11:13:12,20.68,0.0,41,84788,卖盘,002767,2025-10-17 22:57:47
11:13:15,20.68,0.0,122,252296,卖盘,002767,2025-10-17 22:57:47
11:13:18,20.68,0.0,78,161304,卖盘,002767,2025-10-17 22:57:47
11:13:21,20.68,0.0,78,161304,卖盘,002767,2025-10-17 22:57:47
11:13:24,20.68,0.0,105,217140,卖盘,002767,2025-10-17 22:57:47
11:13:27,20.68,0.0,3,6204,卖盘,002767,2025-10-17 22:57:47
11:13:30,20.68,0.0,5,10340,卖盘,002767,2025-10-17 22:57:47
11:13:33,20.68,0.0,18,37224,卖盘,002767,2025-10-17 22:57:47
11:13:36,20.68,0.0,91,188188,卖盘,002767,2025-10-17 22:57:47
11:13:39,20.68,0.0,49,101332,卖盘,002767,2025-10-17 22:57:47
11:13:42,20.68,0.0,27,55836,卖盘,002767,2025-10-17 22:57:47
11:13:45,20.68,0.0,76,157168,卖盘,002767,2025-10-17 22:57:47
11:13:48,20.68,0.0,50,103400,卖盘,002767,2025-10-17 22:57:47
11:13:51,20.68,0.0,28,57904,卖盘,002767,2025-10-17 22:57:47
11:13:54,20.68,0.0,12,24816,卖盘,002767,2025-10-17 22:57:47
11:13:57,20.68,0.0,1,2068,卖盘,002767,2025-10-17 22:57:47
11:14:00,20.68,0.0,1,2068,卖盘,002767,2025-10-17 22:57:47
11:14:03,20.68,0.0,12,24816,卖盘,002767,2025-10-17 22:57:47
11:14:06,20.68,0.0,2,4136,卖盘,002767,2025-10-17 22:57:47
11:14:09,20.68,0.0,3,6204,卖盘,002767,2025-10-17 22:57:47
11:14:12,20.68,0.0,13,26884,卖盘,002767,2025-10-17 22:57:47
11:14:15,20.68,0.0,56,115808,卖盘,002767,2025-10-17 22:57:47
11:14:18,20.68,0.0,252,521136,卖盘,002767,2025-10-17 22:57:47
11:14:24,20.68,0.0,505,1044340,卖盘,002767,2025-10-17 22:57:47
11:14:27,20.68,0.0,6,12408,卖盘,002767,2025-10-17 22:57:47
11:14:30,20.68,0.0,5,10340,卖盘,002767,2025-10-17 22:57:47
11:14:33,20.68,0.0,19,39292,卖盘,002767,2025-10-17 22:57:47
11:14:36,20.68,0.0,47,97196,卖盘,002767,2025-10-17 22:57:47
11:14:39,20.68,0.0,38,78584,卖盘,002767,2025-10-17 22:57:47
11:14:42,20.68,0.0,13,26884,卖盘,002767,2025-10-17 22:57:47
11:14:45,20.68,0.0,11,22748,卖盘,002767,2025-10-17 22:57:47
11:14:48,20.68,0.0,20,41360,卖盘,002767,2025-10-17 22:57:47
11:14:54,20.68,0.0,59,122012,卖盘,002767,2025-10-17 22:57:47
11:14:57,20.68,0.0,5,10340,卖盘,002767,2025-10-17 22:57:47
11:15:00,20.68,0.0,41,84788,卖盘,002767,2025-10-17 22:57:47
11:15:03,20.68,0.0,15,31020,卖盘,002767,2025-10-17 22:57:47
11:15:06,20.68,0.0,10,20680,卖盘,002767,2025-10-17 22:57:47
11:15:09,20.68,0.0,24,49632,卖盘,002767,2025-10-17 22:57:47
11:15:12,20.68,0.0,2,4136,卖盘,002767,2025-10-17 22:57:47
11:15:15,20.68,0.0,13,26884,卖盘,002767,2025-10-17 22:57:47
11:15:21,20.68,0.0,3,6204,卖盘,002767,2025-10-17 22:57:47
11:15:24,20.68,0.0,11,22748,卖盘,002767,2025-10-17 22:57:47
11:15:27,20.68,0.0,102,210936,卖盘,002767,2025-10-17 22:57:47
11:15:30,20.68,0.0,8,16544,卖盘,002767,2025-10-17 22:57:47
11:15:33,20.68,0.0,52,107536,卖盘,002767,2025-10-17 22:57:47
11:15:39,20.68,0.0,23,47564,卖盘,002767,2025-10-17 22:57:47
11:15:42,20.68,0.0,76,157168,卖盘,002767,2025-10-17 22:57:47
11:15:45,20.68,0.0,60,124080,卖盘,002767,2025-10-17 22:57:47
11:15:51,20.68,0.0,3,6204,卖盘,002767,2025-10-17 22:57:47
11:15:54,20.68,0.0,20,41360,卖盘,002767,2025-10-17 22:57:47
11:15:57,20.68,0.0,28,57904,卖盘,002767,2025-10-17 22:57:47
11:16:00,20.68,0.0,10,20680,卖盘,002767,2025-10-17 22:57:47
11:16:03,20.68,0.0,41,84788,卖盘,002767,2025-10-17 22:57:47
11:16:06,20.68,0.0,46,95128,卖盘,002767,2025-10-17 22:57:47
11:16:09,20.68,0.0,40,82720,卖盘,002767,2025-10-17 22:57:47
11:16:12,20.68,0.0,10,20680,卖盘,002767,2025-10-17 22:57:47
11:16:15,20.68,0.0,49,101332,卖盘,002767,2025-10-17 22:57:47
11:16:18,20.68,0.0,37,76516,卖盘,002767,2025-10-17 22:57:47
11:16:21,20.68,0.0,66,136488,卖盘,002767,2025-10-17 22:57:47
11:16:24,20.68,0.0,12,24816,卖盘,002767,2025-10-17 22:57:47
11:16:27,20.68,0.0,13,26884,卖盘,002767,2025-10-17 22:57:47
11:16:33,20.68,0.0,3,6204,卖盘,002767,2025-10-17 22:57:47
11:16:36,20.68,0.0,8,16544,卖盘,002767,2025-10-17 22:57:47
11:16:39,20.68,0.0,11,22748,卖盘,002767,2025-10-17 22:57:47
11:16:42,20.68,0.0,14,28952,卖盘,002767,2025-10-17 22:57:47
11:16:45,20.68,0.0,30,62040,卖盘,002767,2025-10-17 22:57:47
11:16:51,20.68,0.0,11,22748,卖盘,002767,2025-10-17 22:57:47
11:16:54,20.68,0.0,10,20680,卖盘,002767,2025-10-17 22:57:47
11:16:57,20.68,0.0,31,64108,卖盘,002767,2025-10-17 22:57:47
11:17:00,20.68,0.0,4,8272,卖盘,002767,2025-10-17 22:57:47
11:17:03,20.68,0.0,14,28952,卖盘,002767,2025-10-17 22:57:47
11:17:06,20.68,0.0,30,62040,卖盘,002767,2025-10-17 22:57:47
11:17:09,20.68,0.0,50,103400,卖盘,002767,2025-10-17 22:57:47
11:17:12,20.68,0.0,13,26884,卖盘,002767,2025-10-17 22:57:47
11:17:15,20.68,0.0,10,20680,卖盘,002767,2025-10-17 22:57:47
11:17:18,20.68,0.0,8,16544,卖盘,002767,2025-10-17 22:57:47
11:17:21,20.68,0.0,1,2068,卖盘,002767,2025-10-17 22:57:47
11:17:24,20.68,0.0,56,115808,卖盘,002767,2025-10-17 22:57:47
11:17:27,20.68,0.0,8,16544,卖盘,002767,2025-10-17 22:57:47
11:17:30,20.68,0.0,16,33088,卖盘,002767,2025-10-17 22:57:47
11:17:33,20.68,0.0,19,39292,卖盘,002767,2025-10-17 22:57:47
11:17:36,20.68,0.0,45,93060,卖盘,002767,2025-10-17 22:57:47
11:17:39,20.68,0.0,5,10340,卖盘,002767,2025-10-17 22:57:47
11:17:42,20.68,0.0,161,332948,卖盘,002767,2025-10-17 22:57:47
11:17:45,20.68,0.0,4,8272,卖盘,002767,2025-10-17 22:57:47
11:17:48,20.68,0.0,10,20680,卖盘,002767,2025-10-17 22:57:47
11:17:51,20.68,0.0,3,6204,卖盘,002767,2025-10-17 22:57:47
11:17:54,20.68,0.0,6,12408,卖盘,002767,2025-10-17 22:57:47
11:17:57,20.68,0.0,33,68244,卖盘,002767,2025-10-17 22:57:47
11:18:00,20.68,0.0,11,22748,卖盘,002767,2025-10-17 22:57:47
11:18:06,20.68,0.0,62,128216,卖盘,002767,2025-10-17 22:57:47
11:18:09,20.68,0.0,1,2068,卖盘,002767,2025-10-17 22:57:47
11:18:15,20.68,0.0,4,8272,卖盘,002767,2025-10-17 22:57:47
11:18:18,20.68,0.0,5,10340,卖盘,002767,2025-10-17 22:57:47
11:18:21,20.68,0.0,3,6204,卖盘,002767,2025-10-17 22:57:47
11:18:24,20.68,0.0,52,107536,卖盘,002767,2025-10-17 22:57:47
11:18:27,20.68,0.0,15,31020,卖盘,002767,2025-10-17 22:57:47
11:18:36,20.68,0.0,55,113740,卖盘,002767,2025-10-17 22:57:47
11:18:39,20.68,0.0,1,2068,卖盘,002767,2025-10-17 22:57:47
11:18:45,20.68,0.0,28,57904,卖盘,002767,2025-10-17 22:57:47
11:18:48,20.68,0.0,51,105468,卖盘,002767,2025-10-17 22:57:47
11:18:51,20.68,0.0,10,20680,卖盘,002767,2025-10-17 22:57:47
11:18:54,20.68,0.0,32,66176,卖盘,002767,2025-10-17 22:57:47
11:18:57,20.68,0.0,11,22748,卖盘,002767,2025-10-17 22:57:47
11:19:03,20.68,0.0,1,2068,卖盘,002767,2025-10-17 22:57:47
11:19:06,20.68,0.0,26,53768,卖盘,002767,2025-10-17 22:57:47
11:19:09,20.68,0.0,1,2068,卖盘,002767,2025-10-17 22:57:47
11:19:12,20.68,0.0,12,24816,卖盘,002767,2025-10-17 22:57:47
11:19:15,20.68,0.0,4,8272,卖盘,002767,2025-10-17 22:57:47
11:19:18,20.68,0.0,7,14476,卖盘,002767,2025-10-17 22:57:47
11:19:21,20.68,0.0,42,86856,卖盘,002767,2025-10-17 22:57:47
11:19:24,20.68,0.0,91,188188,卖盘,002767,2025-10-17 22:57:47
11:19:27,20.68,0.0,35,72380,卖盘,002767,2025-10-17 22:57:47
11:19:30,20.68,0.0,7,14476,卖盘,002767,2025-10-17 22:57:47
11:19:33,20.68,0.0,9,18612,卖盘,002767,2025-10-17 22:57:47
11:19:36,20.68,0.0,11,22748,卖盘,002767,2025-10-17 22:57:47
11:19:39,20.68,0.0,35,72380,卖盘,002767,2025-10-17 22:57:47
11:19:42,20.68,0.0,20,41360,卖盘,002767,2025-10-17 22:57:47
11:19:48,20.68,0.0,42,86856,卖盘,002767,2025-10-17 22:57:47
11:19:54,20.68,0.0,29,59972,卖盘,002767,2025-10-17 22:57:47
11:19:57,20.68,0.0,42,86856,卖盘,002767,2025-10-17 22:57:47
11:20:00,20.68,0.0,6,12408,卖盘,002767,2025-10-17 22:57:47
11:20:06,20.68,0.0,4,8272,卖盘,002767,2025-10-17 22:57:47
11:20:09,20.68,0.0,102,210936,卖盘,002767,2025-10-17 22:57:47
11:20:12,20.68,0.0,51,105468,卖盘,002767,2025-10-17 22:57:47
11:20:15,20.68,0.0,18,37224,卖盘,002767,2025-10-17 22:57:47
11:20:21,20.68,0.0,26,53768,卖盘,002767,2025-10-17 22:57:47
11:20:24,20.68,0.0,4,8272,卖盘,002767,2025-10-17 22:57:47
11:20:27,20.68,0.0,6,12408,卖盘,002767,2025-10-17 22:57:47
11:20:33,20.68,0.0,6,12408,卖盘,002767,2025-10-17 22:57:47
11:20:36,20.68,0.0,34,70312,卖盘,002767,2025-10-17 22:57:47
11:20:42,20.68,0.0,34,70312,卖盘,002767,2025-10-17 22:57:47
11:20:45,20.68,0.0,2,4136,卖盘,002767,2025-10-17 22:57:47
11:20:48,20.68,0.0,39,80652,卖盘,002767,2025-10-17 22:57:47
11:20:51,20.68,0.0,300,620400,卖盘,002767,2025-10-17 22:57:47
11:20:54,20.68,0.0,10,20680,卖盘,002767,2025-10-17 22:57:47
11:21:00,20.68,0.0,8,16544,卖盘,002767,2025-10-17 22:57:47
11:21:03,20.68,0.0,13,26884,卖盘,002767,2025-10-17 22:57:47
11:21:06,20.68,0.0,160,330880,卖盘,002767,2025-10-17 22:57:47
11:21:09,20.68,0.0,27,55836,卖盘,002767,2025-10-17 22:57:47
11:21:12,20.68,0.0,12,24816,卖盘,002767,2025-10-17 22:57:47
11:21:21,20.68,0.0,1,2068,卖盘,002767,2025-10-17 22:57:47
11:21:24,20.68,0.0,48,99264,卖盘,002767,2025-10-17 22:57:47
11:21:30,20.68,0.0,18,37224,卖盘,002767,2025-10-17 22:57:47
11:21:33,20.68,0.0,3,6204,卖盘,002767,2025-10-17 22:57:47
11:21:36,20.68,0.0,10,20680,卖盘,002767,2025-10-17 22:57:47
11:21:39,20.68,0.0,22,45496,卖盘,002767,2025-10-17 22:57:47
11:21:42,20.68,0.0,10,20680,卖盘,002767,2025-10-17 22:57:47
11:21:48,20.68,0.0,54,111672,卖盘,002767,2025-10-17 22:57:47
11:21:54,20.68,0.0,7,14476,卖盘,002767,2025-10-17 22:57:47
11:21:57,20.68,0.0,75,155100,卖盘,002767,2025-10-17 22:57:47
11:22:00,20.68,0.0,47,97196,卖盘,002767,2025-10-17 22:57:47
11:22:03,20.68,0.0,14,28952,卖盘,002767,2025-10-17 22:57:47
11:22:06,20.68,0.0,93,192324,卖盘,002767,2025-10-17 22:57:47
11:22:09,20.68,0.0,4,8272,卖盘,002767,2025-10-17 22:57:47
11:22:12,20.68,0.0,663,1371084,卖盘,002767,2025-10-17 22:57:47
11:22:18,20.68,0.0,87,179916,卖盘,002767,2025-10-17 22:57:47
11:22:21,20.68,0.0,34,70312,卖盘,002767,2025-10-17 22:57:47
11:22:24,20.68,0.0,2,4136,卖盘,002767,2025-10-17 22:57:47
11:22:27,20.68,0.0,106,219208,卖盘,002767,2025-10-17 22:57:47
11:22:30,20.68,0.0,3,6204,卖盘,002767,2025-10-17 22:57:47
11:22:33,20.68,0.0,1,2068,卖盘,002767,2025-10-17 22:57:47
11:22:39,20.68,0.0,20,41360,卖盘,002767,2025-10-17 22:57:47
11:22:42,20.68,0.0,136,281248,卖盘,002767,2025-10-17 22:57:47
11:22:45,20.68,0.0,10,20680,卖盘,002767,2025-10-17 22:57:47
11:22:48,20.68,0.0,16,33088,卖盘,002767,2025-10-17 22:57:47
11:22:57,20.68,0.0,1,2068,卖盘,002767,2025-10-17 22:57:47
11:23:00,20.68,0.0,58,119944,卖盘,002767,2025-10-17 22:57:47
11:23:03,20.68,0.0,29,59972,卖盘,002767,2025-10-17 22:57:47
11:23:09,20.68,0.0,122,252296,卖盘,002767,2025-10-17 22:57:47
11:23:12,20.68,0.0,22,45496,卖盘,002767,2025-10-17 22:57:47
11:23:15,20.68,0.0,5,10340,卖盘,002767,2025-10-17 22:57:47
11:23:18,20.68,0.0,1,2068,卖盘,002767,2025-10-17 22:57:47
11:23:21,20.68,0.0,9,18612,卖盘,002767,2025-10-17 22:57:47
11:23:27,20.68,0.0,28,57904,卖盘,002767,2025-10-17 22:57:47
11:23:30,20.68,0.0,9,18612,卖盘,002767,2025-10-17 22:57:47
11:23:36,20.68,0.0,42,86856,卖盘,002767,2025-10-17 22:57:47
11:23:42,20.68,0.0,55,113740,卖盘,002767,2025-10-17 22:57:47
11:23:45,20.68,0.0,17,35156,卖盘,002767,2025-10-17 22:57:47
11:23:48,20.68,0.0,22,45496,卖盘,002767,2025-10-17 22:57:47
11:23:54,20.68,0.0,6,12408,卖盘,002767,2025-10-17 22:57:47
11:23:57,20.68,0.0,125,258500,卖盘,002767,2025-10-17 22:57:47
11:24:00,20.68,0.0,34,70312,卖盘,002767,2025-10-17 22:57:47
11:24:06,20.68,0.0,30,62040,卖盘,002767,2025-10-17 22:57:47
11:24:09,20.68,0.0,19,39292,卖盘,002767,2025-10-17 22:57:47
11:24:12,20.68,0.0,1,2068,卖盘,002767,2025-10-17 22:57:47
11:24:21,20.68,0.0,37,76516,卖盘,002767,2025-10-17 22:57:47
11:24:24,20.68,0.0,17,35156,卖盘,002767,2025-10-17 22:57:47
11:24:33,20.68,0.0,2,4136,卖盘,002767,2025-10-17 22:57:47
11:24:36,20.68,0.0,46,95128,卖盘,002767,2025-10-17 22:57:47
11:24:39,20.68,0.0,54,111672,卖盘,002767,2025-10-17 22:57:47
11:24:42,20.68,0.0,53,109604,卖盘,002767,2025-10-17 22:57:47
11:24:45,20.68,0.0,10,20680,卖盘,002767,2025-10-17 22:57:47
11:24:48,20.68,0.0,30,62040,卖盘,002767,2025-10-17 22:57:47
11:24:51,20.68,0.0,1,2068,卖盘,002767,2025-10-17 22:57:47
11:24:54,20.68,0.0,15,31020,卖盘,002767,2025-10-17 22:57:47
11:24:57,20.68,0.0,36,74448,卖盘,002767,2025-10-17 22:57:47
11:25:00,20.68,0.0,6,12408,卖盘,002767,2025-10-17 22:57:47
11:25:03,20.68,0.0,37,76516,卖盘,002767,2025-10-17 22:57:47
11:25:06,20.68,0.0,25,51700,卖盘,002767,2025-10-17 22:57:47
11:25:09,20.68,0.0,32,66176,卖盘,002767,2025-10-17 22:57:47
11:25:12,20.68,0.0,166,343288,卖盘,002767,2025-10-17 22:57:47
11:25:15,20.68,0.0,5,10340,卖盘,002767,2025-10-17 22:57:47
11:25:24,20.68,0.0,24,49632,卖盘,002767,2025-10-17 22:57:47
11:25:27,20.68,0.0,80,165440,卖盘,002767,2025-10-17 22:57:47
11:25:33,20.68,0.0,50,103400,卖盘,002767,2025-10-17 22:57:47
11:25:36,20.68,0.0,1,2068,卖盘,002767,2025-10-17 22:57:47
11:25:39,20.68,0.0,8,16544,卖盘,002767,2025-10-17 22:57:47
11:25:42,20.68,0.0,29,59972,卖盘,002767,2025-10-17 22:57:47
11:25:45,20.68,0.0,109,225412,卖盘,002767,2025-10-17 22:57:47
11:25:48,20.68,0.0,24,49632,卖盘,002767,2025-10-17 22:57:47
11:25:51,20.68,0.0,26,53768,卖盘,002767,2025-10-17 22:57:47
11:25:54,20.68,0.0,20,41360,卖盘,002767,2025-10-17 22:57:47
11:26:06,20.68,0.0,520,1075360,卖盘,002767,2025-10-17 22:57:47
11:26:09,20.68,0.0,11,22748,卖盘,002767,2025-10-17 22:57:47
11:26:12,20.68,0.0,174,359832,卖盘,002767,2025-10-17 22:57:47
11:26:18,20.68,0.0,210,434280,卖盘,002767,2025-10-17 22:57:47
11:26:21,20.68,0.0,9,18612,卖盘,002767,2025-10-17 22:57:47
11:26:24,20.68,0.0,40,82720,卖盘,002767,2025-10-17 22:57:47
11:26:27,20.68,0.0,81,167508,卖盘,002767,2025-10-17 22:57:47
11:26:30,20.68,0.0,11,22748,卖盘,002767,2025-10-17 22:57:47
11:26:33,20.68,0.0,51,105468,卖盘,002767,2025-10-17 22:57:47
11:26:36,20.68,0.0,20,41360,卖盘,002767,2025-10-17 22:57:47
11:26:39,20.68,0.0,5,10340,卖盘,002767,2025-10-17 22:57:47
11:26:42,20.68,0.0,45,93060,卖盘,002767,2025-10-17 22:57:47
11:26:45,20.68,0.0,1,2068,卖盘,002767,2025-10-17 22:57:47
11:26:48,20.68,0.0,5,10340,卖盘,002767,2025-10-17 22:57:47
11:26:51,20.68,0.0,20,41360,卖盘,002767,2025-10-17 22:57:47
11:26:54,20.68,0.0,6,12408,卖盘,002767,2025-10-17 22:57:47
11:27:00,20.68,0.0,11,22748,卖盘,002767,2025-10-17 22:57:47
11:27:03,20.68,0.0,18,37224,卖盘,002767,2025-10-17 22:57:47
11:27:06,20.68,0.0,14,28952,卖盘,002767,2025-10-17 22:57:47
11:27:15,20.68,0.0,2,4136,卖盘,002767,2025-10-17 22:57:47
11:27:21,20.68,0.0,4,8272,卖盘,002767,2025-10-17 22:57:47
11:27:24,20.68,0.0,4,8272,卖盘,002767,2025-10-17 22:57:47
11:27:30,20.68,0.0,360,744480,卖盘,002767,2025-10-17 22:57:47
11:27:33,20.68,0.0,11,22748,卖盘,002767,2025-10-17 22:57:47
11:27:39,20.68,0.0,2,4136,卖盘,002767,2025-10-17 22:57:47
11:27:42,20.68,0.0,4,8272,卖盘,002767,2025-10-17 22:57:47
11:27:54,20.68,0.0,2,4136,卖盘,002767,2025-10-17 22:57:47
11:28:00,20.68,0.0,10,20680,卖盘,002767,2025-10-17 22:57:47
11:28:06,20.68,0.0,1,2068,卖盘,002767,2025-10-17 22:57:47
11:28:09,20.68,0.0,40,82720,卖盘,002767,2025-10-17 22:57:47
11:28:15,20.68,0.0,10,20680,卖盘,002767,2025-10-17 22:57:47
11:28:18,20.68,0.0,15,31020,卖盘,002767,2025-10-17 22:57:47
11:28:21,20.68,0.0,8,16544,卖盘,002767,2025-10-17 22:57:47
11:28:27,20.68,0.0,2,4136,卖盘,002767,2025-10-17 22:57:47
11:28:36,20.68,0.0,5,10340,卖盘,002767,2025-10-17 22:57:47
11:28:39,20.68,0.0,10,20680,卖盘,002767,2025-10-17 22:57:47
11:28:42,20.68,0.0,35,72380,卖盘,002767,2025-10-17 22:57:47
11:28:45,20.68,0.0,1,2068,卖盘,002767,2025-10-17 22:57:47
11:28:57,20.68,0.0,900,1861200,卖盘,002767,2025-10-17 22:57:47
11:29:00,20.68,0.0,40,82720,卖盘,002767,2025-10-17 22:57:47
11:29:09,20.68,0.0,17,35156,卖盘,002767,2025-10-17 22:57:47
11:29:12,20.68,0.0,5,10340,卖盘,002767,2025-10-17 22:57:47
11:29:18,20.68,0.0,22,45496,卖盘,002767,2025-10-17 22:57:47
11:29:21,20.68,0.0,11,22748,卖盘,002767,2025-10-17 22:57:47
11:29:24,20.68,0.0,12,24816,卖盘,002767,2025-10-17 22:57:47
11:29:27,20.68,0.0,2,4136,卖盘,002767,2025-10-17 22:57:47
11:29:33,20.68,0.0,702,1451736,卖盘,002767,2025-10-17 22:57:47
11:29:36,20.68,0.0,10,20680,卖盘,002767,2025-10-17 22:57:47
11:29:39,20.68,0.0,16,33088,卖盘,002767,2025-10-17 22:57:47
11:29:51,20.68,0.0,23,47564,卖盘,002767,2025-10-17 22:57:47
11:29:54,20.68,0.0,5,10340,卖盘,002767,2025-10-17 22:57:47
13:00:00,20.68,0.0,1920,3970560,卖盘,002767,2025-10-17 22:57:47
13:00:03,20.68,0.0,2003,4141170,卖盘,002767,2025-10-17 22:57:47
13:00:06,20.68,0.0,29,59972,卖盘,002767,2025-10-17 22:57:47
13:00:09,20.68,0.0,1,2068,卖盘,002767,2025-10-17 22:57:47
13:00:12,20.68,0.0,14,28952,卖盘,002767,2025-10-17 22:57:47
13:00:18,20.68,0.0,18,37224,卖盘,002767,2025-10-17 22:57:47
13:00:21,20.68,0.0,2,4136,卖盘,002767,2025-10-17 22:57:47
13:00:24,20.68,0.0,6,12408,卖盘,002767,2025-10-17 22:57:47
13:00:30,20.68,0.0,44,90992,卖盘,002767,2025-10-17 22:57:47
13:00:39,20.68,0.0,1,2068,卖盘,002767,2025-10-17 22:57:47
13:00:42,20.68,0.0,47,97196,卖盘,002767,2025-10-17 22:57:47
13:00:45,20.68,0.0,13,26884,卖盘,002767,2025-10-17 22:57:47
13:00:48,20.68,0.0,2,4136,卖盘,002767,2025-10-17 22:57:47
13:00:51,20.68,0.0,4,8272,卖盘,002767,2025-10-17 22:57:47
13:00:54,20.68,0.0,18,37224,卖盘,002767,2025-10-17 22:57:47
13:01:03,20.68,0.0,6,12408,卖盘,002767,2025-10-17 22:57:47
13:01:06,20.68,0.0,418,864424,卖盘,002767,2025-10-17 22:57:47
13:01:12,20.68,0.0,37,76516,卖盘,002767,2025-10-17 22:57:47
13:01:15,20.68,0.0,85,175780,卖盘,002767,2025-10-17 22:57:47
13:01:18,20.68,0.0,60,124080,卖盘,002767,2025-10-17 22:57:47
13:01:21,20.68,0.0,105,217140,卖盘,002767,2025-10-17 22:57:47
13:01:24,20.68,0.0,5,10340,卖盘,002767,2025-10-17 22:57:47
13:01:27,20.68,0.0,90,186120,卖盘,002767,2025-10-17 22:57:47
13:01:33,20.68,0.0,20,41360,卖盘,002767,2025-10-17 22:57:47
13:01:36,20.68,0.0,151,312268,卖盘,002767,2025-10-17 22:57:47
13:01:42,20.68,0.0,12,24816,卖盘,002767,2025-10-17 22:57:47
13:01:48,20.68,0.0,10,20680,卖盘,002767,2025-10-17 22:57:47
13:01:51,20.68,0.0,55,113740,卖盘,002767,2025-10-17 22:57:47
13:01:57,20.68,0.0,2,4136,卖盘,002767,2025-10-17 22:57:47
13:02:00,20.68,0.0,5,10340,卖盘,002767,2025-10-17 22:57:47
13:02:03,20.68,0.0,10,20680,卖盘,002767,2025-10-17 22:57:47
13:02:12,20.68,0.0,5,10340,卖盘,002767,2025-10-17 22:57:47
13:02:18,20.68,0.0,6,12408,卖盘,002767,2025-10-17 22:57:47
13:02:27,20.68,0.0,48,99264,卖盘,002767,2025-10-17 22:57:47
13:02:33,20.68,0.0,4,8272,卖盘,002767,2025-10-17 22:57:47
13:02:36,20.68,0.0,15,31020,卖盘,002767,2025-10-17 22:57:47
13:02:45,20.68,0.0,46,95128,卖盘,002767,2025-10-17 22:57:47
13:02:51,20.68,0.0,10,20680,卖盘,002767,2025-10-17 22:57:47
13:02:54,20.68,0.0,40,82720,卖盘,002767,2025-10-17 22:57:47
13:02:57,20.68,0.0,10,20680,卖盘,002767,2025-10-17 22:57:47
13:03:00,20.68,0.0,10,20680,卖盘,002767,2025-10-17 22:57:47
13:03:03,20.68,0.0,100,206800,卖盘,002767,2025-10-17 22:57:47
13:03:06,20.68,0.0,10,20680,卖盘,002767,2025-10-17 22:57:47
13:03:09,20.68,0.0,48,99264,卖盘,002767,2025-10-17 22:57:47
13:03:12,20.68,0.0,10,20680,卖盘,002767,2025-10-17 22:57:47
13:03:18,20.68,0.0,72,148896,卖盘,002767,2025-10-17 22:57:47
13:03:27,20.68,0.0,3,6204,卖盘,002767,2025-10-17 22:57:47
13:03:30,20.68,0.0,50,103400,卖盘,002767,2025-10-17 22:57:47
13:03:36,20.68,0.0,28,57904,卖盘,002767,2025-10-17 22:57:47
13:03:39,20.68,0.0,30,62040,卖盘,002767,2025-10-17 22:57:47
13:03:48,20.68,0.0,25,51700,卖盘,002767,2025-10-17 22:57:47
13:04:00,20.68,0.0,16,33088,卖盘,002767,2025-10-17 22:57:47
13:04:03,20.68,0.0,49,101332,卖盘,002767,2025-10-17 22:57:47
13:04:06,20.68,0.0,1,2068,卖盘,002767,2025-10-17 22:57:47
13:04:15,20.68,0.0,6,12408,卖盘,002767,2025-10-17 22:57:47
13:04:18,20.68,0.0,2,4136,卖盘,002767,2025-10-17 22:57:47
13:04:21,20.68,0.0,376,777568,卖盘,002767,2025-10-17 22:57:47
13:04:24,20.68,0.0,2,4136,卖盘,002767,2025-10-17 22:57:47
13:04:27,20.68,0.0,230,475640,卖盘,002767,2025-10-17 22:57:47
13:04:33,20.68,0.0,1,2068,卖盘,002767,2025-10-17 22:57:47
13:04:36,20.68,0.0,5,10340,卖盘,002767,2025-10-17 22:57:47
13:04:39,20.68,0.0,1,2068,卖盘,002767,2025-10-17 22:57:47
13:04:51,20.68,0.0,1,2068,卖盘,002767,2025-10-17 22:57:47
13:04:54,20.68,0.0,150,310200,卖盘,002767,2025-10-17 22:57:47
13:05:03,20.68,0.0,11,22748,卖盘,002767,2025-10-17 22:57:47
13:05:06,20.68,0.0,4,8272,卖盘,002767,2025-10-17 22:57:47
13:05:12,20.68,0.0,13,26884,卖盘,002767,2025-10-17 22:57:47
13:05:21,20.68,0.0,15,31020,卖盘,002767,2025-10-17 22:57:47
13:05:24,20.68,0.0,2,4136,卖盘,002767,2025-10-17 22:57:47
13:05:27,20.68,0.0,12,24816,卖盘,002767,2025-10-17 22:57:47
13:05:30,20.68,0.0,1,2068,卖盘,002767,2025-10-17 22:57:47
13:05:33,20.68,0.0,1,2068,卖盘,002767,2025-10-17 22:57:47
13:05:36,20.68,0.0,100,206800,卖盘,002767,2025-10-17 22:57:47
13:05:45,20.68,0.0,3,6204,卖盘,002767,2025-10-17 22:57:47
13:05:54,20.68,0.0,10,20680,卖盘,002767,2025-10-17 22:57:47
13:06:03,20.68,0.0,5,10340,卖盘,002767,2025-10-17 22:57:47
13:06:06,20.68,0.0,9,18612,卖盘,002767,2025-10-17 22:57:47
13:06:09,20.68,0.0,7,14476,卖盘,002767,2025-10-17 22:57:47
13:06:12,20.68,0.0,8,16544,卖盘,002767,2025-10-17 22:57:47
13:06:15,20.68,0.0,5,10340,卖盘,002767,2025-10-17 22:57:47
13:06:18,20.68,0.0,41,84788,卖盘,002767,2025-10-17 22:57:47
13:06:24,20.68,0.0,15,31020,卖盘,002767,2025-10-17 22:57:47
13:06:33,20.68,0.0,6,12408,卖盘,002767,2025-10-17 22:57:47
13:06:39,20.68,0.0,5,10340,卖盘,002767,2025-10-17 22:57:47
13:06:42,20.68,0.0,10,20680,卖盘,002767,2025-10-17 22:57:47
13:06:54,20.68,0.0,80,165440,卖盘,002767,2025-10-17 22:57:47
13:07:00,20.68,0.0,3,6204,卖盘,002767,2025-10-17 22:57:47
13:07:12,20.68,0.0,35,72380,卖盘,002767,2025-10-17 22:57:47
13:07:15,20.68,0.0,241,498388,卖盘,002767,2025-10-17 22:57:47
13:07:27,20.68,0.0,5,10340,卖盘,002767,2025-10-17 22:57:47
13:07:36,20.68,0.0,3,6204,卖盘,002767,2025-10-17 22:57:47
13:07:39,20.68,0.0,4,8272,卖盘,002767,2025-10-17 22:57:47
13:07:48,20.68,0.0,10,20680,卖盘,002767,2025-10-17 22:57:47
13:08:00,20.68,0.0,37,76516,卖盘,002767,2025-10-17 22:57:47
13:08:03,20.68,0.0,1,2068,卖盘,002767,2025-10-17 22:57:47
13:08:12,20.68,0.0,10,20680,卖盘,002767,2025-10-17 22:57:47
13:08:18,20.68,0.0,13,26884,卖盘,002767,2025-10-17 22:57:47
13:08:33,20.68,0.0,10,20680,卖盘,002767,2025-10-17 22:57:47
13:08:36,20.68,0.0,9,18612,卖盘,002767,2025-10-17 22:57:47
13:08:39,20.68,0.0,1,2068,卖盘,002767,2025-10-17 22:57:47
13:08:45,20.68,0.0,5,10340,卖盘,002767,2025-10-17 22:57:47
13:08:51,20.68,0.0,2,4136,卖盘,002767,2025-10-17 22:57:47
13:08:57,20.68,0.0,5,10340,卖盘,002767,2025-10-17 22:57:47
13:09:03,20.68,0.0,1,2068,卖盘,002767,2025-10-17 22:57:47
13:09:06,20.68,0.0,2,4136,卖盘,002767,2025-10-17 22:57:47
13:09:09,20.68,0.0,14,28952,卖盘,002767,2025-10-17 22:57:47
13:09:21,20.68,0.0,30,62040,卖盘,002767,2025-10-17 22:57:47
13:09:27,20.68,0.0,10,20680,卖盘,002767,2025-10-17 22:57:47
13:09:36,20.68,0.0,1,2068,卖盘,002767,2025-10-17 22:57:47
13:09:42,20.68,0.0,5,10340,卖盘,002767,2025-10-17 22:57:47
13:09:48,20.68,0.0,28,57904,卖盘,002767,2025-10-17 22:57:47
13:10:03,20.68,0.0,1,2068,卖盘,002767,2025-10-17 22:57:47
13:10:06,20.68,0.0,6,12408,卖盘,002767,2025-10-17 22:57:47
13:10:09,20.68,0.0,4,8272,卖盘,002767,2025-10-17 22:57:47
13:10:21,20.68,0.0,202,417736,卖盘,002767,2025-10-17 22:57:47
13:10:27,20.68,0.0,134,277112,卖盘,002767,2025-10-17 22:57:47
13:10:39,20.68,0.0,12,24816,卖盘,002767,2025-10-17 22:57:47
13:10:42,20.68,0.0,54,111672,卖盘,002767,2025-10-17 22:57:47
13:10:54,20.68,0.0,7,14476,卖盘,002767,2025-10-17 22:57:47
13:11:12,20.68,0.0,12,24816,卖盘,002767,2025-10-17 22:57:47
13:11:15,20.68,0.0,25,51700,卖盘,002767,2025-10-17 22:57:47
13:11:18,20.68,0.0,1,2068,卖盘,002767,2025-10-17 22:57:47
13:11:21,20.68,0.0,100,206800,卖盘,002767,2025-10-17 22:57:47
13:11:24,20.68,0.0,1,2068,卖盘,002767,2025-10-17 22:57:47
13:11:39,20.68,0.0,4,8272,卖盘,002767,2025-10-17 22:57:47
13:11:42,20.68,0.0,6,12408,卖盘,002767,2025-10-17 22:57:47
13:11:45,20.68,0.0,8,16544,卖盘,002767,2025-10-17 22:57:47
13:11:48,20.68,0.0,3,6204,卖盘,002767,2025-10-17 22:57:47
13:12:12,20.68,0.0,30,62040,卖盘,002767,2025-10-17 22:57:47
13:12:30,20.68,0.0,37,76516,卖盘,002767,2025-10-17 22:57:47
13:12:36,20.68,0.0,2,4136,卖盘,002767,2025-10-17 22:57:47
13:12:54,20.68,0.0,8,16544,卖盘,002767,2025-10-17 22:57:47
13:12:57,20.68,0.0,104,215072,卖盘,002767,2025-10-17 22:57:47
13:13:00,20.68,0.0,15,31020,卖盘,002767,2025-10-17 22:57:47
13:13:03,20.68,0.0,27,55836,卖盘,002767,2025-10-17 22:57:47
13:13:06,20.68,0.0,3,6204,卖盘,002767,2025-10-17 22:57:47
13:13:33,20.68,0.0,10,20680,卖盘,002767,2025-10-17 22:57:47
13:13:36,20.68,0.0,42,86856,卖盘,002767,2025-10-17 22:57:47
13:13:39,20.68,0.0,32,66176,卖盘,002767,2025-10-17 22:57:47
13:13:48,20.68,0.0,2,4136,卖盘,002767,2025-10-17 22:57:47
13:14:03,20.68,0.0,21,43428,卖盘,002767,2025-10-17 22:57:47
13:14:06,20.68,0.0,5,10340,卖盘,002767,2025-10-17 22:57:47
13:14:12,20.68,0.0,3,6204,卖盘,002767,2025-10-17 22:57:47
13:14:15,20.68,0.0,115,237820,卖盘,002767,2025-10-17 22:57:47
13:14:18,20.68,0.0,2,4136,卖盘,002767,2025-10-17 22:57:47
13:14:21,20.68,0.0,6,12408,卖盘,002767,2025-10-17 22:57:47
13:14:24,20.68,0.0,5,10340,卖盘,002767,2025-10-17 22:57:47
13:14:33,20.68,0.0,1,2068,卖盘,002767,2025-10-17 22:57:47
13:14:36,20.68,0.0,2,4136,卖盘,002767,2025-10-17 22:57:47
13:14:39,20.68,0.0,27,55836,卖盘,002767,2025-10-17 22:57:47
13:14:48,20.68,0.0,15,31020,卖盘,002767,2025-10-17 22:57:47
13:14:57,20.68,0.0,52,107536,卖盘,002767,2025-10-17 22:57:47
13:15:03,20.68,0.0,10,20680,卖盘,002767,2025-10-17 22:57:47
13:15:06,20.68,0.0,2,4136,卖盘,002767,2025-10-17 22:57:47
13:15:15,20.68,0.0,15,31020,卖盘,002767,2025-10-17 22:57:47
13:15:18,20.68,0.0,10,20680,卖盘,002767,2025-10-17 22:57:47
13:15:24,20.68,0.0,3,6204,卖盘,002767,2025-10-17 22:57:47
13:15:27,20.68,0.0,20,41360,卖盘,002767,2025-10-17 22:57:47
13:15:36,20.68,0.0,3,6204,卖盘,002767,2025-10-17 22:57:47
13:15:39,20.68,0.0,42,86856,卖盘,002767,2025-10-17 22:57:47
13:15:57,20.68,0.0,10,20680,卖盘,002767,2025-10-17 22:57:47
13:16:00,20.68,0.0,5,10340,卖盘,002767,2025-10-17 22:57:47
13:16:06,20.68,0.0,26,53768,卖盘,002767,2025-10-17 22:57:47
13:16:09,20.68,0.0,120,248160,卖盘,002767,2025-10-17 22:57:47
13:16:12,20.68,0.0,55,113740,卖盘,002767,2025-10-17 22:57:47
13:16:18,20.68,0.0,230,475640,卖盘,002767,2025-10-17 22:57:47
13:16:24,20.68,0.0,20,41360,卖盘,002767,2025-10-17 22:57:47
13:16:30,20.68,0.0,20,41360,卖盘,002767,2025-10-17 22:57:47
13:16:33,20.68,0.0,1,2068,卖盘,002767,2025-10-17 22:57:47
13:16:39,20.68,0.0,28,57904,卖盘,002767,2025-10-17 22:57:47
13:16:51,20.68,0.0,8,16544,卖盘,002767,2025-10-17 22:57:47
13:16:57,20.68,0.0,5,10340,卖盘,002767,2025-10-17 22:57:47
13:17:00,20.68,0.0,3,6204,卖盘,002767,2025-10-17 22:57:47
13:17:03,20.68,0.0,20,41360,卖盘,002767,2025-10-17 22:57:47
13:17:09,20.68,0.0,102,210936,卖盘,002767,2025-10-17 22:57:47
13:17:12,20.68,0.0,3,6204,卖盘,002767,2025-10-17 22:57:47
13:17:18,20.68,0.0,25,51700,卖盘,002767,2025-10-17 22:57:47
13:17:21,20.68,0.0,7,14476,卖盘,002767,2025-10-17 22:57:47
13:17:42,20.68,0.0,7,14476,卖盘,002767,2025-10-17 22:57:47
13:17:45,20.68,0.0,1,2068,卖盘,002767,2025-10-17 22:57:47
13:17:51,20.68,0.0,8,16544,卖盘,002767,2025-10-17 22:57:47
13:17:54,20.68,0.0,15,31020,卖盘,002767,2025-10-17 22:57:47
13:18:12,20.68,0.0,8,16544,卖盘,002767,2025-10-17 22:57:47
13:18:30,20.68,0.0,1,2068,卖盘,002767,2025-10-17 22:57:47
13:18:42,20.68,0.0,8,16544,卖盘,002767,2025-10-17 22:57:47
13:18:48,20.68,0.0,129,266772,卖盘,002767,2025-10-17 22:57:47
13:18:51,20.68,0.0,1,2068,卖盘,002767,2025-10-17 22:57:47
13:19:00,20.68,0.0,6,12408,卖盘,002767,2025-10-17 22:57:47
13:19:15,20.68,0.0,37,76516,卖盘,002767,2025-10-17 22:57:47
13:19:18,20.68,0.0,17,35156,卖盘,002767,2025-10-17 22:57:47
13:19:24,20.68,0.0,1,2068,卖盘,002767,2025-10-17 22:57:47
13:19:33,20.68,0.0,21,43428,卖盘,002767,2025-10-17 22:57:47
13:19:42,20.68,0.0,5,10340,卖盘,002767,2025-10-17 22:57:47
13:19:48,20.68,0.0,8,16544,卖盘,002767,2025-10-17 22:57:47
13:20:03,20.68,0.0,1,2068,卖盘,002767,2025-10-17 22:57:47
13:20:06,20.68,0.0,1,2068,卖盘,002767,2025-10-17 22:57:47
13:20:15,20.68,0.0,1,2068,卖盘,002767,2025-10-17 22:57:47
13:20:24,20.68,0.0,6,12408,卖盘,002767,2025-10-17 22:57:47
13:20:54,20.68,0.0,1,2068,卖盘,002767,2025-10-17 22:57:47
13:20:57,20.68,0.0,3,6204,卖盘,002767,2025-10-17 22:57:47
13:21:03,20.68,0.0,8,16544,卖盘,002767,2025-10-17 22:57:47
13:21:09,20.68,0.0,5,10340,卖盘,002767,2025-10-17 22:57:47
13:21:39,20.68,0.0,107,221276,卖盘,002767,2025-10-17 22:57:47
13:21:54,20.68,0.0,10,20680,卖盘,002767,2025-10-17 22:57:47
13:22:00,20.68,0.0,15,31020,卖盘,002767,2025-10-17 22:57:47
13:22:06,20.68,0.0,6,12408,卖盘,002767,2025-10-17 22:57:47
13:22:15,20.68,0.0,10,20680,卖盘,002767,2025-10-17 22:57:47
13:23:00,20.68,0.0,1,2068,卖盘,002767,2025-10-17 22:57:47
13:23:06,20.68,0.0,30,62040,卖盘,002767,2025-10-17 22:57:47
13:23:15,20.68,0.0,5,10340,卖盘,002767,2025-10-17 22:57:47
13:23:30,20.68,0.0,10,20680,卖盘,002767,2025-10-17 22:57:47
13:23:33,20.68,0.0,10,20680,卖盘,002767,2025-10-17 22:57:47
13:23:39,20.68,0.0,8,16544,卖盘,002767,2025-10-17 22:57:47
13:23:42,20.68,0.0,6,12408,卖盘,002767,2025-10-17 22:57:47
13:23:45,20.68,0.0,39,80652,卖盘,002767,2025-10-17 22:57:47
13:23:54,20.68,0.0,30,62040,卖盘,002767,2025-10-17 22:57:47
13:24:00,20.68,0.0,73,150964,卖盘,002767,2025-10-17 22:57:47
13:24:06,20.68,0.0,14,28952,卖盘,002767,2025-10-17 22:57:47
13:24:18,20.68,0.0,19,39292,卖盘,002767,2025-10-17 22:57:47
13:24:21,20.68,0.0,10,20680,卖盘,002767,2025-10-17 22:57:47
13:24:33,20.68,0.0,10,20680,卖盘,002767,2025-10-17 22:57:47
13:24:36,20.68,0.0,41,84788,卖盘,002767,2025-10-17 22:57:47
13:24:39,20.68,0.0,110,227480,卖盘,002767,2025-10-17 22:57:47
13:24:42,20.68,0.0,100,206800,卖盘,002767,2025-10-17 22:57:47
13:24:51,20.68,0.0,10,20680,卖盘,002767,2025-10-17 22:57:47
13:24:54,20.68,0.0,6,12408,卖盘,002767,2025-10-17 22:57:47
13:24:57,20.68,0.0,4,8272,卖盘,002767,2025-10-17 22:57:47
13:25:06,20.68,0.0,10,20680,卖盘,002767,2025-10-17 22:57:47
13:25:09,20.68,0.0,15,31020,卖盘,002767,2025-10-17 22:57:47
13:25:12,20.68,0.0,2,4136,卖盘,002767,2025-10-17 22:57:47
13:25:15,20.68,0.0,4,8272,卖盘,002767,2025-10-17 22:57:47
13:25:24,20.68,0.0,10,20680,卖盘,002767,2025-10-17 22:57:47
13:25:30,20.68,0.0,5,10340,卖盘,002767,2025-10-17 22:57:47
13:25:39,20.68,0.0,1,2068,卖盘,002767,2025-10-17 22:57:47
13:25:42,20.68,0.0,35,72380,卖盘,002767,2025-10-17 22:57:47
13:25:48,20.68,0.0,2,4136,卖盘,002767,2025-10-17 22:57:47
13:25:57,20.68,0.0,13,26884,卖盘,002767,2025-10-17 22:57:47
13:26:09,20.68,0.0,3,6204,卖盘,002767,2025-10-17 22:57:47
13:26:12,20.68,0.0,20,41360,卖盘,002767,2025-10-17 22:57:47
13:26:15,20.68,0.0,5,10340,卖盘,002767,2025-10-17 22:57:47
13:26:27,20.68,0.0,1,2068,卖盘,002767,2025-10-17 22:57:47
13:26:33,20.68,0.0,1,2068,卖盘,002767,2025-10-17 22:57:47
13:26:39,20.68,0.0,5,10340,卖盘,002767,2025-10-17 22:57:47
13:26:42,20.68,0.0,18,37224,卖盘,002767,2025-10-17 22:57:47
13:26:45,20.68,0.0,5,10340,卖盘,002767,2025-10-17 22:57:47
13:26:51,20.68,0.0,4,8272,卖盘,002767,2025-10-17 22:57:47
13:26:57,20.68,0.0,3,6204,卖盘,002767,2025-10-17 22:57:47
13:27:15,20.68,0.0,70,144760,卖盘,002767,2025-10-17 22:57:47
13:27:33,20.68,0.0,30,62040,卖盘,002767,2025-10-17 22:57:47
13:27:42,20.68,0.0,3,6204,卖盘,002767,2025-10-17 22:57:47
13:27:45,20.68,0.0,82,169576,卖盘,002767,2025-10-17 22:57:47
13:27:51,20.68,0.0,5,10340,卖盘,002767,2025-10-17 22:57:47
13:28:06,20.68,0.0,54,111672,卖盘,002767,2025-10-17 22:57:47
13:28:09,20.68,0.0,6,12408,卖盘,002767,2025-10-17 22:57:47
13:28:15,20.68,0.0,40,82720,卖盘,002767,2025-10-17 22:57:47
13:28:24,20.68,0.0,5,10340,卖盘,002767,2025-10-17 22:57:47
13:28:27,20.68,0.0,5,10340,卖盘,002767,2025-10-17 22:57:47
13:28:51,20.68,0.0,6,12408,卖盘,002767,2025-10-17 22:57:47
13:29:15,20.68,0.0,10,20680,卖盘,002767,2025-10-17 22:57:47
13:29:54,20.68,0.0,4,8272,卖盘,002767,2025-10-17 22:57:47
13:29:57,20.68,0.0,33,68244,卖盘,002767,2025-10-17 22:57:47
13:30:18,20.68,0.0,7,14476,卖盘,002767,2025-10-17 22:57:47
13:30:39,20.68,0.0,10,20680,卖盘,002767,2025-10-17 22:57:47
13:30:48,20.68,0.0,1,2068,卖盘,002767,2025-10-17 22:57:47
13:30:51,20.68,0.0,5,10340,卖盘,002767,2025-10-17 22:57:47
13:31:00,20.68,0.0,9,18612,卖盘,002767,2025-10-17 22:57:47
13:31:03,20.68,0.0,34,70312,卖盘,002767,2025-10-17 22:57:47
13:31:12,20.68,0.0,26,53768,卖盘,002767,2025-10-17 22:57:47
13:32:12,20.68,0.0,13,26884,卖盘,002767,2025-10-17 22:57:47
13:32:42,20.68,0.0,2,4136,卖盘,002767,2025-10-17 22:57:47
13:33:36,20.68,0.0,12,24816,卖盘,002767,2025-10-17 22:57:47
13:33:39,20.68,0.0,3,6204,卖盘,002767,2025-10-17 22:57:47
13:33:51,20.68,0.0,9,18612,卖盘,002767,2025-10-17 22:57:47
13:34:15,20.68,0.0,5,10340,卖盘,002767,2025-10-17 22:57:47
13:34:21,20.68,0.0,5,10340,卖盘,002767,2025-10-17 22:57:47
13:34:27,20.68,0.0,26,53768,卖盘,002767,2025-10-17 22:57:47
13:34:33,20.68,0.0,6,12408,卖盘,002767,2025-10-17 22:57:47
13:34:39,20.68,0.0,2,4136,卖盘,002767,2025-10-17 22:57:47
13:34:51,20.68,0.0,5,10340,卖盘,002767,2025-10-17 22:57:47
13:34:54,20.68,0.0,2,4136,卖盘,002767,2025-10-17 22:57:47
13:35:03,20.68,0.0,4,8272,卖盘,002767,2025-10-17 22:57:47
13:35:12,20.68,0.0,5,10340,卖盘,002767,2025-10-17 22:57:47
13:35:21,20.68,0.0,7,14476,卖盘,002767,2025-10-17 22:57:47
13:35:27,20.68,0.0,7,14476,卖盘,002767,2025-10-17 22:57:47
13:35:36,20.68,0.0,45,93060,卖盘,002767,2025-10-17 22:57:47
13:35:39,20.68,0.0,10,20680,卖盘,002767,2025-10-17 22:57:47
13:35:51,20.68,0.0,10,20680,卖盘,002767,2025-10-17 22:57:47
13:36:42,20.68,0.0,10,20680,卖盘,002767,2025-10-17 22:57:47
13:36:54,20.68,0.0,29,59972,卖盘,002767,2025-10-17 22:57:47
13:37:09,20.68,0.0,30,62040,卖盘,002767,2025-10-17 22:57:47
13:37:39,20.68,0.0,5,10340,卖盘,002767,2025-10-17 22:57:47
13:37:45,20.68,0.0,12,24816,卖盘,002767,2025-10-17 22:57:47
13:37:51,20.68,0.0,43,88924,卖盘,002767,2025-10-17 22:57:47
13:38:24,20.68,0.0,1,2068,卖盘,002767,2025-10-17 22:57:47
13:38:57,20.68,0.0,6,12408,卖盘,002767,2025-10-17 22:57:47
13:39:00,20.68,0.0,1,2068,卖盘,002767,2025-10-17 22:57:47
13:39:21,20.68,0.0,3,6204,卖盘,002767,2025-10-17 22:57:47
13:39:45,20.68,0.0,2,4136,卖盘,002767,2025-10-17 22:57:47
13:39:48,20.68,0.0,11,22748,卖盘,002767,2025-10-17 22:57:47
13:39:51,20.68,0.0,5,10340,卖盘,002767,2025-10-17 22:57:47
13:40:03,20.68,0.0,2,4136,卖盘,002767,2025-10-17 22:57:47
13:40:18,20.68,0.0,11,22748,卖盘,002767,2025-10-17 22:57:47
13:40:21,20.68,0.0,3,6204,卖盘,002767,2025-10-17 22:57:47
13:40:27,20.68,0.0,20,41360,卖盘,002767,2025-10-17 22:57:47
13:40:30,20.68,0.0,4,8272,卖盘,002767,2025-10-17 22:57:47
13:40:33,20.68,0.0,2,4136,卖盘,002767,2025-10-17 22:57:47
13:40:42,20.68,0.0,3,6204,卖盘,002767,2025-10-17 22:57:47
13:40:51,20.68,0.0,16,33088,卖盘,002767,2025-10-17 22:57:47
13:41:03,20.68,0.0,15,31020,卖盘,002767,2025-10-17 22:57:47
13:41:06,20.68,0.0,5,10340,卖盘,002767,2025-10-17 22:57:47
13:41:39,20.68,0.0,12,24816,卖盘,002767,2025-10-17 22:57:47
13:41:45,20.68,0.0,71,146828,卖盘,002767,2025-10-17 22:57:47
13:41:57,20.68,0.0,3,6204,卖盘,002767,2025-10-17 22:57:47
13:42:06,20.68,0.0,5,10340,卖盘,002767,2025-10-17 22:57:47
13:42:12,20.68,0.0,2,4136,卖盘,002767,2025-10-17 22:57:47
13:42:33,20.68,0.0,30,62040,卖盘,002767,2025-10-17 22:57:47
13:42:45,20.68,0.0,10,20680,卖盘,002767,2025-10-17 22:57:47
13:43:03,20.68,0.0,3,6204,卖盘,002767,2025-10-17 22:57:47
13:43:12,20.68,0.0,20,41360,卖盘,002767,2025-10-17 22:57:47
13:43:33,20.68,0.0,4,8272,卖盘,002767,2025-10-17 22:57:47
13:43:51,20.68,0.0,2,4136,卖盘,002767,2025-10-17 22:57:47
13:44:03,20.68,0.0,2,4136,卖盘,002767,2025-10-17 22:57:47
13:44:09,20.68,0.0,6,12408,卖盘,002767,2025-10-17 22:57:47
13:44:33,20.68,0.0,4,8272,卖盘,002767,2025-10-17 22:57:47
13:45:12,20.68,0.0,5,10340,卖盘,002767,2025-10-17 22:57:47
13:45:18,20.68,0.0,7,14476,卖盘,002767,2025-10-17 22:57:47
13:45:48,20.68,0.0,4,8272,卖盘,002767,2025-10-17 22:57:47
13:46:24,20.68,0.0,6,12408,卖盘,002767,2025-10-17 22:57:47
13:46:33,20.68,0.0,1,2068,卖盘,002767,2025-10-17 22:57:47
13:47:03,20.68,0.0,2,4136,卖盘,002767,2025-10-17 22:57:47
13:47:42,20.68,0.0,15,31020,卖盘,002767,2025-10-17 22:57:47
13:47:45,20.68,0.0,1,2068,卖盘,002767,2025-10-17 22:57:47
13:48:03,20.68,0.0,10,20680,卖盘,002767,2025-10-17 22:57:47
13:48:18,20.68,0.0,1,2068,卖盘,002767,2025-10-17 22:57:47
13:48:21,20.68,0.0,50,103400,卖盘,002767,2025-10-17 22:57:47
13:48:39,20.68,0.0,130,268840,卖盘,002767,2025-10-17 22:57:47
13:48:42,20.68,0.0,5,10340,卖盘,002767,2025-10-17 22:57:47
13:48:51,20.68,0.0,11,22748,卖盘,002767,2025-10-17 22:57:47
13:49:03,20.68,0.0,1,2068,卖盘,002767,2025-10-17 22:57:47
13:49:15,20.68,0.0,5,10340,卖盘,002767,2025-10-17 22:57:47
13:49:27,20.68,0.0,3,6204,卖盘,002767,2025-10-17 22:57:47
13:49:54,20.68,0.0,4,8272,卖盘,002767,2025-10-17 22:57:47
13:50:33,20.68,0.0,1,2068,卖盘,002767,2025-10-17 22:57:47
13:51:03,20.68,0.0,6,12408,卖盘,002767,2025-10-17 22:57:47
13:51:24,20.68,0.0,1,2068,卖盘,002767,2025-10-17 22:57:47
13:51:39,20.68,0.0,12,24816,卖盘,002767,2025-10-17 22:57:47
13:51:45,20.68,0.0,1,2068,卖盘,002767,2025-10-17 22:57:47
13:51:51,20.68,0.0,5,10340,卖盘,002767,2025-10-17 22:57:47
13:52:00,20.68,0.0,2,4136,卖盘,002767,2025-10-17 22:57:47
13:52:03,20.68,0.0,20,41360,卖盘,002767,2025-10-17 22:57:47
13:52:18,20.68,0.0,3,6204,卖盘,002767,2025-10-17 22:57:47
13:52:39,20.68,0.0,25,51700,卖盘,002767,2025-10-17 22:57:47
13:52:51,20.68,0.0,2,4136,卖盘,002767,2025-10-17 22:57:47
13:53:00,20.68,0.0,6,12408,卖盘,002767,2025-10-17 22:57:47
13:53:03,20.68,0.0,47,97196,卖盘,002767,2025-10-17 22:57:47
13:53:18,20.68,0.0,5,10340,卖盘,002767,2025-10-17 22:57:47
13:53:24,20.68,0.0,20,41360,卖盘,002767,2025-10-17 22:57:47
13:53:30,20.68,0.0,30,62040,卖盘,002767,2025-10-17 22:57:47
13:53:39,20.68,0.0,39,80652,卖盘,002767,2025-10-17 22:57:47
13:53:45,20.68,0.0,24,49632,卖盘,002767,2025-10-17 22:57:47
13:53:48,20.68,0.0,10,20680,卖盘,002767,2025-10-17 22:57:47
13:53:54,20.68,0.0,23,47564,卖盘,002767,2025-10-17 22:57:47
13:53:57,20.68,0.0,5,10340,卖盘,002767,2025-10-17 22:57:47
13:54:33,20.68,0.0,1,2068,卖盘,002767,2025-10-17 22:57:47
13:54:42,20.68,0.0,1,2068,卖盘,002767,2025-10-17 22:57:47
13:54:45,20.68,0.0,1,2068,卖盘,002767,2025-10-17 22:57:47
13:54:51,20.68,0.0,11,22748,卖盘,002767,2025-10-17 22:57:47
13:54:54,20.68,0.0,12,24816,卖盘,002767,2025-10-17 22:57:47
13:55:03,20.68,0.0,2,4136,卖盘,002767,2025-10-17 22:57:47
13:55:06,20.68,0.0,11,22748,卖盘,002767,2025-10-17 22:57:47
13:55:21,20.68,0.0,4,8272,卖盘,002767,2025-10-17 22:57:47
13:55:27,20.68,0.0,4,8272,卖盘,002767,2025-10-17 22:57:47
13:55:39,20.68,0.0,1,2068,卖盘,002767,2025-10-17 22:57:47
13:55:45,20.68,0.0,9,18612,卖盘,002767,2025-10-17 22:57:47
13:55:51,20.68,0.0,4,8272,卖盘,002767,2025-10-17 22:57:47
13:56:45,20.68,0.0,102,210936,卖盘,002767,2025-10-17 22:57:47
13:57:24,20.68,0.0,2,4136,卖盘,002767,2025-10-17 22:57:47
13:57:30,20.68,0.0,1,2068,卖盘,002767,2025-10-17 22:57:47
13:57:36,20.68,0.0,31,64108,卖盘,002767,2025-10-17 22:57:47
13:57:45,20.68,0.0,32,66176,卖盘,002767,2025-10-17 22:57:47
13:58:09,20.68,0.0,20,41360,卖盘,002767,2025-10-17 22:57:47
13:59:39,20.68,0.0,1,2068,卖盘,002767,2025-10-17 22:57:47
13:59:42,20.68,0.0,1,2068,卖盘,002767,2025-10-17 22:57:47
14:00:06,20.68,0.0,23,47564,卖盘,002767,2025-10-17 22:57:47
14:00:18,20.68,0.0,209,432212,卖盘,002767,2025-10-17 22:57:47
14:01:06,20.68,0.0,2,4136,卖盘,002767,2025-10-17 22:57:47
14:01:33,20.68,0.0,1,2068,卖盘,002767,2025-10-17 22:57:47
14:01:48,20.68,0.0,30,62040,卖盘,002767,2025-10-17 22:57:47
14:02:09,20.68,0.0,5,10340,卖盘,002767,2025-10-17 22:57:47
14:02:12,20.68,0.0,1,2068,卖盘,002767,2025-10-17 22:57:47
14:02:21,20.68,0.0,1,2068,卖盘,002767,2025-10-17 22:57:47
14:02:54,20.68,0.0,10,20680,卖盘,002767,2025-10-17 22:57:47
14:02:57,20.68,0.0,3,6204,卖盘,002767,2025-10-17 22:57:47
14:03:03,20.68,0.0,15,31020,卖盘,002767,2025-10-17 22:57:47
14:03:09,20.68,0.0,138,285384,卖盘,002767,2025-10-17 22:57:47
14:03:30,20.68,0.0,18,37224,卖盘,002767,2025-10-17 22:57:47
14:03:42,20.68,0.0,2,4136,卖盘,002767,2025-10-17 22:57:47
14:03:45,20.68,0.0,2,4136,卖盘,002767,2025-10-17 22:57:47
14:04:24,20.68,0.0,2,4136,卖盘,002767,2025-10-17 22:57:47
14:04:30,20.68,0.0,2,4136,卖盘,002767,2025-10-17 22:57:47
14:04:33,20.68,0.0,1,2068,卖盘,002767,2025-10-17 22:57:47
14:04:45,20.68,0.0,53,109604,卖盘,002767,2025-10-17 22:57:47
14:05:18,20.68,0.0,4,8272,卖盘,002767,2025-10-17 22:57:47
14:05:24,20.68,0.0,14,28952,卖盘,002767,2025-10-17 22:57:47
14:05:51,20.68,0.0,5,10340,卖盘,002767,2025-10-17 22:57:47
14:06:06,20.68,0.0,10,20680,卖盘,002767,2025-10-17 22:57:47
14:06:09,20.68,0.0,6,12408,卖盘,002767,2025-10-17 22:57:47
14:06:21,20.68,0.0,10,20680,卖盘,002767,2025-10-17 22:57:47
14:06:36,20.68,0.0,10,20680,卖盘,002767,2025-10-17 22:57:47
14:06:51,20.68,0.0,8,16544,卖盘,002767,2025-10-17 22:57:47
14:08:30,20.68,0.0,1,2068,卖盘,002767,2025-10-17 22:57:47
14:08:51,20.68,0.0,10,20680,卖盘,002767,2025-10-17 22:57:47
14:09:33,20.68,0.0,1,2068,卖盘,002767,2025-10-17 22:57:47
14:10:03,20.68,0.0,1,2068,卖盘,002767,2025-10-17 22:57:47
14:10:48,20.68,0.0,7,14476,卖盘,002767,2025-10-17 22:57:47
14:10:54,20.68,0.0,5,10340,卖盘,002767,2025-10-17 22:57:47
14:11:42,20.68,0.0,5,10340,卖盘,002767,2025-10-17 22:57:47
14:12:39,20.68,0.0,1,2068,卖盘,002767,2025-10-17 22:57:47
14:13:24,20.68,0.0,4,8272,卖盘,002767,2025-10-17 22:57:47
14:13:33,20.68,0.0,1,2068,卖盘,002767,2025-10-17 22:57:47
14:15:00,20.68,0.0,39,80652,卖盘,002767,2025-10-17 22:57:47
14:15:12,20.68,0.0,15,31020,卖盘,002767,2025-10-17 22:57:47
14:15:18,20.68,0.0,2,4136,卖盘,002767,2025-10-17 22:57:47
14:15:21,20.68,0.0,32,66176,卖盘,002767,2025-10-17 22:57:47
14:15:24,20.68,0.0,3,6204,卖盘,002767,2025-10-17 22:57:47
14:15:48,20.68,0.0,4,8272,卖盘,002767,2025-10-17 22:57:47
14:15:51,20.68,0.0,26,53768,卖盘,002767,2025-10-17 22:57:47
14:16:36,20.68,0.0,2,4136,卖盘,002767,2025-10-17 22:57:47
14:16:42,20.68,0.0,8,16544,卖盘,002767,2025-10-17 22:57:47
14:16:51,20.68,0.0,11,22748,卖盘,002767,2025-10-17 22:57:47
14:17:00,20.68,0.0,2,4136,卖盘,002767,2025-10-17 22:57:47
14:17:03,20.68,0.0,13,26884,卖盘,002767,2025-10-17 22:57:47
14:17:27,20.68,0.0,15,31020,卖盘,002767,2025-10-17 22:57:47
14:18:00,20.68,0.0,10,20680,卖盘,002767,2025-10-17 22:57:47
14:18:06,20.68,0.0,5,10340,卖盘,002767,2025-10-17 22:57:47
14:18:18,20.68,0.0,1,2068,卖盘,002767,2025-10-17 22:57:47
14:18:33,20.68,0.0,11,22748,卖盘,002767,2025-10-17 22:57:47
14:20:09,20.68,0.0,116,239888,卖盘,002767,2025-10-17 22:57:47
14:20:45,20.68,0.0,20,41360,卖盘,002767,2025-10-17 22:57:47
14:21:12,20.68,0.0,50,103400,卖盘,002767,2025-10-17 22:57:47
14:21:24,20.68,0.0,1,2068,卖盘,002767,2025-10-17 22:57:47
14:21:57,20.68,0.0,1,2068,卖盘,002767,2025-10-17 22:57:47
14:22:03,20.68,0.0,110,227480,卖盘,002767,2025-10-17 22:57:47
14:22:27,20.68,0.0,1,2068,卖盘,002767,2025-10-17 22:57:47
14:22:30,20.68,0.0,1,2068,卖盘,002767,2025-10-17 22:57:47
14:22:39,20.68,0.0,10,20680,卖盘,002767,2025-10-17 22:57:47
14:23:15,20.68,0.0,5,10340,卖盘,002767,2025-10-17 22:57:47
14:23:21,20.68,0.0,30,62040,卖盘,002767,2025-10-17 22:57:47
14:23:27,20.68,0.0,7,14476,卖盘,002767,2025-10-17 22:57:47
14:23:42,20.68,0.0,1,2068,卖盘,002767,2025-10-17 22:57:47
14:24:48,20.68,0.0,1,2068,卖盘,002767,2025-10-17 22:57:47
14:25:18,20.68,0.0,7,14476,卖盘,002767,2025-10-17 22:57:47
14:25:21,20.68,0.0,5,10340,卖盘,002767,2025-10-17 22:57:47
14:25:33,20.68,0.0,2,4136,卖盘,002767,2025-10-17 22:57:47
14:25:42,20.68,0.0,19,39292,卖盘,002767,2025-10-17 22:57:47
14:26:00,20.68,0.0,1,2068,卖盘,002767,2025-10-17 22:57:47
14:26:09,20.68,0.0,2,4136,卖盘,002767,2025-10-17 22:57:47
14:26:12,20.68,0.0,3,6204,卖盘,002767,2025-10-17 22:57:47
14:26:15,20.68,0.0,41,84788,卖盘,002767,2025-10-17 22:57:47
14:26:21,20.68,0.0,25,51700,卖盘,002767,2025-10-17 22:57:47
14:26:27,20.68,0.0,9,18612,卖盘,002767,2025-10-17 22:57:47
14:26:36,20.68,0.0,65,134420,卖盘,002767,2025-10-17 22:57:47
14:26:45,20.68,0.0,3,6204,卖盘,002767,2025-10-17 22:57:47
14:26:54,20.68,0.0,1,2068,卖盘,002767,2025-10-17 22:57:47
14:27:12,20.68,0.0,15,31020,卖盘,002767,2025-10-17 22:57:47
14:27:27,20.68,0.0,1,2068,卖盘,002767,2025-10-17 22:57:47
14:27:30,20.68,0.0,13,26884,卖盘,002767,2025-10-17 22:57:47
14:27:48,20.68,0.0,100,206800,卖盘,002767,2025-10-17 22:57:47
14:27:54,20.68,0.0,27,55836,卖盘,002767,2025-10-17 22:57:47
14:28:03,20.68,0.0,5,10340,卖盘,002767,2025-10-17 22:57:47
14:28:12,20.68,0.0,2,4136,卖盘,002767,2025-10-17 22:57:47
14:28:15,20.68,0.0,5,10340,卖盘,002767,2025-10-17 22:57:47
14:28:27,20.68,0.0,33,68244,卖盘,002767,2025-10-17 22:57:47
14:28:33,20.68,0.0,10,20680,卖盘,002767,2025-10-17 22:57:47
14:29:06,20.68,0.0,42,86856,卖盘,002767,2025-10-17 22:57:47
14:29:39,20.68,0.0,6,12408,卖盘,002767,2025-10-17 22:57:47
14:29:48,20.68,0.0,30,62040,卖盘,002767,2025-10-17 22:57:47
14:29:57,20.68,0.0,15,31020,卖盘,002767,2025-10-17 22:57:47
14:30:00,20.68,0.0,2,4136,卖盘,002767,2025-10-17 22:57:47
14:30:03,20.68,0.0,14,28952,卖盘,002767,2025-10-17 22:57:47
14:30:09,20.68,0.0,20,41360,卖盘,002767,2025-10-17 22:57:47
14:30:12,20.68,0.0,1,2068,卖盘,002767,2025-10-17 22:57:47
14:30:24,20.68,0.0,14,28952,卖盘,002767,2025-10-17 22:57:47
14:30:42,20.68,0.0,11,22748,卖盘,002767,2025-10-17 22:57:47
14:31:00,20.68,0.0,1,2068,卖盘,002767,2025-10-17 22:57:47
14:31:15,20.68,0.0,11,22748,卖盘,002767,2025-10-17 22:57:47
14:31:21,20.68,0.0,1,2068,卖盘,002767,2025-10-17 22:57:47
14:31:39,20.68,0.0,10,20680,卖盘,002767,2025-10-17 22:57:47
14:31:45,20.68,0.0,30,62040,卖盘,002767,2025-10-17 22:57:47
14:32:30,20.68,0.0,2,4136,卖盘,002767,2025-10-17 22:57:47
14:32:42,20.68,0.0,9,18612,卖盘,002767,2025-10-17 22:57:47
14:32:57,20.68,0.0,1,2068,卖盘,002767,2025-10-17 22:57:47
14:33:09,20.68,0.0,11,22748,卖盘,002767,2025-10-17 22:57:47
14:33:15,20.68,0.0,3,6204,卖盘,002767,2025-10-17 22:57:47
14:33:39,20.68,0.0,3,6204,卖盘,002767,2025-10-17 22:57:47
14:33:45,20.68,0.0,1,2068,卖盘,002767,2025-10-17 22:57:47
14:33:48,20.68,0.0,14,28952,卖盘,002767,2025-10-17 22:57:47
14:33:51,20.68,0.0,10,20680,卖盘,002767,2025-10-17 22:57:47
14:34:00,20.68,0.0,10,20680,卖盘,002767,2025-10-17 22:57:47
14:34:18,20.68,0.0,2,4136,卖盘,002767,2025-10-17 22:57:47
14:34:30,20.68,0.0,5,10340,卖盘,002767,2025-10-17 22:57:47
14:34:42,20.68,0.0,65,134420,卖盘,002767,2025-10-17 22:57:47
14:35:24,20.68,0.0,2,4136,卖盘,002767,2025-10-17 22:57:47
14:35:27,20.68,0.0,1,2068,卖盘,002767,2025-10-17 22:57:47
14:35:30,20.68,0.0,1,2068,卖盘,002767,2025-10-17 22:57:47
14:35:42,20.68,0.0,31,64108,卖盘,002767,2025-10-17 22:57:47
14:35:48,20.68,0.0,20,41360,卖盘,002767,2025-10-17 22:57:47
14:35:57,20.68,0.0,1,2068,卖盘,002767,2025-10-17 22:57:47
14:36:03,20.68,0.0,30,62040,卖盘,002767,2025-10-17 22:57:47
14:36:39,20.68,0.0,5,10340,卖盘,002767,2025-10-17 22:57:47
14:36:45,20.68,0.0,23,47564,卖盘,002767,2025-10-17 22:57:47
14:36:51,20.68,0.0,10,20680,卖盘,002767,2025-10-17 22:57:47
14:37:06,20.68,0.0,72,148896,卖盘,002767,2025-10-17 22:57:47
14:37:18,20.68,0.0,33,68244,卖盘,002767,2025-10-17 22:57:47
14:37:51,20.68,0.0,41,84788,卖盘,002767,2025-10-17 22:57:47
14:37:54,20.68,0.0,7,14476,卖盘,002767,2025-10-17 22:57:47
14:37:57,20.68,0.0,29,59972,卖盘,002767,2025-10-17 22:57:47
14:38:06,20.68,0.0,10,20680,卖盘,002767,2025-10-17 22:57:47
14:38:18,20.68,0.0,2,4136,卖盘,002767,2025-10-17 22:57:47
14:38:27,20.68,0.0,1,2068,卖盘,002767,2025-10-17 22:57:47
14:39:03,20.68,0.0,36,74448,卖盘,002767,2025-10-17 22:57:47
14:39:24,20.68,0.0,38,78584,卖盘,002767,2025-10-17 22:57:47
14:39:30,20.68,0.0,20,41360,卖盘,002767,2025-10-17 22:57:47
14:40:03,20.68,0.0,6,12408,卖盘,002767,2025-10-17 22:57:47
14:40:45,20.68,0.0,14,28952,卖盘,002767,2025-10-17 22:57:47
14:41:06,20.68,0.0,10,20680,卖盘,002767,2025-10-17 22:57:47
14:41:09,20.68,0.0,4,8272,卖盘,002767,2025-10-17 22:57:47
14:41:15,20.68,0.0,3,6204,卖盘,002767,2025-10-17 22:57:47
14:41:30,20.68,0.0,4,8272,卖盘,002767,2025-10-17 22:57:47
14:41:36,20.68,0.0,4,8272,卖盘,002767,2025-10-17 22:57:47
14:42:21,20.68,0.0,1,2068,卖盘,002767,2025-10-17 22:57:47
14:42:24,20.68,0.0,5,10340,卖盘,002767,2025-10-17 22:57:47
14:42:30,20.68,0.0,23,47564,卖盘,002767,2025-10-17 22:57:47
14:42:33,20.68,0.0,16,33088,卖盘,002767,2025-10-17 22:57:47
14:42:36,20.68,0.0,3,6204,卖盘,002767,2025-10-17 22:57:47
14:42:39,20.68,0.0,16,33088,卖盘,002767,2025-10-17 22:57:47
14:42:42,20.68,0.0,109,225412,卖盘,002767,2025-10-17 22:57:47
14:42:45,20.68,0.0,1,2068,卖盘,002767,2025-10-17 22:57:47
14:42:51,20.68,0.0,8,16544,卖盘,002767,2025-10-17 22:57:47
14:42:54,20.68,0.0,1,2068,卖盘,002767,2025-10-17 22:57:47
14:43:00,20.68,0.0,8,16544,卖盘,002767,2025-10-17 22:57:47
14:43:03,20.68,0.0,5,10340,卖盘,002767,2025-10-17 22:57:47
14:43:09,20.68,0.0,1,2068,卖盘,002767,2025-10-17 22:57:47
14:43:24,20.68,0.0,64,132352,卖盘,002767,2025-10-17 22:57:47
14:43:27,20.68,0.0,21,43428,卖盘,002767,2025-10-17 22:57:47
14:43:30,20.68,0.0,21,43428,卖盘,002767,2025-10-17 22:57:47
14:43:33,20.68,0.0,7,14476,卖盘,002767,2025-10-17 22:57:47
14:43:39,20.68,0.0,109,225412,卖盘,002767,2025-10-17 22:57:47
14:43:57,20.68,0.0,26,53768,卖盘,002767,2025-10-17 22:57:47
14:44:00,20.68,0.0,26,53768,卖盘,002767,2025-10-17 22:57:47
14:44:06,20.68,0.0,58,119944,卖盘,002767,2025-10-17 22:57:47
14:44:09,20.68,0.0,30,62040,卖盘,002767,2025-10-17 22:57:47
14:44:12,20.68,0.0,55,113740,卖盘,002767,2025-10-17 22:57:47
14:44:30,20.68,0.0,7,14476,卖盘,002767,2025-10-17 22:57:47
14:44:42,20.68,0.0,5,10340,卖盘,002767,2025-10-17 22:57:47
14:44:51,20.68,0.0,16,33088,卖盘,002767,2025-10-17 22:57:47
14:45:24,20.68,0.0,10,20680,卖盘,002767,2025-10-17 22:57:47
14:45:33,20.68,0.0,1,2068,卖盘,002767,2025-10-17 22:57:47
14:45:39,20.68,0.0,1,2068,卖盘,002767,2025-10-17 22:57:47
14:45:42,20.68,0.0,29,59972,卖盘,002767,2025-10-17 22:57:47
14:45:57,20.68,0.0,2,4136,卖盘,002767,2025-10-17 22:57:47
14:46:09,20.68,0.0,13,26884,卖盘,002767,2025-10-17 22:57:47
14:46:21,20.68,0.0,15,31020,卖盘,002767,2025-10-17 22:57:47
14:46:57,20.68,0.0,6,12408,卖盘,002767,2025-10-17 22:57:47
14:47:00,20.68,0.0,5,10340,卖盘,002767,2025-10-17 22:57:47
14:47:18,20.68,0.0,26,53768,卖盘,002767,2025-10-17 22:57:47
14:47:24,20.68,0.0,50,103400,卖盘,002767,2025-10-17 22:57:47
14:47:27,20.68,0.0,5,10340,卖盘,002767,2025-10-17 22:57:47
14:47:39,20.68,0.0,11,22748,卖盘,002767,2025-10-17 22:57:47
14:47:48,20.68,0.0,2,4136,卖盘,002767,2025-10-17 22:57:47
14:47:54,20.68,0.0,7,14476,卖盘,002767,2025-10-17 22:57:47
14:48:30,20.68,0.0,20,41360,卖盘,002767,2025-10-17 22:57:47
14:48:36,20.68,0.0,1,2068,卖盘,002767,2025-10-17 22:57:47
14:48:42,20.68,0.0,15,31020,卖盘,002767,2025-10-17 22:57:47
14:48:45,20.68,0.0,6,12408,卖盘,002767,2025-10-17 22:57:47
14:48:54,20.68,0.0,29,59972,卖盘,002767,2025-10-17 22:57:47
14:48:57,20.68,0.0,1,2068,卖盘,002767,2025-10-17 22:57:47
14:49:00,20.68,0.0,3,6204,卖盘,002767,2025-10-17 22:57:47
14:49:06,20.68,0.0,12,24816,卖盘,002767,2025-10-17 22:57:47
14:49:12,20.68,0.0,1,2068,卖盘,002767,2025-10-17 22:57:47
14:49:30,20.68,0.0,5,10340,卖盘,002767,2025-10-17 22:57:47
14:49:45,20.68,0.0,56,115808,卖盘,002767,2025-10-17 22:57:47
14:49:48,20.68,0.0,10,20680,卖盘,002767,2025-10-17 22:57:47
14:50:00,20.68,0.0,1,2068,卖盘,002767,2025-10-17 22:57:47
14:50:15,20.68,0.0,44,90992,卖盘,002767,2025-10-17 22:57:47
14:50:18,20.68,0.0,3,6204,卖盘,002767,2025-10-17 22:57:47
14:50:24,20.68,0.0,6,12408,卖盘,002767,2025-10-17 22:57:47
14:50:27,20.68,0.0,1,2068,卖盘,002767,2025-10-17 22:57:47
14:50:39,20.68,0.0,40,82720,卖盘,002767,2025-10-17 22:57:47
14:50:42,20.68,0.0,1,2068,卖盘,002767,2025-10-17 22:57:47
14:50:57,20.68,0.0,5,10340,卖盘,002767,2025-10-17 22:57:47
14:51:03,20.68,0.0,4,8272,卖盘,002767,2025-10-17 22:57:47
14:51:12,20.68,0.0,6,12408,卖盘,002767,2025-10-17 22:57:47
14:51:33,20.68,0.0,5,10340,卖盘,002767,2025-10-17 22:57:47
14:51:39,20.68,0.0,3,6204,卖盘,002767,2025-10-17 22:57:47
14:51:54,20.68,0.0,2,4136,卖盘,002767,2025-10-17 22:57:47
14:51:57,20.68,0.0,60,124080,卖盘,002767,2025-10-17 22:57:47
14:52:00,20.68,0.0,5,10340,卖盘,002767,2025-10-17 22:57:47
14:52:03,20.68,0.0,1,2068,卖盘,002767,2025-10-17 22:57:47
14:52:09,20.68,0.0,14,28952,卖盘,002767,2025-10-17 22:57:47
14:52:15,20.68,0.0,10,20680,卖盘,002767,2025-10-17 22:57:47
14:52:27,20.68,0.0,22,45496,卖盘,002767,2025-10-17 22:57:47
14:52:48,20.68,0.0,10,20680,卖盘,002767,2025-10-17 22:57:47
14:52:54,20.68,0.0,5,10340,卖盘,002767,2025-10-17 22:57:47
14:53:12,20.68,0.0,14,28952,卖盘,002767,2025-10-17 22:57:47
14:53:24,20.68,0.0,2,4136,卖盘,002767,2025-10-17 22:57:47
14:53:27,20.68,0.0,3,6204,卖盘,002767,2025-10-17 22:57:47
14:53:36,20.68,0.0,10,20680,卖盘,002767,2025-10-17 22:57:47
14:53:42,20.68,0.0,10,20680,卖盘,002767,2025-10-17 22:57:47
14:53:48,20.68,0.0,5,10340,卖盘,002767,2025-10-17 22:57:47
14:53:51,20.68,0.0,15,31020,卖盘,002767,2025-10-17 22:57:47
14:53:54,20.68,0.0,3,6204,卖盘,002767,2025-10-17 22:57:47
14:53:57,20.68,0.0,13,26884,卖盘,002767,2025-10-17 22:57:47
14:54:00,20.68,0.0,2,4136,卖盘,002767,2025-10-17 22:57:47
14:54:03,20.68,0.0,2,4136,卖盘,002767,2025-10-17 22:57:47
14:54:06,20.68,0.0,1,2068,卖盘,002767,2025-10-17 22:57:47
14:54:18,20.68,0.0,15,31020,卖盘,002767,2025-10-17 22:57:47
14:54:21,20.68,0.0,49,101332,卖盘,002767,2025-10-17 22:57:47
14:54:24,20.68,0.0,50,103400,卖盘,002767,2025-10-17 22:57:47
14:54:27,20.68,0.0,3,6204,卖盘,002767,2025-10-17 22:57:47
14:54:33,20.68,0.0,18,37224,卖盘,002767,2025-10-17 22:57:47
14:54:45,20.68,0.0,12,24816,卖盘,002767,2025-10-17 22:57:47
14:54:51,20.68,0.0,18,37224,卖盘,002767,2025-10-17 22:57:47
14:54:54,20.68,0.0,205,423940,卖盘,002767,2025-10-17 22:57:47
14:55:09,20.68,0.0,7,14476,卖盘,002767,2025-10-17 22:57:47
14:55:15,20.68,0.0,12,24816,卖盘,002767,2025-10-17 22:57:47
14:55:24,20.68,0.0,10,20680,卖盘,002767,2025-10-17 22:57:47
14:55:27,20.68,0.0,3,6204,卖盘,002767,2025-10-17 22:57:47
14:55:30,20.68,0.0,30,62040,卖盘,002767,2025-10-17 22:57:47
14:55:33,20.68,0.0,4,8272,卖盘,002767,2025-10-17 22:57:47
14:55:36,20.68,0.0,24,49632,卖盘,002767,2025-10-17 22:57:47
14:55:39,20.68,0.0,7,14476,卖盘,002767,2025-10-17 22:57:47
14:55:48,20.68,0.0,83,171644,卖盘,002767,2025-10-17 22:57:47
14:55:51,20.68,0.0,2,4136,卖盘,002767,2025-10-17 22:57:47
14:55:54,20.68,0.0,107,221276,卖盘,002767,2025-10-17 22:57:47
14:55:57,20.68,0.0,2,4136,卖盘,002767,2025-10-17 22:57:47
14:56:00,20.68,0.0,14,28952,卖盘,002767,2025-10-17 22:57:47
14:56:03,20.68,0.0,66,136488,卖盘,002767,2025-10-17 22:57:47
