时间,成交价,价格变动,成交量,成交额,买卖盘性质,股票代码,采集时间
09:25:01,8.73,0.03,22956,20040588,买盘,600078,2025-10-17 22:48:09
09:30:01,8.78,0.05,2707,2371948,买盘,600078,2025-10-17 22:48:09
09:30:04,8.75,-0.03,4885,4282854,卖盘,600078,2025-10-17 22:48:09
09:30:07,8.79,0.04,5271,4636828,中性盘,600078,2025-10-17 22:48:09
09:30:10,8.8,0.01,2513,2209479,中性盘,600078,2025-10-17 22:48:09
09:30:13,8.83,0.03,3009,2649570,买盘,600078,2025-10-17 22:48:09
09:30:16,8.81,-0.02,1262,1113489,卖盘,600078,2025-10-17 22:48:09
09:30:19,8.81,0.0,1606,1415209,卖盘,600078,2025-10-17 22:48:09
09:30:22,8.75,-0.06,3303,2901755,卖盘,600078,2025-10-17 22:48:09
09:30:25,8.78,0.03,2302,2018691,中性盘,600078,2025-10-17 22:48:09
09:30:28,8.75,-0.03,3185,2802498,卖盘,600078,2025-10-17 22:48:09
09:30:31,8.75,0.0,5387,4744970,卖盘,600078,2025-10-17 22:48:09
09:30:34,8.78,0.03,2260,1981991,中性盘,600078,2025-10-17 22:48:09
09:30:37,8.78,0.0,1767,1549363,买盘,600078,2025-10-17 22:48:09
09:30:40,8.78,0.0,2928,2566486,买盘,600078,2025-10-17 22:48:09
09:30:43,8.8,0.02,4789,4210230,买盘,600078,2025-10-17 22:48:09
09:30:46,8.79,-0.01,1425,1254673,卖盘,600078,2025-10-17 22:48:09
09:30:49,8.8,0.01,996,877606,买盘,600078,2025-10-17 22:48:09
09:30:52,8.8,0.0,1971,1735612,卖盘,600078,2025-10-17 22:48:09
09:30:55,8.82,0.02,1352,1192170,买盘,600078,2025-10-17 22:48:09
09:30:58,8.85,0.03,653,575748,买盘,600078,2025-10-17 22:48:09
09:31:01,8.84,-0.01,1049,927560,卖盘,600078,2025-10-17 22:48:09
09:31:04,8.84,0.0,1560,1378654,买盘,600078,2025-10-17 22:48:09
09:31:07,8.82,-0.02,2275,2005420,卖盘,600078,2025-10-17 22:48:09
09:31:10,8.78,-0.04,904,796408,卖盘,600078,2025-10-17 22:48:09
09:31:13,8.77,-0.01,8571,7497336,卖盘,600078,2025-10-17 22:48:09
09:31:16,8.73,-0.04,2517,2202972,卖盘,600078,2025-10-17 22:48:09
09:31:19,8.77,0.04,1553,1359300,买盘,600078,2025-10-17 22:48:09
09:31:22,8.74,-0.03,1233,1080310,卖盘,600078,2025-10-17 22:48:09
09:31:25,8.75,0.01,702,615668,卖盘,600078,2025-10-17 22:48:09
09:31:28,8.74,-0.01,1165,1021067,卖盘,600078,2025-10-17 22:48:09
09:31:31,8.74,0.0,1253,1096780,卖盘,600078,2025-10-17 22:48:09
09:31:34,8.75,0.01,1053,921240,买盘,600078,2025-10-17 22:48:09
09:31:37,8.76,0.01,1048,919366,中性盘,600078,2025-10-17 22:48:09
09:31:40,8.72,-0.04,4063,3553141,卖盘,600078,2025-10-17 22:48:09
09:31:43,8.72,0.0,3109,2711854,买盘,600078,2025-10-17 22:48:09
09:31:46,8.76,0.04,1141,999769,买盘,600078,2025-10-17 22:48:09
09:31:49,8.78,0.02,1099,964936,买盘,600078,2025-10-17 22:48:09
09:31:52,8.82,0.04,2300,2026374,买盘,600078,2025-10-17 22:48:09
09:31:55,8.86,0.04,1103,975422,买盘,600078,2025-10-17 22:48:09
09:31:58,8.91,0.05,3098,2754765,买盘,600078,2025-10-17 22:48:09
09:32:01,8.99,0.08,3710,3322726,买盘,600078,2025-10-17 22:48:09
09:32:04,9.01,0.02,1218,1095465,买盘,600078,2025-10-17 22:48:09
09:32:07,9.02,0.01,728,656541,买盘,600078,2025-10-17 22:48:09
09:32:10,8.99,-0.03,5217,4691504,卖盘,600078,2025-10-17 22:48:09
09:32:13,8.99,0.0,1962,1762680,买盘,600078,2025-10-17 22:48:09
09:32:16,9.0,0.01,1287,1155861,中性盘,600078,2025-10-17 22:48:09
09:32:19,9.0,0.0,3215,2895873,买盘,600078,2025-10-17 22:48:09
09:32:22,9.04,0.04,2169,1963168,买盘,600078,2025-10-17 22:48:09
09:32:25,9.07,0.03,3570,3233799,买盘,600078,2025-10-17 22:48:09
09:32:28,9.08,0.01,1627,1478166,买盘,600078,2025-10-17 22:48:09
09:32:31,9.1,0.02,2240,2038524,买盘,600078,2025-10-17 22:48:09
09:32:34,9.1,0.0,1317,1195847,卖盘,600078,2025-10-17 22:48:09
09:32:37,9.08,-0.02,2728,2482450,卖盘,600078,2025-10-17 22:48:09
09:32:40,9.08,0.0,2749,2493818,买盘,600078,2025-10-17 22:48:09
09:32:43,9.08,0.0,4789,4346476,买盘,600078,2025-10-17 22:48:09
09:32:46,9.06,-0.02,3109,2827284,卖盘,600078,2025-10-17 22:48:09
09:32:49,9.08,0.02,3315,3007348,买盘,600078,2025-10-17 22:48:09
09:32:52,9.08,0.0,1741,1582724,卖盘,600078,2025-10-17 22:48:09
09:32:55,9.08,0.0,2846,2585869,卖盘,600078,2025-10-17 22:48:09
09:32:58,9.1,0.02,1141,1037241,买盘,600078,2025-10-17 22:48:09
09:33:01,9.1,0.0,1670,1520016,卖盘,600078,2025-10-17 22:48:09
09:33:04,9.13,0.03,4469,4076779,买盘,600078,2025-10-17 22:48:09
09:33:07,9.17,0.04,2924,2680107,买盘,600078,2025-10-17 22:48:09
09:33:10,9.15,-0.02,1022,936511,卖盘,600078,2025-10-17 22:48:09
09:33:13,9.15,0.0,1065,973893,买盘,600078,2025-10-17 22:48:09
09:33:16,9.12,-0.03,1782,1628019,卖盘,600078,2025-10-17 22:48:09
09:33:19,9.1,-0.02,1725,1572954,卖盘,600078,2025-10-17 22:48:09
09:33:22,9.09,-0.01,1160,1055178,卖盘,600078,2025-10-17 22:48:09
09:33:25,9.08,-0.01,5683,5171620,卖盘,600078,2025-10-17 22:48:09
09:33:28,9.09,0.01,2245,2040970,买盘,600078,2025-10-17 22:48:09
09:33:31,9.08,-0.01,1333,1210781,卖盘,600078,2025-10-17 22:48:09
09:33:34,9.14,0.06,2190,1992541,买盘,600078,2025-10-17 22:48:09
09:33:37,9.06,-0.08,4522,4110673,卖盘,600078,2025-10-17 22:48:09
09:33:40,9.09,0.03,748,682396,中性盘,600078,2025-10-17 22:48:09
09:33:43,9.12,0.03,1053,962738,卖盘,600078,2025-10-17 22:48:09
09:33:46,9.1,-0.02,885,808734,卖盘,600078,2025-10-17 22:48:09
09:33:49,9.1,0.0,1880,1714479,卖盘,600078,2025-10-17 22:48:09
09:33:52,9.11,0.01,1640,1498251,中性盘,600078,2025-10-17 22:48:09
09:33:55,9.11,0.0,951,867596,卖盘,600078,2025-10-17 22:48:09
09:33:58,9.12,0.01,361,329451,买盘,600078,2025-10-17 22:48:09
09:34:01,9.14,0.02,440,401735,买盘,600078,2025-10-17 22:48:09
09:34:04,9.21,0.07,2833,2597695,买盘,600078,2025-10-17 22:48:09
09:34:07,9.22,0.01,1004,925463,买盘,600078,2025-10-17 22:48:09
09:34:10,9.2,-0.02,831,765994,卖盘,600078,2025-10-17 22:48:09
09:34:13,9.19,-0.01,1875,1726756,卖盘,600078,2025-10-17 22:48:09
09:34:16,9.2,0.01,1436,1318938,买盘,600078,2025-10-17 22:48:09
09:34:19,9.18,-0.02,789,724156,卖盘,600078,2025-10-17 22:48:09
09:34:22,9.18,0.0,762,699002,买盘,600078,2025-10-17 22:48:09
09:34:25,9.18,0.0,2880,2645018,买盘,600078,2025-10-17 22:48:09
09:34:28,9.17,-0.01,2364,2167135,卖盘,600078,2025-10-17 22:48:09
09:34:31,9.18,0.01,1181,1083978,卖盘,600078,2025-10-17 22:48:09
09:34:34,9.15,-0.03,1884,1725789,卖盘,600078,2025-10-17 22:48:09
09:34:37,9.17,0.02,350,320892,买盘,600078,2025-10-17 22:48:09
09:34:40,9.16,-0.01,803,736496,卖盘,600078,2025-10-17 22:48:09
09:34:43,9.16,0.0,1707,1563294,卖盘,600078,2025-10-17 22:48:09
09:34:46,9.15,-0.01,1914,1752875,卖盘,600078,2025-10-17 22:48:09
09:34:49,9.16,0.01,1306,1195441,买盘,600078,2025-10-17 22:48:09
09:34:52,9.15,-0.01,498,455509,卖盘,600078,2025-10-17 22:48:09
09:34:55,9.14,-0.01,207,189196,卖盘,600078,2025-10-17 22:48:09
09:34:58,9.13,-0.01,1706,1559001,卖盘,600078,2025-10-17 22:48:09
09:35:01,9.13,0.0,952,868884,卖盘,600078,2025-10-17 22:48:09
09:35:04,9.18,0.05,3991,3652500,买盘,600078,2025-10-17 22:48:09
09:35:07,9.24,0.06,5684,5230253,买盘,600078,2025-10-17 22:48:09
09:35:10,9.18,-0.06,3800,3496305,卖盘,600078,2025-10-17 22:48:09
09:35:13,9.21,0.03,1138,1046224,买盘,600078,2025-10-17 22:48:09
09:35:16,9.22,0.01,520,478872,买盘,600078,2025-10-17 22:48:09
09:35:19,9.2,-0.02,1535,1412669,卖盘,600078,2025-10-17 22:48:09
09:35:22,9.18,-0.02,3067,2818583,卖盘,600078,2025-10-17 22:48:09
09:35:25,9.18,0.0,589,541132,卖盘,600078,2025-10-17 22:48:09
09:35:28,9.17,-0.01,303,277715,卖盘,600078,2025-10-17 22:48:09
09:35:31,9.17,0.0,418,383180,买盘,600078,2025-10-17 22:48:09
09:35:34,9.17,0.0,1050,962247,买盘,600078,2025-10-17 22:48:09
09:35:37,9.2,0.03,1343,1233304,买盘,600078,2025-10-17 22:48:09
09:35:40,9.19,-0.01,351,322529,卖盘,600078,2025-10-17 22:48:09
09:35:43,9.19,0.0,430,395713,卖盘,600078,2025-10-17 22:48:09
09:35:46,9.18,-0.01,971,891368,卖盘,600078,2025-10-17 22:48:09
09:35:49,9.18,0.0,607,557815,卖盘,600078,2025-10-17 22:48:09
09:35:52,9.18,0.0,748,686170,卖盘,600078,2025-10-17 22:48:09
09:35:55,9.17,-0.01,1243,1140612,卖盘,600078,2025-10-17 22:48:09
09:35:58,9.17,0.0,191,175173,卖盘,600078,2025-10-17 22:48:09
09:36:01,9.17,0.0,247,226379,买盘,600078,2025-10-17 22:48:09
09:36:04,9.16,-0.01,2872,2634345,卖盘,600078,2025-10-17 22:48:09
09:36:07,9.19,0.03,1355,1242190,买盘,600078,2025-10-17 22:48:09
09:36:10,9.18,-0.01,1367,1256259,中性盘,600078,2025-10-17 22:48:09
09:36:13,9.2,0.02,1408,1297102,买盘,600078,2025-10-17 22:48:09
09:36:16,9.22,0.02,952,877572,买盘,600078,2025-10-17 22:48:09
09:36:19,9.24,0.02,631,582439,买盘,600078,2025-10-17 22:48:09
09:36:22,9.26,0.02,1564,1446204,买盘,600078,2025-10-17 22:48:09
09:36:25,9.26,0.0,309,285883,卖盘,600078,2025-10-17 22:48:09
09:36:28,9.25,-0.01,1484,1372903,卖盘,600078,2025-10-17 22:48:09
09:36:31,9.23,-0.02,2571,2377820,中性盘,600078,2025-10-17 22:48:09
09:36:34,9.24,0.01,1358,1256237,买盘,600078,2025-10-17 22:48:09
09:36:37,9.24,0.0,911,842300,卖盘,600078,2025-10-17 22:48:09
09:36:40,9.27,0.03,1819,1687316,买盘,600078,2025-10-17 22:48:09
09:36:43,9.31,0.04,2941,2735480,买盘,600078,2025-10-17 22:48:09
09:36:46,9.32,0.01,454,423376,买盘,600078,2025-10-17 22:48:09
09:36:49,9.32,0.0,1118,1042106,买盘,600078,2025-10-17 22:48:09
09:36:52,9.32,0.0,514,479056,卖盘,600078,2025-10-17 22:48:09
09:36:55,9.3,-0.02,374,348198,卖盘,600078,2025-10-17 22:48:09
09:36:58,9.3,0.0,791,734707,买盘,600078,2025-10-17 22:48:09
09:37:01,9.27,-0.03,1594,1478759,卖盘,600078,2025-10-17 22:48:09
09:37:04,9.26,-0.01,388,359395,卖盘,600078,2025-10-17 22:48:09
09:37:07,9.26,0.0,1530,1415262,买盘,600078,2025-10-17 22:48:09
09:37:10,9.27,0.01,1372,1270850,买盘,600078,2025-10-17 22:48:09
09:37:13,9.26,-0.01,822,761573,卖盘,600078,2025-10-17 22:48:09
09:37:16,9.28,0.02,1342,1244276,买盘,600078,2025-10-17 22:48:09
09:37:19,9.32,0.04,2193,2038890,买盘,600078,2025-10-17 22:48:09
09:37:22,9.31,-0.01,435,404897,中性盘,600078,2025-10-17 22:48:09
09:37:25,9.33,0.02,479,446269,买盘,600078,2025-10-17 22:48:09
09:37:28,9.31,-0.02,328,305459,卖盘,600078,2025-10-17 22:48:09
09:37:31,9.25,-0.06,1723,1596427,卖盘,600078,2025-10-17 22:48:09
09:37:34,9.29,0.04,220,204294,中性盘,600078,2025-10-17 22:48:09
09:37:37,9.27,-0.02,300,277892,卖盘,600078,2025-10-17 22:48:09
09:37:40,9.25,-0.02,565,522881,卖盘,600078,2025-10-17 22:48:09
09:37:43,9.22,-0.03,1121,1035532,卖盘,600078,2025-10-17 22:48:09
09:37:46,9.23,0.01,863,797221,中性盘,600078,2025-10-17 22:48:09
09:37:49,9.22,-0.01,856,789264,卖盘,600078,2025-10-17 22:48:09
09:37:52,9.2,-0.02,683,629475,卖盘,600078,2025-10-17 22:48:09
09:37:55,9.17,-0.03,775,713025,卖盘,600078,2025-10-17 22:48:09
09:37:58,9.16,-0.01,224,205319,卖盘,600078,2025-10-17 22:48:09
09:38:01,9.18,0.02,733,672886,买盘,600078,2025-10-17 22:48:09
09:38:04,9.23,0.05,2146,1976046,买盘,600078,2025-10-17 22:48:09
09:38:07,9.24,0.01,2176,2003510,买盘,600078,2025-10-17 22:48:09
09:38:10,9.22,-0.02,235,216975,卖盘,600078,2025-10-17 22:48:09
09:38:13,9.23,0.01,343,316477,买盘,600078,2025-10-17 22:48:09
09:38:16,9.22,-0.01,160,147507,买盘,600078,2025-10-17 22:48:09
09:38:19,9.22,0.0,125,115172,买盘,600078,2025-10-17 22:48:09
09:38:22,9.22,0.0,565,520692,买盘,600078,2025-10-17 22:48:09
09:38:25,9.21,-0.01,111,102288,卖盘,600078,2025-10-17 22:48:09
09:38:28,9.2,-0.01,259,238736,卖盘,600078,2025-10-17 22:48:09
09:38:31,9.18,-0.02,250,229931,卖盘,600078,2025-10-17 22:48:09
09:38:34,9.18,0.0,327,300681,卖盘,600078,2025-10-17 22:48:09
09:38:37,9.19,0.01,166,152555,中性盘,600078,2025-10-17 22:48:09
09:38:40,9.18,-0.01,249,228685,卖盘,600078,2025-10-17 22:48:09
09:38:43,9.19,0.01,748,686895,买盘,600078,2025-10-17 22:48:09
09:38:46,9.19,0.0,405,371955,买盘,600078,2025-10-17 22:48:09
09:38:49,9.2,0.01,263,241671,买盘,600078,2025-10-17 22:48:09
09:38:52,9.2,0.0,330,303351,买盘,600078,2025-10-17 22:48:09
09:38:55,9.19,-0.01,853,783300,卖盘,600078,2025-10-17 22:48:09
09:38:58,9.19,0.0,145,133223,买盘,600078,2025-10-17 22:48:09
09:39:01,9.18,-0.01,80,73459,卖盘,600078,2025-10-17 22:48:09
09:39:04,9.18,0.0,1538,1411140,买盘,600078,2025-10-17 22:48:09
09:39:07,9.18,0.0,824,756045,卖盘,600078,2025-10-17 22:48:09
09:39:10,9.17,-0.01,201,184336,卖盘,600078,2025-10-17 22:48:09
09:39:13,9.14,-0.03,1126,1030321,卖盘,600078,2025-10-17 22:48:09
09:39:16,9.14,0.0,1237,1129988,卖盘,600078,2025-10-17 22:48:09
09:39:19,9.13,-0.01,2637,2412531,卖盘,600078,2025-10-17 22:48:09
09:39:22,9.12,-0.01,905,826699,卖盘,600078,2025-10-17 22:48:09
09:39:25,9.1,-0.02,1346,1227221,卖盘,600078,2025-10-17 22:48:09
09:39:28,9.1,0.0,872,794727,卖盘,600078,2025-10-17 22:48:09
09:39:31,9.11,0.01,1017,927046,买盘,600078,2025-10-17 22:48:09
09:39:34,9.11,0.0,489,445556,卖盘,600078,2025-10-17 22:48:09
09:39:37,9.1,-0.01,593,540038,卖盘,600078,2025-10-17 22:48:09
09:39:40,9.1,0.0,358,326114,卖盘,600078,2025-10-17 22:48:09
09:39:43,9.11,0.01,792,720825,买盘,600078,2025-10-17 22:48:09
09:39:46,9.08,-0.03,1443,1312455,卖盘,600078,2025-10-17 22:48:09
09:39:49,9.1,0.02,488,443295,买盘,600078,2025-10-17 22:48:09
09:39:52,9.09,-0.01,239,217043,买盘,600078,2025-10-17 22:48:09
09:39:55,9.08,-0.01,681,618435,卖盘,600078,2025-10-17 22:48:09
09:39:58,9.08,0.0,548,497569,卖盘,600078,2025-10-17 22:48:09
09:40:01,9.08,0.0,595,540755,卖盘,600078,2025-10-17 22:48:09
09:40:04,9.15,0.07,1172,1066379,买盘,600078,2025-10-17 22:48:09
09:40:07,9.16,0.01,827,757148,买盘,600078,2025-10-17 22:48:09
09:40:10,9.15,-0.01,1334,1225353,卖盘,600078,2025-10-17 22:48:09
09:40:13,9.15,0.0,531,486238,买盘,600078,2025-10-17 22:48:09
09:40:16,9.14,-0.01,327,298840,卖盘,600078,2025-10-17 22:48:09
09:40:19,9.14,0.0,315,287720,买盘,600078,2025-10-17 22:48:09
09:40:22,9.16,0.02,981,897399,买盘,600078,2025-10-17 22:48:09
09:40:25,9.13,-0.03,55,50234,卖盘,600078,2025-10-17 22:48:09
09:40:28,9.14,0.01,280,255622,买盘,600078,2025-10-17 22:48:09
09:40:31,9.14,0.0,201,183712,买盘,600078,2025-10-17 22:48:09
09:40:34,9.13,-0.01,174,158767,卖盘,600078,2025-10-17 22:48:09
09:40:37,9.13,0.0,14,12777,买盘,600078,2025-10-17 22:48:09
09:40:40,9.12,-0.01,747,680572,卖盘,600078,2025-10-17 22:48:09
09:40:43,9.12,0.0,34,30991,买盘,600078,2025-10-17 22:48:09
09:40:46,9.11,-0.01,191,174010,卖盘,600078,2025-10-17 22:48:09
09:40:49,9.1,-0.01,624,568764,卖盘,600078,2025-10-17 22:48:09
09:40:52,9.12,0.02,769,701159,买盘,600078,2025-10-17 22:48:09
09:40:55,9.13,0.01,304,277500,买盘,600078,2025-10-17 22:48:09
09:40:58,9.14,0.01,781,713849,买盘,600078,2025-10-17 22:48:09
09:41:01,9.15,0.01,73,66760,买盘,600078,2025-10-17 22:48:09
09:41:04,9.15,0.0,244,223139,买盘,600078,2025-10-17 22:48:09
09:41:07,9.14,-0.01,333,304573,卖盘,600078,2025-10-17 22:48:09
09:41:10,9.14,0.0,272,248860,卖盘,600078,2025-10-17 22:48:09
09:41:13,9.12,-0.02,733,669126,卖盘,600078,2025-10-17 22:48:09
09:41:16,9.11,-0.01,182,165845,卖盘,600078,2025-10-17 22:48:09
09:41:19,9.11,0.0,317,288337,卖盘,600078,2025-10-17 22:48:09
09:41:22,9.13,0.02,2153,1962142,买盘,600078,2025-10-17 22:48:09
09:41:25,9.18,0.05,1517,1388838,买盘,600078,2025-10-17 22:48:09
09:41:28,9.19,0.01,211,193759,中性盘,600078,2025-10-17 22:48:09
09:41:31,9.18,-0.01,92,84472,卖盘,600078,2025-10-17 22:48:09
09:41:34,9.18,0.0,134,123026,卖盘,600078,2025-10-17 22:48:09
09:41:37,9.18,0.0,260,238532,买盘,600078,2025-10-17 22:48:09
09:41:40,9.19,0.01,322,295786,买盘,600078,2025-10-17 22:48:09
09:41:43,9.17,-0.02,157,144015,卖盘,600078,2025-10-17 22:48:09
09:41:46,9.17,0.0,43,39431,买盘,600078,2025-10-17 22:48:09
09:41:49,9.16,-0.01,76,69657,卖盘,600078,2025-10-17 22:48:09
09:41:52,9.16,0.0,285,261197,卖盘,600078,2025-10-17 22:48:09
09:41:55,9.15,-0.01,248,227126,卖盘,600078,2025-10-17 22:48:09
09:41:58,9.15,0.0,476,435432,卖盘,600078,2025-10-17 22:48:09
09:42:01,9.15,0.0,731,668914,卖盘,600078,2025-10-17 22:48:09
09:42:04,9.15,0.0,839,767766,卖盘,600078,2025-10-17 22:48:09
09:42:07,9.15,0.0,302,276417,卖盘,600078,2025-10-17 22:48:09
09:42:10,9.16,0.01,259,237006,买盘,600078,2025-10-17 22:48:09
09:42:13,9.15,-0.01,1083,991623,卖盘,600078,2025-10-17 22:48:09
09:42:16,9.17,0.02,201,184069,买盘,600078,2025-10-17 22:48:09
09:42:19,9.16,-0.01,155,141983,卖盘,600078,2025-10-17 22:48:09
09:42:22,9.16,0.0,26,23827,卖盘,600078,2025-10-17 22:48:09
09:42:25,9.16,0.0,415,380239,卖盘,600078,2025-10-17 22:48:09
09:42:28,9.16,0.0,202,185142,卖盘,600078,2025-10-17 22:48:09
09:42:31,9.16,0.0,178,163142,卖盘,600078,2025-10-17 22:48:09
09:42:34,9.16,0.0,709,649579,卖盘,600078,2025-10-17 22:48:09
09:42:37,9.2,0.04,1344,1234679,买盘,600078,2025-10-17 22:48:09
09:42:40,9.21,0.01,1353,1245262,买盘,600078,2025-10-17 22:48:09
09:42:43,9.21,0.0,152,139969,买盘,600078,2025-10-17 22:48:09
09:42:46,9.21,0.0,293,269908,买盘,600078,2025-10-17 22:48:09
09:42:49,9.22,0.01,111,102287,买盘,600078,2025-10-17 22:48:09
09:42:52,9.23,0.01,310,285785,买盘,600078,2025-10-17 22:48:09
09:42:55,9.23,0.0,48,44276,买盘,600078,2025-10-17 22:48:09
09:42:58,9.23,0.0,516,475724,买盘,600078,2025-10-17 22:48:09
09:43:01,9.21,-0.02,156,143814,卖盘,600078,2025-10-17 22:48:09
09:43:04,9.21,0.0,902,828746,卖盘,600078,2025-10-17 22:48:09
09:43:07,9.17,-0.04,41,37624,卖盘,600078,2025-10-17 22:48:09
09:43:10,9.17,0.0,95,87120,卖盘,600078,2025-10-17 22:48:09
09:43:13,9.17,0.0,174,159309,买盘,600078,2025-10-17 22:48:09
09:43:16,9.15,-0.02,270,247182,卖盘,600078,2025-10-17 22:48:09
09:43:19,9.18,0.03,1358,1244283,买盘,600078,2025-10-17 22:48:09
09:43:22,9.19,0.01,98,90050,买盘,600078,2025-10-17 22:48:09
09:43:25,9.19,0.0,1118,1028740,卖盘,600078,2025-10-17 22:48:09
09:43:28,9.19,0.0,675,620968,买盘,600078,2025-10-17 22:48:09
09:43:31,9.2,0.01,221,203030,买盘,600078,2025-10-17 22:48:09
09:43:34,9.2,0.0,248,227918,买盘,600078,2025-10-17 22:48:09
09:43:37,9.19,-0.01,288,264700,卖盘,600078,2025-10-17 22:48:09
09:43:40,9.19,0.0,417,382971,买盘,600078,2025-10-17 22:48:09
09:43:43,9.18,-0.01,189,173504,卖盘,600078,2025-10-17 22:48:09
09:43:46,9.17,-0.01,432,395987,卖盘,600078,2025-10-17 22:48:09
09:43:49,9.17,0.0,243,222854,卖盘,600078,2025-10-17 22:48:09
09:43:52,9.17,0.0,340,311782,卖盘,600078,2025-10-17 22:48:09
09:43:55,9.19,0.02,3119,2864907,买盘,600078,2025-10-17 22:48:09
09:43:58,9.18,-0.01,365,335635,卖盘,600078,2025-10-17 22:48:09
09:44:01,9.19,0.01,516,473847,中性盘,600078,2025-10-17 22:48:09
09:44:04,9.2,0.01,590,542111,买盘,600078,2025-10-17 22:48:09
09:44:07,9.2,0.0,463,425542,买盘,600078,2025-10-17 22:48:09
09:44:10,9.2,0.0,587,539975,买盘,600078,2025-10-17 22:48:09
09:44:13,9.22,0.02,627,577518,买盘,600078,2025-10-17 22:48:09
09:44:16,9.22,0.0,184,169544,买盘,600078,2025-10-17 22:48:09
09:44:19,9.22,0.0,188,173195,买盘,600078,2025-10-17 22:48:09
09:44:22,9.22,0.0,224,206480,买盘,600078,2025-10-17 22:48:09
09:44:25,9.23,0.01,306,282095,买盘,600078,2025-10-17 22:48:09
09:44:28,9.23,0.0,796,734084,买盘,600078,2025-10-17 22:48:09
09:44:31,9.22,-0.01,336,310029,卖盘,600078,2025-10-17 22:48:09
09:44:34,9.22,0.0,172,158489,买盘,600078,2025-10-17 22:48:09
09:44:37,9.21,-0.01,468,431079,卖盘,600078,2025-10-17 22:48:09
09:44:40,9.21,0.0,186,171195,买盘,600078,2025-10-17 22:48:09
09:44:43,9.2,-0.01,65,59803,卖盘,600078,2025-10-17 22:48:09
09:44:46,9.2,0.0,240,220894,卖盘,600078,2025-10-17 22:48:09
09:44:49,9.2,0.0,235,216195,卖盘,600078,2025-10-17 22:48:09
09:44:52,9.2,0.0,87,80040,买盘,600078,2025-10-17 22:48:09
09:44:55,9.19,-0.01,395,363042,卖盘,600078,2025-10-17 22:48:09
09:44:58,9.19,0.0,580,533040,买盘,600078,2025-10-17 22:48:09
09:45:01,9.23,0.04,3844,3541950,买盘,600078,2025-10-17 22:48:09
09:45:04,9.24,0.01,725,669683,买盘,600078,2025-10-17 22:48:09
09:45:07,9.25,0.01,446,412326,买盘,600078,2025-10-17 22:48:09
09:45:10,9.25,0.0,334,308229,买盘,600078,2025-10-17 22:48:09
09:45:13,9.25,0.0,60,55481,买盘,600078,2025-10-17 22:48:09
09:45:16,9.25,0.0,667,616753,买盘,600078,2025-10-17 22:48:09
09:45:19,9.25,0.0,334,308861,买盘,600078,2025-10-17 22:48:09
09:45:22,9.25,0.0,666,616164,卖盘,600078,2025-10-17 22:48:09
09:45:25,9.25,0.0,90,83241,买盘,600078,2025-10-17 22:48:09
09:45:28,9.24,-0.01,937,865450,卖盘,600078,2025-10-17 22:48:09
09:45:31,9.22,-0.02,813,749494,卖盘,600078,2025-10-17 22:48:09
09:45:34,9.21,-0.01,73,67299,卖盘,600078,2025-10-17 22:48:09
09:45:37,9.21,0.0,140,129015,卖盘,600078,2025-10-17 22:48:09
09:45:40,9.19,-0.02,202,185862,卖盘,600078,2025-10-17 22:48:09
09:45:43,9.19,0.0,89,81840,卖盘,600078,2025-10-17 22:48:09
09:45:46,9.19,0.0,77,70777,卖盘,600078,2025-10-17 22:48:09
09:45:49,9.18,-0.01,32,29401,卖盘,600078,2025-10-17 22:48:09
09:45:52,9.19,0.01,418,383741,买盘,600078,2025-10-17 22:48:09
09:45:55,9.19,0.0,179,164293,买盘,600078,2025-10-17 22:48:09
09:45:58,9.18,-0.01,136,124901,卖盘,600078,2025-10-17 22:48:09
09:46:01,9.18,0.0,129,118439,卖盘,600078,2025-10-17 22:48:09
09:46:04,9.18,0.0,280,257040,卖盘,600078,2025-10-17 22:48:09
09:46:07,9.16,-0.02,157,143934,卖盘,600078,2025-10-17 22:48:09
09:46:10,9.15,-0.01,338,309237,卖盘,600078,2025-10-17 22:48:09
09:46:13,9.14,-0.01,114,103996,中性盘,600078,2025-10-17 22:48:09
09:46:16,9.14,0.0,171,155932,买盘,600078,2025-10-17 22:48:09
09:46:19,9.12,-0.02,734,669063,卖盘,600078,2025-10-17 22:48:09
09:46:22,9.12,0.0,441,402339,买盘,600078,2025-10-17 22:48:09
09:46:25,9.15,0.03,1126,1027352,买盘,600078,2025-10-17 22:48:09
09:46:28,9.12,-0.03,765,696247,中性盘,600078,2025-10-17 22:48:09
09:46:31,9.11,-0.01,192,174936,卖盘,600078,2025-10-17 22:48:09
09:46:34,9.1,-0.01,341,310707,卖盘,600078,2025-10-17 22:48:09
09:46:37,9.09,-0.01,141,128289,卖盘,600078,2025-10-17 22:48:09
09:46:40,9.1,0.01,240,218427,卖盘,600078,2025-10-17 22:48:09
09:46:43,9.09,-0.01,453,411883,卖盘,600078,2025-10-17 22:48:09
09:46:46,9.08,-0.01,283,257110,卖盘,600078,2025-10-17 22:48:09
09:46:49,9.09,0.01,114,103534,买盘,600078,2025-10-17 22:48:09
09:46:52,9.07,-0.02,352,319388,卖盘,600078,2025-10-17 22:48:09
09:46:55,9.08,0.01,319,289361,买盘,600078,2025-10-17 22:48:09
09:46:58,9.05,-0.03,220,199327,卖盘,600078,2025-10-17 22:48:09
09:47:01,9.05,0.0,242,219026,卖盘,600078,2025-10-17 22:48:09
09:47:04,9.02,-0.03,871,786565,卖盘,600078,2025-10-17 22:48:09
09:47:07,9.02,0.0,1034,934451,买盘,600078,2025-10-17 22:48:09
09:47:10,9.03,0.01,372,335717,中性盘,600078,2025-10-17 22:48:09
09:47:13,9.05,0.02,585,529808,买盘,600078,2025-10-17 22:48:09
09:47:16,9.08,0.03,1053,955050,买盘,600078,2025-10-17 22:48:09
09:47:19,9.09,0.01,541,491732,买盘,600078,2025-10-17 22:48:09
09:47:22,9.1,0.01,176,160129,买盘,600078,2025-10-17 22:48:09
09:47:25,9.09,-0.01,63,57285,卖盘,600078,2025-10-17 22:48:09
09:47:28,9.11,0.02,298,270949,买盘,600078,2025-10-17 22:48:09
09:47:31,9.1,-0.01,358,325815,卖盘,600078,2025-10-17 22:48:09
09:47:34,9.1,0.0,314,285683,买盘,600078,2025-10-17 22:48:09
09:47:37,9.09,-0.01,282,256357,卖盘,600078,2025-10-17 22:48:09
09:47:40,9.09,0.0,78,70877,买盘,600078,2025-10-17 22:48:09
09:47:43,9.09,0.0,84,76311,买盘,600078,2025-10-17 22:48:09
09:47:46,9.08,-0.01,418,379767,卖盘,600078,2025-10-17 22:48:09
09:47:49,9.08,0.0,477,433273,卖盘,600078,2025-10-17 22:48:09
09:47:52,9.07,-0.01,449,407255,卖盘,600078,2025-10-17 22:48:09
09:47:55,9.05,-0.02,104,94252,卖盘,600078,2025-10-17 22:48:09
09:47:58,9.06,0.01,170,154121,中性盘,600078,2025-10-17 22:48:09
09:48:01,9.11,0.05,2625,2385519,买盘,600078,2025-10-17 22:48:09
09:48:04,9.14,0.03,661,602933,买盘,600078,2025-10-17 22:48:09
09:48:07,9.15,0.01,88,80494,买盘,600078,2025-10-17 22:48:09
09:48:10,9.15,0.0,472,431881,卖盘,600078,2025-10-17 22:48:09
09:48:13,9.15,0.0,29,26527,买盘,600078,2025-10-17 22:48:09
09:48:16,9.13,-0.02,450,410945,卖盘,600078,2025-10-17 22:48:09
09:48:19,9.12,-0.01,688,626734,卖盘,600078,2025-10-17 22:48:09
09:48:22,9.12,0.0,224,204063,买盘,600078,2025-10-17 22:48:09
09:48:25,9.09,-0.03,80,72736,卖盘,600078,2025-10-17 22:48:09
09:48:28,9.08,-0.01,101,91730,卖盘,600078,2025-10-17 22:48:09
09:48:31,9.07,-0.01,2,1814,卖盘,600078,2025-10-17 22:48:09
09:48:34,9.06,-0.01,120,108734,卖盘,600078,2025-10-17 22:48:09
09:48:37,9.06,0.0,147,133199,卖盘,600078,2025-10-17 22:48:09
09:48:40,9.06,0.0,439,398020,买盘,600078,2025-10-17 22:48:09
09:48:43,9.08,0.02,426,386223,买盘,600078,2025-10-17 22:48:09
09:48:46,9.08,0.0,65,59021,中性盘,600078,2025-10-17 22:48:09
09:48:49,9.07,-0.01,458,415760,卖盘,600078,2025-10-17 22:48:09
09:48:52,9.08,0.01,469,425602,卖盘,600078,2025-10-17 22:48:09
09:48:55,9.09,0.01,375,340611,买盘,600078,2025-10-17 22:48:09
09:48:58,9.08,-0.01,71,64378,中性盘,600078,2025-10-17 22:48:09
09:49:01,9.09,0.01,99,89928,买盘,600078,2025-10-17 22:48:09
09:49:04,9.09,0.0,243,220617,买盘,600078,2025-10-17 22:48:09
09:49:07,9.09,0.0,83,75449,买盘,600078,2025-10-17 22:48:09
09:49:10,9.09,0.0,116,105426,买盘,600078,2025-10-17 22:48:09
09:49:13,9.1,0.01,64,58179,买盘,600078,2025-10-17 22:48:09
09:49:16,9.1,0.0,324,294522,买盘,600078,2025-10-17 22:48:09
09:49:19,9.11,0.01,524,476815,买盘,600078,2025-10-17 22:48:09
09:49:22,9.12,0.01,78,71062,买盘,600078,2025-10-17 22:48:09
09:49:25,9.12,0.0,91,82989,买盘,600078,2025-10-17 22:48:09
09:49:28,9.11,-0.01,87,79276,卖盘,600078,2025-10-17 22:48:09
09:49:31,9.11,0.0,527,481115,买盘,600078,2025-10-17 22:48:09
09:49:34,9.11,0.0,60,54681,卖盘,600078,2025-10-17 22:48:09
09:49:37,9.08,-0.03,855,777653,卖盘,600078,2025-10-17 22:48:09
09:49:40,9.11,0.03,26,23703,中性盘,600078,2025-10-17 22:48:09
09:49:43,9.09,-0.02,51,46387,卖盘,600078,2025-10-17 22:48:09
09:49:46,9.1,0.01,125,113765,买盘,600078,2025-10-17 22:48:09
09:49:49,9.1,0.0,61,55512,卖盘,600078,2025-10-17 22:48:09
09:49:52,9.1,0.0,62,56428,卖盘,600078,2025-10-17 22:48:09
09:49:55,9.1,0.0,565,514070,卖盘,600078,2025-10-17 22:48:09
09:49:58,9.09,-0.01,397,361051,卖盘,600078,2025-10-17 22:48:09
09:50:01,9.09,0.0,204,185542,卖盘,600078,2025-10-17 22:48:09
09:50:04,9.09,0.0,59,53641,卖盘,600078,2025-10-17 22:48:09
09:50:07,9.05,-0.04,1705,1546652,卖盘,600078,2025-10-17 22:48:09
09:50:10,9.09,0.04,624,565881,买盘,600078,2025-10-17 22:48:09
09:50:13,9.05,-0.04,98,88940,卖盘,600078,2025-10-17 22:48:09
09:50:16,9.07,0.02,12,10884,中性盘,600078,2025-10-17 22:48:09
09:50:19,9.07,0.0,203,184129,卖盘,600078,2025-10-17 22:48:09
09:50:22,9.07,0.0,315,285717,卖盘,600078,2025-10-17 22:48:09
09:50:25,9.05,-0.02,103,93320,卖盘,600078,2025-10-17 22:48:09
09:50:28,9.06,0.01,219,198402,买盘,600078,2025-10-17 22:48:09
09:50:31,9.06,0.0,259,234423,买盘,600078,2025-10-17 22:48:09
09:50:34,9.05,-0.01,454,410824,卖盘,600078,2025-10-17 22:48:09
09:50:37,9.05,0.0,177,160284,卖盘,600078,2025-10-17 22:48:09
09:50:40,9.04,-0.01,114,103101,卖盘,600078,2025-10-17 22:48:09
09:50:43,9.05,0.01,61,55180,买盘,600078,2025-10-17 22:48:09
09:50:46,9.04,-0.01,214,193408,卖盘,600078,2025-10-17 22:48:09
09:50:49,9.03,-0.01,187,169038,卖盘,600078,2025-10-17 22:48:09
09:50:52,9.03,0.0,301,271833,卖盘,600078,2025-10-17 22:48:09
09:50:55,9.02,-0.01,579,522336,卖盘,600078,2025-10-17 22:48:09
09:50:58,9.02,0.0,726,654883,卖盘,600078,2025-10-17 22:48:09
09:51:01,9.01,-0.01,408,367730,卖盘,600078,2025-10-17 22:48:09
09:51:04,9.0,-0.01,648,583644,卖盘,600078,2025-10-17 22:48:09
09:51:07,9.0,0.0,930,836967,卖盘,600078,2025-10-17 22:48:09
09:51:10,8.99,-0.01,88,79145,卖盘,600078,2025-10-17 22:48:09
09:51:13,8.98,-0.01,1745,1571953,卖盘,600078,2025-10-17 22:48:09
09:51:16,8.98,0.0,529,475241,卖盘,600078,2025-10-17 22:48:09
09:51:19,8.97,-0.01,523,469463,卖盘,600078,2025-10-17 22:48:09
09:51:22,8.97,0.0,823,735975,买盘,600078,2025-10-17 22:48:09
09:51:25,8.92,-0.05,136,121700,卖盘,600078,2025-10-17 22:48:09
09:51:28,8.92,0.0,203,181288,卖盘,600078,2025-10-17 22:48:09
09:51:31,8.92,0.0,1178,1051040,卖盘,600078,2025-10-17 22:48:09
09:51:34,8.92,0.0,396,353614,卖盘,600078,2025-10-17 22:48:09
09:51:37,8.92,0.0,454,404895,卖盘,600078,2025-10-17 22:48:09
09:51:40,8.99,0.07,1424,1279173,买盘,600078,2025-10-17 22:48:09
09:51:43,8.93,-0.06,187,167851,卖盘,600078,2025-10-17 22:48:09
09:51:46,8.96,0.03,50,44802,中性盘,600078,2025-10-17 22:48:09
09:51:49,8.93,-0.03,217,194279,卖盘,600078,2025-10-17 22:48:09
09:51:52,8.94,0.01,140,125117,买盘,600078,2025-10-17 22:48:09
09:51:55,8.95,0.01,334,299506,买盘,600078,2025-10-17 22:48:09
09:51:58,8.94,-0.01,110,98381,卖盘,600078,2025-10-17 22:48:09
09:52:01,8.94,0.0,525,469570,卖盘,600078,2025-10-17 22:48:09
09:52:04,8.94,0.0,920,822319,买盘,600078,2025-10-17 22:48:09
09:52:07,8.94,0.0,902,806329,买盘,600078,2025-10-17 22:48:09
09:52:10,8.96,0.02,431,385606,买盘,600078,2025-10-17 22:48:09
09:52:13,8.99,0.03,817,733099,买盘,600078,2025-10-17 22:48:09
09:52:16,9.03,0.04,486,437062,买盘,600078,2025-10-17 22:48:09
09:52:19,9.02,-0.01,21,18944,卖盘,600078,2025-10-17 22:48:09
09:52:22,9.03,0.01,938,847901,卖盘,600078,2025-10-17 22:48:09
09:52:25,9.02,-0.01,330,297818,卖盘,600078,2025-10-17 22:48:09
09:52:28,9.02,0.0,424,382982,卖盘,600078,2025-10-17 22:48:09
09:52:31,9.02,0.0,88,79401,卖盘,600078,2025-10-17 22:48:09
09:52:34,9.01,-0.01,176,158821,卖盘,600078,2025-10-17 22:48:09
09:52:37,9.02,0.01,669,603690,买盘,600078,2025-10-17 22:48:09
09:52:40,9.03,0.01,144,130060,卖盘,600078,2025-10-17 22:48:09
09:52:43,9.03,0.0,62,56008,卖盘,600078,2025-10-17 22:48:09
09:52:46,9.05,0.02,158,142796,买盘,600078,2025-10-17 22:48:09
09:52:49,9.05,0.0,202,182645,中性盘,600078,2025-10-17 22:48:09
09:52:52,9.05,0.0,411,371865,卖盘,600078,2025-10-17 22:48:09
09:52:55,9.05,0.0,169,152925,买盘,600078,2025-10-17 22:48:09
09:52:58,9.05,0.0,135,122186,卖盘,600078,2025-10-17 22:48:09
09:53:01,9.05,0.0,173,156587,卖盘,600078,2025-10-17 22:48:09
09:53:04,9.04,-0.01,37,33480,卖盘,600078,2025-10-17 22:48:09
09:53:07,9.03,-0.01,28,25284,卖盘,600078,2025-10-17 22:48:09
09:53:10,9.03,0.0,83,74950,卖盘,600078,2025-10-17 22:48:09
09:53:13,9.02,-0.01,168,151700,卖盘,600078,2025-10-17 22:48:09
09:53:16,9.02,0.0,160,144399,卖盘,600078,2025-10-17 22:48:09
09:53:19,9.02,0.0,570,514140,卖盘,600078,2025-10-17 22:48:09
09:53:22,9.02,0.0,201,181327,卖盘,600078,2025-10-17 22:48:09
09:53:25,9.01,-0.01,31,27939,卖盘,600078,2025-10-17 22:48:09
09:53:28,9.01,0.0,128,115337,卖盘,600078,2025-10-17 22:48:09
09:53:31,9.01,0.0,116,104546,卖盘,600078,2025-10-17 22:48:09
09:53:34,9.01,0.0,211,189921,买盘,600078,2025-10-17 22:48:09
09:53:37,9.01,0.0,166,149411,买盘,600078,2025-10-17 22:48:09
09:53:40,9.0,-0.01,522,470054,卖盘,600078,2025-10-17 22:48:09
09:53:43,8.99,-0.01,599,539351,卖盘,600078,2025-10-17 22:48:09
09:53:46,8.99,0.0,83,74632,卖盘,600078,2025-10-17 22:48:09
09:53:49,8.99,0.0,342,307458,卖盘,600078,2025-10-17 22:48:09
09:53:52,8.98,-0.01,183,164393,卖盘,600078,2025-10-17 22:48:09
09:53:55,8.99,0.01,175,157175,买盘,600078,2025-10-17 22:48:09
09:53:58,8.98,-0.01,202,181369,卖盘,600078,2025-10-17 22:48:09
09:54:01,8.98,0.0,98,87944,买盘,600078,2025-10-17 22:48:09
09:54:04,8.97,-0.01,155,139043,卖盘,600078,2025-10-17 22:48:09
09:54:07,8.97,0.0,210,188412,买盘,600078,2025-10-17 22:48:09
09:54:10,8.96,-0.01,467,418659,卖盘,600078,2025-10-17 22:48:09
09:54:13,8.92,-0.04,1115,997540,卖盘,600078,2025-10-17 22:48:09
09:54:16,8.96,0.04,161,144250,买盘,600078,2025-10-17 22:48:09
09:54:19,8.94,-0.02,236,211081,卖盘,600078,2025-10-17 22:48:09
09:54:22,8.93,-0.01,494,441502,卖盘,600078,2025-10-17 22:48:09
09:54:25,8.95,0.02,642,574238,买盘,600078,2025-10-17 22:48:09
09:54:28,8.95,0.0,233,208262,卖盘,600078,2025-10-17 22:48:09
09:54:31,8.97,0.02,453,405946,买盘,600078,2025-10-17 22:48:09
09:54:34,8.96,-0.01,161,144370,卖盘,600078,2025-10-17 22:48:09
09:54:37,8.96,0.0,106,95037,卖盘,600078,2025-10-17 22:48:09
09:54:40,8.99,0.03,303,271959,买盘,600078,2025-10-17 22:48:09
09:54:43,9.0,0.01,216,194179,买盘,600078,2025-10-17 22:48:09
09:54:46,8.99,-0.01,58,52174,卖盘,600078,2025-10-17 22:48:09
09:54:49,9.01,0.02,41,36911,买盘,600078,2025-10-17 22:48:09
09:54:52,9.0,-0.01,91,81858,卖盘,600078,2025-10-17 22:48:09
09:54:55,9.02,0.02,317,285534,买盘,600078,2025-10-17 22:48:09
09:54:58,9.03,0.01,25,22542,买盘,600078,2025-10-17 22:48:09
09:55:01,9.03,0.0,24,21617,买盘,600078,2025-10-17 22:48:09
09:55:04,9.03,0.0,52,46933,买盘,600078,2025-10-17 22:48:09
09:55:07,9.03,0.0,154,138989,买盘,600078,2025-10-17 22:48:09
09:55:10,9.01,-0.02,54,48722,卖盘,600078,2025-10-17 22:48:09
09:55:13,9.02,0.01,13,11719,买盘,600078,2025-10-17 22:48:09
09:55:16,9.03,0.01,125,112707,买盘,600078,2025-10-17 22:48:09
09:55:19,9.02,-0.01,124,111850,卖盘,600078,2025-10-17 22:48:09
09:55:22,9.02,0.0,65,58664,卖盘,600078,2025-10-17 22:48:09
09:55:25,9.03,0.01,90,81175,买盘,600078,2025-10-17 22:48:09
09:55:28,9.02,-0.01,38,34250,买盘,600078,2025-10-17 22:48:09
09:55:31,9.02,0.0,110,99163,买盘,600078,2025-10-17 22:48:09
09:55:34,9.02,0.0,141,127174,买盘,600078,2025-10-17 22:48:09
09:55:37,9.0,-0.02,132,118810,卖盘,600078,2025-10-17 22:48:09
09:55:40,9.02,0.02,148,133489,买盘,600078,2025-10-17 22:48:09
09:55:43,9.02,0.0,104,93861,卖盘,600078,2025-10-17 22:48:09
09:55:46,9.02,0.0,24,21650,卖盘,600078,2025-10-17 22:48:09
09:55:49,9.02,0.0,88,79376,卖盘,600078,2025-10-17 22:48:09
09:55:52,9.02,0.0,41,36983,卖盘,600078,2025-10-17 22:48:09
09:55:55,9.02,0.0,125,112789,卖盘,600078,2025-10-17 22:48:09
09:55:58,9.02,0.0,94,84799,卖盘,600078,2025-10-17 22:48:09
09:56:01,9.01,-0.01,54,48654,卖盘,600078,2025-10-17 22:48:09
09:56:04,9.01,0.0,48,43251,卖盘,600078,2025-10-17 22:48:09
09:56:07,9.0,-0.01,55,49500,卖盘,600078,2025-10-17 22:48:09
09:56:10,9.01,0.01,161,144959,买盘,600078,2025-10-17 22:48:09
09:56:13,9.0,-0.01,218,196248,卖盘,600078,2025-10-17 22:48:09
09:56:16,9.01,0.01,161,145035,卖盘,600078,2025-10-17 22:48:09
09:56:19,9.03,0.02,133,119908,买盘,600078,2025-10-17 22:48:09
09:56:22,9.03,0.0,674,608494,买盘,600078,2025-10-17 22:48:09
09:56:25,9.03,0.0,40,36108,买盘,600078,2025-10-17 22:48:09
09:56:28,9.03,0.0,178,160726,买盘,600078,2025-10-17 22:48:09
09:56:31,9.05,0.02,458,414081,买盘,600078,2025-10-17 22:48:09
09:56:34,9.07,0.02,171,154924,买盘,600078,2025-10-17 22:48:09
09:56:37,9.07,0.0,130,117767,买盘,600078,2025-10-17 22:48:09
09:56:40,9.07,0.0,192,174174,买盘,600078,2025-10-17 22:48:09
09:56:43,9.08,0.01,184,167018,中性盘,600078,2025-10-17 22:48:09
09:56:46,9.09,0.01,172,156238,买盘,600078,2025-10-17 22:48:09
09:56:49,9.09,0.0,209,190015,卖盘,600078,2025-10-17 22:48:09
09:56:52,9.1,0.01,275,250070,买盘,600078,2025-10-17 22:48:09
09:56:55,9.1,0.0,316,287516,买盘,600078,2025-10-17 22:48:09
09:56:58,9.1,0.0,110,100018,买盘,600078,2025-10-17 22:48:09
09:57:01,9.11,0.01,299,272015,买盘,600078,2025-10-17 22:48:09
09:57:04,9.11,0.0,60,54647,卖盘,600078,2025-10-17 22:48:09
09:57:07,9.1,-0.01,552,502432,卖盘,600078,2025-10-17 22:48:09
09:57:10,9.1,0.0,103,93749,卖盘,600078,2025-10-17 22:48:09
09:57:13,9.11,0.01,448,407846,买盘,600078,2025-10-17 22:48:09
09:57:16,9.11,0.0,651,592507,买盘,600078,2025-10-17 22:48:09
09:57:19,9.09,-0.02,60,54569,卖盘,600078,2025-10-17 22:48:09
09:57:22,9.09,0.0,170,154568,卖盘,600078,2025-10-17 22:48:09
09:57:25,9.09,0.0,1470,1337274,买盘,600078,2025-10-17 22:48:09
09:57:28,9.11,0.02,221,201086,买盘,600078,2025-10-17 22:48:09
09:57:31,9.09,-0.02,154,140150,卖盘,600078,2025-10-17 22:48:09
09:57:34,9.09,0.0,12,10915,卖盘,600078,2025-10-17 22:48:09
09:57:37,9.1,0.01,285,259095,买盘,600078,2025-10-17 22:48:09
09:57:40,9.09,-0.01,215,195448,卖盘,600078,2025-10-17 22:48:09
09:57:43,9.09,0.0,33,30026,卖盘,600078,2025-10-17 22:48:09
09:57:46,9.09,0.0,42,38185,卖盘,600078,2025-10-17 22:48:09
09:57:49,9.09,0.0,43,39106,卖盘,600078,2025-10-17 22:48:09
09:57:52,9.09,0.0,73,66393,卖盘,600078,2025-10-17 22:48:09
09:57:55,9.09,0.0,82,74574,卖盘,600078,2025-10-17 22:48:09
09:57:58,9.09,0.0,142,129183,卖盘,600078,2025-10-17 22:48:09
09:58:01,9.09,0.0,225,204605,卖盘,600078,2025-10-17 22:48:09
09:58:04,9.09,0.0,16,14545,卖盘,600078,2025-10-17 22:48:09
09:58:07,9.09,0.0,48,43632,卖盘,600078,2025-10-17 22:48:09
09:58:10,9.09,0.0,91,82777,卖盘,600078,2025-10-17 22:48:09
09:58:13,9.09,0.0,180,163640,卖盘,600078,2025-10-17 22:48:09
09:58:16,9.08,-0.01,225,204491,卖盘,600078,2025-10-17 22:48:09
09:58:19,9.09,0.01,13,11817,买盘,600078,2025-10-17 22:48:09
09:58:22,9.08,-0.01,37,33598,卖盘,600078,2025-10-17 22:48:09
09:58:25,9.08,0.0,1029,935978,买盘,600078,2025-10-17 22:48:09
09:58:28,9.13,0.05,454,414053,买盘,600078,2025-10-17 22:48:09
09:58:31,9.13,0.0,23,21001,卖盘,600078,2025-10-17 22:48:09
09:58:34,9.13,0.0,57,52041,卖盘,600078,2025-10-17 22:48:09
09:58:37,9.14,0.01,104,95028,买盘,600078,2025-10-17 22:48:09
09:58:40,9.14,0.0,126,115164,买盘,600078,2025-10-17 22:48:09
09:58:43,9.15,0.01,67,61242,买盘,600078,2025-10-17 22:48:09
09:58:46,9.15,0.0,65,59433,买盘,600078,2025-10-17 22:48:09
09:58:49,9.14,-0.01,413,377837,中性盘,600078,2025-10-17 22:48:09
09:58:52,9.16,0.02,910,833786,买盘,600078,2025-10-17 22:48:09
09:58:55,9.19,0.03,97,88910,买盘,600078,2025-10-17 22:48:09
09:58:58,9.2,0.01,217,199606,买盘,600078,2025-10-17 22:48:09
09:59:01,9.19,-0.01,251,230827,卖盘,600078,2025-10-17 22:48:09
09:59:04,9.2,0.01,106,97517,买盘,600078,2025-10-17 22:48:09
09:59:07,9.2,0.0,507,466104,买盘,600078,2025-10-17 22:48:09
09:59:10,9.19,-0.01,311,286071,卖盘,600078,2025-10-17 22:48:09
09:59:13,9.18,-0.01,700,643755,卖盘,600078,2025-10-17 22:48:09
09:59:16,9.17,-0.01,75,68805,卖盘,600078,2025-10-17 22:48:09
09:59:19,9.18,0.01,302,277065,买盘,600078,2025-10-17 22:48:09
09:59:22,9.17,-0.01,826,757955,卖盘,600078,2025-10-17 22:48:09
09:59:25,9.22,0.05,1862,1713341,买盘,600078,2025-10-17 22:48:09
09:59:28,9.22,0.0,300,276817,卖盘,600078,2025-10-17 22:48:09
09:59:31,9.24,0.02,453,418124,买盘,600078,2025-10-17 22:48:09
09:59:34,9.23,-0.01,63,58121,卖盘,600078,2025-10-17 22:48:09
09:59:37,9.22,-0.01,81,74693,卖盘,600078,2025-10-17 22:48:09
09:59:40,9.22,0.0,150,138388,卖盘,600078,2025-10-17 22:48:09
09:59:43,9.22,0.0,326,300387,买盘,600078,2025-10-17 22:48:09
09:59:46,9.2,-0.02,83,76408,卖盘,600078,2025-10-17 22:48:09
09:59:49,9.2,0.0,148,136136,买盘,600078,2025-10-17 22:48:09
09:59:52,9.2,0.0,215,197624,买盘,600078,2025-10-17 22:48:09
09:59:55,9.2,0.0,98,90109,买盘,600078,2025-10-17 22:48:09
09:59:58,9.21,0.01,119,109476,买盘,600078,2025-10-17 22:48:09
10:00:01,9.19,-0.02,293,269450,卖盘,600078,2025-10-17 22:48:09
10:00:04,9.21,0.02,231,212590,买盘,600078,2025-10-17 22:48:09
10:00:07,9.2,-0.01,152,139925,卖盘,600078,2025-10-17 22:48:09
10:00:10,9.21,0.01,138,126855,买盘,600078,2025-10-17 22:48:09
10:00:13,9.18,-0.03,25,22963,卖盘,600078,2025-10-17 22:48:09
10:00:16,9.19,0.01,90,82643,买盘,600078,2025-10-17 22:48:09
10:00:19,9.18,-0.01,87,79893,卖盘,600078,2025-10-17 22:48:09
10:00:22,9.17,-0.01,433,397694,卖盘,600078,2025-10-17 22:48:09
10:00:25,9.18,0.01,144,132059,买盘,600078,2025-10-17 22:48:09
10:00:28,9.17,-0.01,255,233808,卖盘,600078,2025-10-17 22:48:09
10:00:31,9.17,0.0,5,4585,买盘,600078,2025-10-17 22:48:09
10:00:34,9.16,-0.01,373,341864,卖盘,600078,2025-10-17 22:48:09
10:00:37,9.16,0.0,55,50384,卖盘,600078,2025-10-17 22:48:09
10:00:40,9.18,0.02,749,686769,买盘,600078,2025-10-17 22:48:09
10:00:43,9.2,0.02,488,448704,买盘,600078,2025-10-17 22:48:09
10:00:46,9.2,0.0,263,242062,卖盘,600078,2025-10-17 22:48:09
10:00:49,9.2,0.0,229,210730,卖盘,600078,2025-10-17 22:48:09
10:00:52,9.2,0.0,165,151784,卖盘,600078,2025-10-17 22:48:09
10:00:55,9.21,0.01,143,131561,买盘,600078,2025-10-17 22:48:09
10:00:58,9.2,-0.01,58,53328,卖盘,600078,2025-10-17 22:48:09
10:01:01,9.19,-0.01,157,144370,卖盘,600078,2025-10-17 22:48:09
10:01:04,9.2,0.01,299,275056,买盘,600078,2025-10-17 22:48:09
10:01:07,9.2,0.0,150,137809,买盘,600078,2025-10-17 22:48:09
10:01:10,9.2,0.0,636,584179,买盘,600078,2025-10-17 22:48:09
10:01:13,9.19,-0.01,126,115693,卖盘,600078,2025-10-17 22:48:09
10:01:16,9.19,0.0,19,17459,买盘,600078,2025-10-17 22:48:09
10:01:19,9.18,-0.01,330,303181,卖盘,600078,2025-10-17 22:48:09
10:01:22,9.18,0.0,118,108402,卖盘,600078,2025-10-17 22:48:09
10:01:25,9.19,0.01,159,146076,买盘,600078,2025-10-17 22:48:09
10:01:28,9.18,-0.01,227,208433,卖盘,600078,2025-10-17 22:48:09
10:01:31,9.18,0.0,96,88148,卖盘,600078,2025-10-17 22:48:09
10:01:34,9.17,-0.01,281,257932,卖盘,600078,2025-10-17 22:48:09
10:01:37,9.16,-0.01,70,64183,卖盘,600078,2025-10-17 22:48:09
10:01:40,9.18,0.02,132,120973,买盘,600078,2025-10-17 22:48:09
10:01:43,9.18,0.0,90,82477,买盘,600078,2025-10-17 22:48:09
10:01:46,9.15,-0.03,256,234291,卖盘,600078,2025-10-17 22:48:09
10:01:49,9.14,-0.01,17,15538,卖盘,600078,2025-10-17 22:48:09
10:01:52,9.11,-0.03,102,93209,卖盘,600078,2025-10-17 22:48:09
10:01:55,9.19,0.08,1946,1787028,买盘,600078,2025-10-17 22:48:09
10:01:58,9.24,0.05,3767,3478469,买盘,600078,2025-10-17 22:48:09
10:02:01,9.29,0.05,4029,3730571,买盘,600078,2025-10-17 22:48:09
10:02:04,9.29,0.0,246,228531,买盘,600078,2025-10-17 22:48:09
10:02:07,9.34,0.05,3501,3263127,买盘,600078,2025-10-17 22:48:09
10:02:10,9.36,0.02,1594,1490028,买盘,600078,2025-10-17 22:48:09
10:02:13,9.38,0.02,817,765216,买盘,600078,2025-10-17 22:48:09
10:02:16,9.42,0.04,2501,2350136,买盘,600078,2025-10-17 22:48:09
10:02:19,9.42,0.0,498,469097,买盘,600078,2025-10-17 22:48:09
10:02:22,9.43,0.01,2172,2045108,买盘,600078,2025-10-17 22:48:09
10:02:25,9.46,0.03,1590,1504507,买盘,600078,2025-10-17 22:48:09
10:02:28,9.5,0.04,789,747862,买盘,600078,2025-10-17 22:48:09
10:02:31,9.5,0.0,976,927007,买盘,600078,2025-10-17 22:48:09
10:02:34,9.52,0.02,2252,2139669,买盘,600078,2025-10-17 22:48:09
10:02:37,9.53,0.01,1293,1230930,买盘,600078,2025-10-17 22:48:09
10:02:40,9.52,-0.01,2885,2745122,卖盘,600078,2025-10-17 22:48:09
10:02:43,9.49,-0.03,1850,1756934,中性盘,600078,2025-10-17 22:48:09
10:02:46,9.45,-0.04,700,662546,卖盘,600078,2025-10-17 22:48:09
10:02:49,9.43,-0.02,1216,1150459,卖盘,600078,2025-10-17 22:48:09
10:02:52,9.45,0.02,716,676915,买盘,600078,2025-10-17 22:48:09
10:02:55,9.45,0.0,864,816663,买盘,600078,2025-10-17 22:48:09
10:02:58,9.43,-0.02,2011,1899930,卖盘,600078,2025-10-17 22:48:09
10:03:01,9.42,-0.01,337,318030,卖盘,600078,2025-10-17 22:48:09
10:03:04,9.45,0.03,1183,1117447,买盘,600078,2025-10-17 22:48:09
10:03:07,9.46,0.01,659,623707,买盘,600078,2025-10-17 22:48:09
10:03:10,9.48,0.02,403,381664,中性盘,600078,2025-10-17 22:48:09
10:03:13,9.5,0.02,3134,2977308,买盘,600078,2025-10-17 22:48:09
10:03:16,9.52,0.02,928,883746,买盘,600078,2025-10-17 22:48:09
10:03:19,9.55,0.03,1385,1318184,买盘,600078,2025-10-17 22:48:09
10:03:22,9.56,0.01,677,646123,买盘,600078,2025-10-17 22:48:09
10:03:25,9.57,0.01,972,929386,买盘,600078,2025-10-17 22:48:09
10:03:28,9.55,-0.02,2643,2525907,卖盘,600078,2025-10-17 22:48:09
10:03:31,9.56,0.01,2751,2634063,买盘,600078,2025-10-17 22:48:09
10:03:34,9.56,0.0,2738,2623082,卖盘,600078,2025-10-17 22:48:09
10:03:37,9.55,-0.01,2315,2216410,卖盘,600078,2025-10-17 22:48:09
10:03:40,9.55,0.0,1719,1645337,卖盘,600078,2025-10-17 22:48:09
10:03:43,9.55,0.0,1418,1354556,卖盘,600078,2025-10-17 22:48:09
10:03:46,9.56,0.01,716,683904,买盘,600078,2025-10-17 22:48:09
10:03:49,9.57,0.01,1121,1070456,买盘,600078,2025-10-17 22:48:09
10:03:52,9.58,0.01,628,601018,买盘,600078,2025-10-17 22:48:09
10:03:55,9.58,0.0,784,751165,买盘,600078,2025-10-17 22:48:09
10:03:58,9.59,0.01,1331,1275188,买盘,600078,2025-10-17 22:48:09
10:04:01,9.6,0.01,1350,1295708,买盘,600078,2025-10-17 22:48:09
10:04:04,9.6,0.0,1293,1241478,买盘,600078,2025-10-17 22:48:09
10:04:07,9.61,0.01,947,909913,买盘,600078,2025-10-17 22:48:09
10:04:10,9.65,0.04,840,808743,买盘,600078,2025-10-17 22:48:09
10:04:13,9.63,-0.02,847,815799,卖盘,600078,2025-10-17 22:48:09
10:04:16,9.65,0.02,1381,1331498,卖盘,600078,2025-10-17 22:48:09
10:04:19,9.65,0.0,1525,1469362,买盘,600078,2025-10-17 22:48:09
10:04:22,9.61,-0.04,1636,1575667,卖盘,600078,2025-10-17 22:48:09
10:04:25,9.6,-0.01,1061,1019121,卖盘,600078,2025-10-17 22:48:09
10:04:28,9.59,-0.01,810,777284,卖盘,600078,2025-10-17 22:48:09
10:04:31,9.59,0.0,1168,1121083,卖盘,600078,2025-10-17 22:48:09
10:04:34,9.59,0.0,1574,1509298,买盘,600078,2025-10-17 22:48:09
10:04:37,9.57,-0.02,582,557397,卖盘,600078,2025-10-17 22:48:09
10:04:40,9.56,-0.01,606,579635,卖盘,600078,2025-10-17 22:48:09
10:04:43,9.56,0.0,456,436046,卖盘,600078,2025-10-17 22:48:09
10:04:46,9.55,-0.01,449,428787,卖盘,600078,2025-10-17 22:48:09
10:04:49,9.53,-0.02,237,226040,卖盘,600078,2025-10-17 22:48:09
10:04:52,9.51,-0.02,523,497623,卖盘,600078,2025-10-17 22:48:09
10:04:55,9.5,-0.01,435,413331,卖盘,600078,2025-10-17 22:48:09
10:04:58,9.5,0.0,281,266815,买盘,600078,2025-10-17 22:48:09
10:05:01,9.48,-0.02,453,429763,卖盘,600078,2025-10-17 22:48:09
10:05:04,9.5,0.02,2045,1941431,买盘,600078,2025-10-17 22:48:09
10:05:07,9.52,0.02,1237,1178046,买盘,600078,2025-10-17 22:48:09
10:05:10,9.54,0.02,474,451943,买盘,600078,2025-10-17 22:48:09
10:05:13,9.56,0.02,807,771115,买盘,600078,2025-10-17 22:48:09
10:05:16,9.6,0.04,1399,1340579,买盘,600078,2025-10-17 22:48:09
10:05:19,9.63,0.03,404,388087,买盘,600078,2025-10-17 22:48:09
10:05:22,9.63,0.0,580,558454,买盘,600078,2025-10-17 22:48:09
10:05:25,9.63,0.0,914,881076,卖盘,600078,2025-10-17 22:48:09
10:05:28,9.63,0.0,2367,2280522,卖盘,600078,2025-10-17 22:48:09
10:05:31,9.63,0.0,2238,2153585,买盘,600078,2025-10-17 22:48:09
10:05:34,9.62,-0.01,1397,1343493,中性盘,600078,2025-10-17 22:48:09
10:05:37,9.62,0.0,1395,1341673,买盘,600078,2025-10-17 22:48:09
10:05:40,9.6,-0.02,1475,1418216,卖盘,600078,2025-10-17 22:48:09
10:05:43,9.6,0.0,425,407829,买盘,600078,2025-10-17 22:48:09
10:05:46,9.6,0.0,643,617308,买盘,600078,2025-10-17 22:48:09
10:05:49,9.62,0.02,371,356371,买盘,600078,2025-10-17 22:48:09
10:05:52,9.6,-0.02,517,496635,卖盘,600078,2025-10-17 22:48:09
10:05:55,9.61,0.01,2011,1929289,买盘,600078,2025-10-17 22:48:09
10:05:58,9.61,0.0,918,882400,卖盘,600078,2025-10-17 22:48:09
10:06:01,9.62,0.01,444,426880,买盘,600078,2025-10-17 22:48:09
10:06:04,9.62,0.0,897,862727,买盘,600078,2025-10-17 22:48:09
10:06:07,9.62,0.0,1646,1583057,卖盘,600078,2025-10-17 22:48:09
10:06:10,9.62,0.0,292,280824,卖盘,600078,2025-10-17 22:48:09
10:06:13,9.6,-0.02,503,483196,卖盘,600078,2025-10-17 22:48:09
10:06:16,9.58,-0.02,239,228633,中性盘,600078,2025-10-17 22:48:09
10:06:19,9.55,-0.03,553,528560,卖盘,600078,2025-10-17 22:48:09
10:06:22,9.57,0.02,564,538645,买盘,600078,2025-10-17 22:48:09
10:06:25,9.55,-0.02,447,427081,卖盘,600078,2025-10-17 22:48:09
10:06:28,9.54,-0.01,1429,1363507,卖盘,600078,2025-10-17 22:48:09
10:06:31,9.58,0.04,521,498048,买盘,600078,2025-10-17 22:48:09
10:06:34,9.56,-0.02,870,832379,卖盘,600078,2025-10-17 22:48:09
10:06:37,9.59,0.03,146,139818,买盘,600078,2025-10-17 22:48:09
10:06:40,9.59,0.0,627,600174,卖盘,600078,2025-10-17 22:48:09
10:06:43,9.58,-0.01,116,111142,买盘,600078,2025-10-17 22:48:09
10:06:46,9.59,0.01,800,767637,买盘,600078,2025-10-17 22:48:09
10:06:49,9.61,0.02,992,951802,买盘,600078,2025-10-17 22:48:09
10:06:52,9.62,0.01,1132,1088039,买盘,600078,2025-10-17 22:48:09
10:06:55,9.62,0.0,402,386608,买盘,600078,2025-10-17 22:48:09
10:06:58,9.62,0.0,288,276957,买盘,600078,2025-10-17 22:48:09
10:07:01,9.63,0.01,257,247181,买盘,600078,2025-10-17 22:48:09
10:07:04,9.63,0.0,685,658991,买盘,600078,2025-10-17 22:48:09
10:07:07,9.63,0.0,563,541555,买盘,600078,2025-10-17 22:48:09
10:07:10,9.61,-0.02,290,278855,卖盘,600078,2025-10-17 22:48:09
10:07:13,9.6,-0.01,532,511003,卖盘,600078,2025-10-17 22:48:09
10:07:16,9.59,-0.01,313,300320,卖盘,600078,2025-10-17 22:48:09
10:07:19,9.58,-0.01,741,710807,卖盘,600078,2025-10-17 22:48:09
10:07:22,9.57,-0.01,306,293078,卖盘,600078,2025-10-17 22:48:09
10:07:25,9.57,0.0,120,114824,买盘,600078,2025-10-17 22:48:09
10:07:28,9.55,-0.02,202,192930,卖盘,600078,2025-10-17 22:48:09
10:07:31,9.55,0.0,419,400514,卖盘,600078,2025-10-17 22:48:09
10:07:34,9.54,-0.01,955,911252,卖盘,600078,2025-10-17 22:48:09
10:07:37,9.54,0.0,65,62000,买盘,600078,2025-10-17 22:48:09
10:07:40,9.51,-0.03,169,161004,卖盘,600078,2025-10-17 22:48:09
10:07:43,9.52,0.01,246,234124,卖盘,600078,2025-10-17 22:48:09
10:07:46,9.52,0.0,29,27591,买盘,600078,2025-10-17 22:48:09
10:07:49,9.51,-0.01,526,500618,卖盘,600078,2025-10-17 22:48:09
10:07:52,9.52,0.01,682,648397,买盘,600078,2025-10-17 22:48:09
10:07:55,9.51,-0.01,180,171182,中性盘,600078,2025-10-17 22:48:09
10:07:58,9.5,-0.01,273,259561,卖盘,600078,2025-10-17 22:48:09
10:08:01,9.5,0.0,447,424825,卖盘,600078,2025-10-17 22:48:09
10:08:04,9.5,0.0,453,430366,卖盘,600078,2025-10-17 22:48:09
10:08:07,9.51,0.01,611,580545,买盘,600078,2025-10-17 22:48:09
10:08:10,9.51,0.0,213,202728,卖盘,600078,2025-10-17 22:48:09
10:08:13,9.52,0.01,152,144622,买盘,600078,2025-10-17 22:48:09
10:08:16,9.52,0.0,423,402790,买盘,600078,2025-10-17 22:48:09
10:08:19,9.52,0.0,402,383025,卖盘,600078,2025-10-17 22:48:09
10:08:22,9.53,0.01,545,519785,中性盘,600078,2025-10-17 22:48:09
10:08:25,9.55,0.02,329,313646,买盘,600078,2025-10-17 22:48:09
10:08:28,9.55,0.0,333,317943,买盘,600078,2025-10-17 22:48:09
10:08:31,9.56,0.01,439,419167,买盘,600078,2025-10-17 22:48:09
10:08:34,9.57,0.01,104,99475,买盘,600078,2025-10-17 22:48:09
10:08:37,9.58,0.01,637,609803,买盘,600078,2025-10-17 22:48:09
10:08:40,9.58,0.0,251,240625,卖盘,600078,2025-10-17 22:48:09
10:08:43,9.58,0.0,226,216558,卖盘,600078,2025-10-17 22:48:09
10:08:46,9.57,-0.01,449,429920,卖盘,600078,2025-10-17 22:48:09
10:08:49,9.56,-0.01,443,423669,卖盘,600078,2025-10-17 22:48:09
10:08:52,9.55,-0.01,279,266757,卖盘,600078,2025-10-17 22:48:09
10:08:55,9.54,-0.01,298,284615,卖盘,600078,2025-10-17 22:48:09
10:08:58,9.54,0.0,234,223377,卖盘,600078,2025-10-17 22:48:09
10:09:01,9.54,0.0,168,160123,买盘,600078,2025-10-17 22:48:09
10:09:04,9.54,0.0,652,621805,买盘,600078,2025-10-17 22:48:09
10:09:07,9.55,0.01,315,300575,买盘,600078,2025-10-17 22:48:09
10:09:10,9.55,0.0,1554,1484339,买盘,600078,2025-10-17 22:48:09
10:09:13,9.55,0.0,115,109830,卖盘,600078,2025-10-17 22:48:09
10:09:16,9.55,0.0,377,360204,卖盘,600078,2025-10-17 22:48:09
10:09:19,9.55,0.0,364,347771,卖盘,600078,2025-10-17 22:48:09
10:09:22,9.57,0.02,983,939092,买盘,600078,2025-10-17 22:48:09
10:09:25,9.54,-0.03,285,272107,卖盘,600078,2025-10-17 22:48:09
10:09:28,9.54,0.0,116,110703,卖盘,600078,2025-10-17 22:48:09
10:09:31,9.56,0.02,204,194842,买盘,600078,2025-10-17 22:48:09
10:09:34,9.55,-0.01,147,140385,卖盘,600078,2025-10-17 22:48:09
10:09:37,9.55,0.0,471,450219,卖盘,600078,2025-10-17 22:48:09
10:09:40,9.56,0.01,875,835901,买盘,600078,2025-10-17 22:48:09
10:09:43,9.56,0.0,856,817996,卖盘,600078,2025-10-17 22:48:09
10:09:46,9.55,-0.01,153,146202,中性盘,600078,2025-10-17 22:48:09
10:09:49,9.55,0.0,94,89769,卖盘,600078,2025-10-17 22:48:09
10:09:52,9.55,0.0,241,230065,买盘,600078,2025-10-17 22:48:09
10:09:55,9.54,-0.01,176,167986,卖盘,600078,2025-10-17 22:48:09
10:09:58,9.54,0.0,74,70618,卖盘,600078,2025-10-17 22:48:09
10:10:01,9.54,0.0,171,163154,卖盘,600078,2025-10-17 22:48:09
10:10:04,9.53,-0.01,105,100139,卖盘,600078,2025-10-17 22:48:09
10:10:07,9.53,0.0,107,101996,卖盘,600078,2025-10-17 22:48:09
10:10:10,9.52,-0.01,150,142820,卖盘,600078,2025-10-17 22:48:09
10:10:13,9.53,0.01,229,218027,买盘,600078,2025-10-17 22:48:09
10:10:16,9.5,-0.03,238,226252,卖盘,600078,2025-10-17 22:48:09
10:10:19,9.51,0.01,112,106439,买盘,600078,2025-10-17 22:48:09
10:10:22,9.48,-0.03,817,775361,卖盘,600078,2025-10-17 22:48:09
10:10:25,9.53,0.05,2313,2203458,买盘,600078,2025-10-17 22:48:09
10:10:28,9.54,0.01,334,318437,买盘,600078,2025-10-17 22:48:09
10:10:31,9.53,-0.01,227,216352,卖盘,600078,2025-10-17 22:48:09
10:10:34,9.53,0.0,327,311666,卖盘,600078,2025-10-17 22:48:09
10:10:37,9.54,0.01,205,195377,买盘,600078,2025-10-17 22:48:09
10:10:40,9.54,0.0,148,141125,买盘,600078,2025-10-17 22:48:09
10:10:43,9.53,-0.01,186,177279,卖盘,600078,2025-10-17 22:48:09
10:10:46,9.53,0.0,157,149712,卖盘,600078,2025-10-17 22:48:09
10:10:49,9.53,0.0,79,75170,买盘,600078,2025-10-17 22:48:09
10:10:52,9.54,0.01,276,262963,买盘,600078,2025-10-17 22:48:09
10:10:55,9.53,-0.01,230,219049,中性盘,600078,2025-10-17 22:48:09
10:10:58,9.53,0.0,55,52403,买盘,600078,2025-10-17 22:48:09
10:11:01,9.52,-0.01,41,39032,中性盘,600078,2025-10-17 22:48:09
10:11:04,9.5,-0.02,213,202547,卖盘,600078,2025-10-17 22:48:09
10:11:07,9.5,0.0,37,35152,卖盘,600078,2025-10-17 22:48:09
10:11:10,9.49,-0.01,59,56043,卖盘,600078,2025-10-17 22:48:09
10:11:13,9.5,0.01,222,210869,买盘,600078,2025-10-17 22:48:09
10:11:16,9.48,-0.02,273,258941,卖盘,600078,2025-10-17 22:48:09
10:11:19,9.47,-0.01,545,516405,卖盘,600078,2025-10-17 22:48:09
10:11:22,9.5,0.03,1729,1642646,买盘,600078,2025-10-17 22:48:09
10:11:25,9.54,0.04,960,914887,买盘,600078,2025-10-17 22:48:09
10:11:28,9.55,0.01,1782,1698989,买盘,600078,2025-10-17 22:48:09
10:11:31,9.55,0.0,178,169991,卖盘,600078,2025-10-17 22:48:09
10:11:34,9.56,0.01,175,167158,买盘,600078,2025-10-17 22:48:09
10:11:37,9.57,0.01,352,336541,买盘,600078,2025-10-17 22:48:09
10:11:40,9.57,0.0,263,251651,买盘,600078,2025-10-17 22:48:09
10:11:43,9.57,0.0,86,82259,买盘,600078,2025-10-17 22:48:09
10:11:46,9.58,0.01,316,302406,买盘,600078,2025-10-17 22:48:09
10:11:49,9.61,0.03,3278,3146250,买盘,600078,2025-10-17 22:48:09
10:11:52,9.62,0.01,150,144293,买盘,600078,2025-10-17 22:48:09
10:11:55,9.63,0.01,1305,1254299,买盘,600078,2025-10-17 22:48:09
10:11:58,9.63,0.0,220,211843,买盘,600078,2025-10-17 22:48:09
10:12:01,9.62,-0.01,644,619832,卖盘,600078,2025-10-17 22:48:09
10:12:04,9.62,0.0,751,722585,卖盘,600078,2025-10-17 22:48:09
10:12:07,9.62,0.0,489,470355,买盘,600078,2025-10-17 22:48:09
10:12:10,9.58,-0.04,134,128458,卖盘,600078,2025-10-17 22:48:09
10:12:13,9.58,0.0,111,106299,买盘,600078,2025-10-17 22:48:09
10:12:16,9.54,-0.04,615,588069,卖盘,600078,2025-10-17 22:48:09
10:12:19,9.56,0.02,240,229364,买盘,600078,2025-10-17 22:48:09
10:12:22,9.56,0.0,332,317302,买盘,600078,2025-10-17 22:48:09
10:12:25,9.56,0.0,337,321979,买盘,600078,2025-10-17 22:48:09
10:12:28,9.56,0.0,739,706104,买盘,600078,2025-10-17 22:48:09
10:12:31,9.57,0.01,104,99476,买盘,600078,2025-10-17 22:48:09
10:12:34,9.57,0.0,157,150220,卖盘,600078,2025-10-17 22:48:09
10:12:37,9.57,0.0,95,90944,买盘,600078,2025-10-17 22:48:09
10:12:40,9.58,0.01,287,274877,买盘,600078,2025-10-17 22:48:09
10:12:43,9.58,0.0,587,561784,买盘,600078,2025-10-17 22:48:09
10:12:46,9.58,0.0,170,162916,卖盘,600078,2025-10-17 22:48:09
10:12:49,9.59,0.01,151,144684,买盘,600078,2025-10-17 22:48:09
10:12:52,9.6,0.01,1020,976703,买盘,600078,2025-10-17 22:48:09
10:12:55,9.6,0.0,102,97838,买盘,600078,2025-10-17 22:48:09
10:12:58,9.61,0.01,464,445713,买盘,600078,2025-10-17 22:48:09
10:13:01,9.61,0.0,99,95087,买盘,600078,2025-10-17 22:48:09
10:13:04,9.61,0.0,183,175850,买盘,600078,2025-10-17 22:48:09
10:13:07,9.62,0.01,1150,1106147,买盘,600078,2025-10-17 22:48:09
10:13:10,9.62,0.0,409,393430,卖盘,600078,2025-10-17 22:48:09
10:13:13,9.62,0.0,171,164516,卖盘,600078,2025-10-17 22:48:09
10:13:16,9.63,0.01,3071,2956840,买盘,600078,2025-10-17 22:48:09
10:13:19,9.62,-0.01,316,304015,卖盘,600078,2025-10-17 22:48:09
10:13:22,9.63,0.01,549,528052,买盘,600078,2025-10-17 22:48:09
10:13:25,9.63,0.0,473,455331,买盘,600078,2025-10-17 22:48:09
10:13:28,9.64,0.01,85,81911,买盘,600078,2025-10-17 22:48:09
10:13:31,9.65,0.01,26,25082,买盘,600078,2025-10-17 22:48:09
10:13:34,9.65,0.0,348,335594,买盘,600078,2025-10-17 22:48:09
10:13:37,9.64,-0.01,920,887649,卖盘,600078,2025-10-17 22:48:09
10:13:40,9.63,-0.01,467,450327,卖盘,600078,2025-10-17 22:48:09
10:13:43,9.65,0.02,274,264163,买盘,600078,2025-10-17 22:48:09
10:13:46,9.64,-0.01,219,211106,卖盘,600078,2025-10-17 22:48:09
10:13:49,9.65,0.01,576,555387,买盘,600078,2025-10-17 22:48:09
10:13:52,9.65,0.0,463,446617,买盘,600078,2025-10-17 22:48:09
10:13:55,9.65,0.0,343,331035,买盘,600078,2025-10-17 22:48:09
10:13:58,9.66,0.01,386,372735,买盘,600078,2025-10-17 22:48:09
10:14:01,9.66,0.0,963,930044,买盘,600078,2025-10-17 22:48:09
10:14:04,9.66,0.0,590,570059,买盘,600078,2025-10-17 22:48:09
10:14:07,9.68,0.02,716,692715,买盘,600078,2025-10-17 22:48:09
10:14:10,9.68,0.0,629,608508,买盘,600078,2025-10-17 22:48:09
10:14:13,9.67,-0.01,936,905256,卖盘,600078,2025-10-17 22:48:09
10:14:16,9.66,-0.01,1082,1046367,卖盘,600078,2025-10-17 22:48:09
10:14:19,9.65,-0.01,1632,1574897,卖盘,600078,2025-10-17 22:48:09
10:14:22,9.62,-0.03,629,605102,卖盘,600078,2025-10-17 22:48:09
10:14:25,9.61,-0.01,132,126897,卖盘,600078,2025-10-17 22:48:09
10:14:28,9.6,-0.01,313,300689,卖盘,600078,2025-10-17 22:48:09
10:14:31,9.59,-0.01,483,463427,卖盘,600078,2025-10-17 22:48:09
10:14:34,9.59,0.0,98,93971,卖盘,600078,2025-10-17 22:48:09
10:14:37,9.59,0.0,77,73817,买盘,600078,2025-10-17 22:48:09
10:14:40,9.58,-0.01,261,250072,卖盘,600078,2025-10-17 22:48:09
10:14:43,9.58,0.0,164,157126,买盘,600078,2025-10-17 22:48:09
10:14:46,9.59,0.01,200,191677,买盘,600078,2025-10-17 22:48:09
10:14:49,9.59,0.0,40,38347,买盘,600078,2025-10-17 22:48:09
10:14:52,9.59,0.0,258,247395,买盘,600078,2025-10-17 22:48:09
10:14:55,9.6,0.01,94,90153,买盘,600078,2025-10-17 22:48:09
10:14:58,9.59,-0.01,124,118963,卖盘,600078,2025-10-17 22:48:09
10:15:01,9.59,0.0,108,103657,卖盘,600078,2025-10-17 22:48:09
10:15:04,9.61,0.02,286,274633,买盘,600078,2025-10-17 22:48:09
10:15:07,9.65,0.04,654,630776,买盘,600078,2025-10-17 22:48:09
10:15:10,9.69,0.04,2705,2616307,买盘,600078,2025-10-17 22:48:09
10:15:13,9.7,0.01,2702,2618795,买盘,600078,2025-10-17 22:48:09
10:15:16,9.74,0.04,1171,1139481,买盘,600078,2025-10-17 22:48:09
10:15:19,9.75,0.01,448,436393,买盘,600078,2025-10-17 22:48:09
10:15:22,9.75,0.0,1062,1034304,买盘,600078,2025-10-17 22:48:09
10:15:25,9.76,0.01,2361,2302114,买盘,600078,2025-10-17 22:48:09
10:15:28,9.77,0.01,421,410904,买盘,600078,2025-10-17 22:48:09
10:15:31,9.77,0.0,406,396607,买盘,600078,2025-10-17 22:48:09
10:15:34,9.78,0.01,1428,1397032,买盘,600078,2025-10-17 22:48:09
10:15:37,9.78,0.0,288,281714,卖盘,600078,2025-10-17 22:48:09
10:15:40,9.79,0.01,4989,4879773,买盘,600078,2025-10-17 22:48:09
10:15:43,9.76,-0.03,1241,1212560,卖盘,600078,2025-10-17 22:48:09
10:15:46,9.76,0.0,1001,977556,卖盘,600078,2025-10-17 22:48:09
10:15:49,9.75,-0.01,541,527871,卖盘,600078,2025-10-17 22:48:09
10:15:52,9.76,0.01,415,404680,买盘,600078,2025-10-17 22:48:09
10:15:55,9.76,0.0,447,435831,买盘,600078,2025-10-17 22:48:09
10:15:58,9.75,-0.01,517,503980,卖盘,600078,2025-10-17 22:48:09
10:16:01,9.75,0.0,317,309072,买盘,600078,2025-10-17 22:48:09
10:16:04,9.75,0.0,337,328590,买盘,600078,2025-10-17 22:48:09
10:16:07,9.76,0.01,2034,1985393,买盘,600078,2025-10-17 22:48:09
10:16:10,9.76,0.0,1338,1306385,卖盘,600078,2025-10-17 22:48:09
10:16:13,9.75,-0.01,898,876071,卖盘,600078,2025-10-17 22:48:09
10:16:16,9.74,-0.01,409,398604,中性盘,600078,2025-10-17 22:48:09
10:16:19,9.74,0.0,539,524989,买盘,600078,2025-10-17 22:48:09
10:16:22,9.73,-0.01,262,255085,卖盘,600078,2025-10-17 22:48:09
10:16:25,9.72,-0.01,395,384279,卖盘,600078,2025-10-17 22:48:09
10:16:28,9.72,0.0,523,508421,卖盘,600078,2025-10-17 22:48:09
10:16:31,9.7,-0.02,275,267110,卖盘,600078,2025-10-17 22:48:09
10:16:34,9.72,0.02,244,236815,买盘,600078,2025-10-17 22:48:09
10:16:37,9.71,-0.01,285,276480,中性盘,600078,2025-10-17 22:48:09
10:16:40,9.7,-0.01,319,309408,卖盘,600078,2025-10-17 22:48:09
10:16:43,9.7,0.0,277,268690,买盘,600078,2025-10-17 22:48:09
10:16:46,9.7,0.0,198,191891,买盘,600078,2025-10-17 22:48:09
10:16:49,9.7,0.0,199,192678,买盘,600078,2025-10-17 22:48:09
10:16:52,9.7,0.0,190,184106,买盘,600078,2025-10-17 22:48:09
10:16:55,9.7,0.0,201,194813,买盘,600078,2025-10-17 22:48:09
10:16:58,9.69,-0.01,56,54157,中性盘,600078,2025-10-17 22:48:09
10:17:01,9.69,0.0,153,148085,买盘,600078,2025-10-17 22:48:09
10:17:04,9.66,-0.03,71,68654,卖盘,600078,2025-10-17 22:48:09
10:17:07,9.71,0.05,1045,1013798,买盘,600078,2025-10-17 22:48:09
10:17:10,9.72,0.01,652,632900,买盘,600078,2025-10-17 22:48:09
10:17:13,9.72,0.0,446,433330,买盘,600078,2025-10-17 22:48:09
10:17:16,9.72,0.0,282,274095,买盘,600078,2025-10-17 22:48:09
10:17:19,9.75,0.03,1172,1139443,买盘,600078,2025-10-17 22:48:09
10:17:22,9.75,0.0,171,166638,买盘,600078,2025-10-17 22:48:09
10:17:25,9.76,0.01,371,361692,买盘,600078,2025-10-17 22:48:09
10:17:28,9.76,0.0,1159,1130231,买盘,600078,2025-10-17 22:48:09
10:17:31,9.76,0.0,508,495801,买盘,600078,2025-10-17 22:48:09
10:17:34,9.77,0.01,210,205101,买盘,600078,2025-10-17 22:48:09
10:17:37,9.79,0.02,1773,1733785,买盘,600078,2025-10-17 22:48:09
10:17:40,9.79,0.0,363,355028,买盘,600078,2025-10-17 22:48:09
10:17:43,9.79,0.0,319,312392,买盘,600078,2025-10-17 22:48:09
10:17:46,9.8,0.01,650,636824,买盘,600078,2025-10-17 22:48:09
10:17:49,9.8,0.0,813,796648,买盘,600078,2025-10-17 22:48:09
10:17:52,9.8,0.0,924,905637,买盘,600078,2025-10-17 22:48:09
10:17:55,9.81,0.01,268,262785,买盘,600078,2025-10-17 22:48:09
10:17:58,9.81,0.0,430,421786,买盘,600078,2025-10-17 22:48:09
10:18:01,9.82,0.01,1139,1117421,买盘,600078,2025-10-17 22:48:09
10:18:04,9.83,0.01,406,398454,买盘,600078,2025-10-17 22:48:09
10:18:07,9.83,0.0,548,538179,买盘,600078,2025-10-17 22:48:09
10:18:10,9.83,0.0,437,429385,卖盘,600078,2025-10-17 22:48:09
10:18:13,9.81,-0.02,1217,1194587,卖盘,600078,2025-10-17 22:48:09
10:18:16,9.8,-0.01,1841,1804129,卖盘,600078,2025-10-17 22:48:09
10:18:19,9.78,-0.02,1004,982734,卖盘,600078,2025-10-17 22:48:09
10:18:22,9.77,-0.01,231,225866,卖盘,600078,2025-10-17 22:48:09
10:18:25,9.79,0.02,574,561782,买盘,600078,2025-10-17 22:48:09
10:18:28,9.8,0.01,524,513112,买盘,600078,2025-10-17 22:48:09
10:18:31,9.8,0.0,607,594486,买盘,600078,2025-10-17 22:48:09
10:18:34,9.8,0.0,483,473075,买盘,600078,2025-10-17 22:48:09
10:18:37,9.8,0.0,1236,1210686,买盘,600078,2025-10-17 22:48:09
10:18:40,9.79,-0.01,868,850154,卖盘,600078,2025-10-17 22:48:09
10:18:43,9.79,0.0,110,107636,买盘,600078,2025-10-17 22:48:09
10:18:46,9.79,0.0,128,125257,买盘,600078,2025-10-17 22:48:09
10:18:49,9.79,0.0,262,256128,买盘,600078,2025-10-17 22:48:09
10:18:52,9.79,0.0,475,464841,买盘,600078,2025-10-17 22:48:09
10:18:55,9.77,-0.02,449,439051,卖盘,600078,2025-10-17 22:48:09
10:18:58,9.77,0.0,205,200304,买盘,600078,2025-10-17 22:48:09
10:19:01,9.76,-0.01,159,155235,卖盘,600078,2025-10-17 22:48:09
10:19:04,9.76,0.0,150,146392,卖盘,600078,2025-10-17 22:48:09
10:19:07,9.76,0.0,442,431506,买盘,600078,2025-10-17 22:48:09
10:19:10,9.79,0.03,1008,985058,买盘,600078,2025-10-17 22:48:09
10:19:13,9.82,0.03,2311,2264661,买盘,600078,2025-10-17 22:48:09
10:19:16,9.87,0.05,2887,2841817,买盘,600078,2025-10-17 22:48:09
10:19:19,9.88,0.01,306,301994,买盘,600078,2025-10-17 22:48:09
10:19:22,9.87,-0.01,443,437048,中性盘,600078,2025-10-17 22:48:09
10:19:25,9.88,0.01,467,460728,买盘,600078,2025-10-17 22:48:09
10:19:28,9.88,0.0,196,193600,买盘,600078,2025-10-17 22:48:09
10:19:31,9.87,-0.01,580,572798,卖盘,600078,2025-10-17 22:48:09
10:19:34,9.88,0.01,889,877983,买盘,600078,2025-10-17 22:48:09
10:19:37,9.89,0.01,1058,1045875,买盘,600078,2025-10-17 22:48:09
10:19:40,9.89,0.0,374,369738,买盘,600078,2025-10-17 22:48:09
10:19:43,9.89,0.0,316,312505,买盘,600078,2025-10-17 22:48:09
10:19:46,9.9,0.01,100,98977,买盘,600078,2025-10-17 22:48:09
10:19:49,9.91,0.01,1369,1355115,买盘,600078,2025-10-17 22:48:09
10:19:52,9.92,0.01,227,224934,买盘,600078,2025-10-17 22:48:09
10:19:55,9.93,0.01,480,476188,买盘,600078,2025-10-17 22:48:09
10:19:58,9.93,0.0,1348,1337336,买盘,600078,2025-10-17 22:48:09
10:20:01,9.92,-0.01,1410,1400916,卖盘,600078,2025-10-17 22:48:09
10:20:04,9.92,0.0,853,845649,买盘,600078,2025-10-17 22:48:09
10:20:07,9.92,0.0,735,729501,买盘,600078,2025-10-17 22:48:09
10:20:10,9.92,0.0,831,824764,买盘,600078,2025-10-17 22:48:09
10:20:13,9.91,-0.01,1087,1077256,卖盘,600078,2025-10-17 22:48:09
10:20:16,9.8,-0.11,1341,1325306,卖盘,600078,2025-10-17 22:48:09
10:20:19,9.87,0.07,257,253523,买盘,600078,2025-10-17 22:48:09
10:20:22,9.88,0.01,1735,1711629,买盘,600078,2025-10-17 22:48:09
10:20:25,9.9,0.02,1380,1362616,买盘,600078,2025-10-17 22:48:09
10:20:28,9.87,-0.03,1280,1264004,卖盘,600078,2025-10-17 22:48:09
10:20:31,9.89,0.02,706,696866,买盘,600078,2025-10-17 22:48:09
10:20:34,9.87,-0.02,846,835650,卖盘,600078,2025-10-17 22:48:09
10:20:37,9.88,0.01,278,274606,中性盘,600078,2025-10-17 22:48:09
10:20:40,9.89,0.01,344,339923,买盘,600078,2025-10-17 22:48:09
10:20:43,9.9,0.01,201,198922,买盘,600078,2025-10-17 22:48:09
10:20:46,9.88,-0.02,784,775464,卖盘,600078,2025-10-17 22:48:09
10:20:49,9.88,0.0,1063,1051833,卖盘,600078,2025-10-17 22:48:09
10:20:52,9.91,0.03,1202,1189939,买盘,600078,2025-10-17 22:48:09
10:20:55,9.92,0.01,300,297428,买盘,600078,2025-10-17 22:48:09
10:20:58,9.93,0.01,481,477183,买盘,600078,2025-10-17 22:48:09
10:21:01,9.94,0.01,657,652043,买盘,600078,2025-10-17 22:48:09
10:21:04,9.94,0.0,634,629815,买盘,600078,2025-10-17 22:48:09
10:21:07,9.95,0.01,624,620166,买盘,600078,2025-10-17 22:48:09
10:21:10,9.99,0.04,3880,3871363,买盘,600078,2025-10-17 22:48:09
10:21:13,9.99,0.0,825,823259,买盘,600078,2025-10-17 22:48:09
10:21:16,10.0,0.01,1086,1082051,买盘,600078,2025-10-17 22:48:09
10:21:19,10.0,0.0,2627,2623023,买盘,600078,2025-10-17 22:48:09
10:21:22,10.01,0.01,799,799373,买盘,600078,2025-10-17 22:48:09
10:21:25,10.02,0.01,343,343576,买盘,600078,2025-10-17 22:48:09
10:21:28,10.03,0.01,1225,1227416,买盘,600078,2025-10-17 22:48:09
10:21:31,10.05,0.02,290,291015,买盘,600078,2025-10-17 22:48:09
10:21:34,10.07,0.02,562,564856,买盘,600078,2025-10-17 22:48:09
10:21:37,10.07,0.0,570,573272,买盘,600078,2025-10-17 22:48:09
10:21:40,10.08,0.01,1220,1228276,买盘,600078,2025-10-17 22:48:09
10:21:43,10.09,0.01,611,615775,买盘,600078,2025-10-17 22:48:09
10:21:46,10.08,-0.01,933,941055,卖盘,600078,2025-10-17 22:48:09
10:21:49,10.03,-0.05,2316,2332220,卖盘,600078,2025-10-17 22:48:09
10:21:52,10.0,-0.03,851,852809,卖盘,600078,2025-10-17 22:48:09
10:21:55,10.0,0.0,621,621268,卖盘,600078,2025-10-17 22:48:09
10:21:58,10.05,0.05,1866,1868519,买盘,600078,2025-10-17 22:48:09
10:22:01,10.05,0.0,140,140498,买盘,600078,2025-10-17 22:48:09
10:22:04,10.04,-0.01,193,193743,中性盘,600078,2025-10-17 22:48:09
10:22:07,10.01,-0.03,962,966192,卖盘,600078,2025-10-17 22:48:09
10:22:10,10.01,0.0,798,798915,卖盘,600078,2025-10-17 22:48:09
10:22:13,10.01,0.0,322,322195,卖盘,600078,2025-10-17 22:48:09
10:22:16,9.98,-0.03,880,879850,卖盘,600078,2025-10-17 22:48:09
10:22:19,9.99,0.01,249,248677,买盘,600078,2025-10-17 22:48:09
10:22:22,9.99,0.0,859,858944,买盘,600078,2025-10-17 22:48:09
10:22:25,9.99,0.0,397,397329,卖盘,600078,2025-10-17 22:48:09
10:22:28,9.99,0.0,418,417820,卖盘,600078,2025-10-17 22:48:09
10:22:31,9.99,0.0,229,228803,卖盘,600078,2025-10-17 22:48:09
10:22:34,9.99,0.0,500,499531,卖盘,600078,2025-10-17 22:48:09
10:22:37,9.98,-0.01,320,319675,卖盘,600078,2025-10-17 22:48:09
10:22:40,10.0,0.02,274,273683,买盘,600078,2025-10-17 22:48:09
10:22:43,9.99,-0.01,170,169869,卖盘,600078,2025-10-17 22:48:09
10:22:46,9.99,0.0,413,412690,买盘,600078,2025-10-17 22:48:09
10:22:49,10.01,0.02,749,748265,买盘,600078,2025-10-17 22:48:09
10:22:52,10.01,0.0,752,751234,买盘,600078,2025-10-17 22:48:09
10:22:55,10.02,0.01,538,537486,买盘,600078,2025-10-17 22:48:09
10:22:58,9.98,-0.04,498,497011,卖盘,600078,2025-10-17 22:48:09
10:23:01,10.0,0.02,186,185930,买盘,600078,2025-10-17 22:48:09
10:23:04,10.0,0.0,211,210670,买盘,600078,2025-10-17 22:48:09
10:23:07,10.0,0.0,245,244492,买盘,600078,2025-10-17 22:48:09
10:23:10,10.0,0.0,227,226924,买盘,600078,2025-10-17 22:48:09
10:23:13,9.97,-0.03,205,204797,卖盘,600078,2025-10-17 22:48:09
10:23:16,10.0,0.03,319,318969,买盘,600078,2025-10-17 22:48:09
10:23:19,10.0,0.0,232,231806,卖盘,600078,2025-10-17 22:48:09
10:23:22,10.0,0.0,104,103863,买盘,600078,2025-10-17 22:48:09
10:23:25,9.98,-0.02,120,119778,卖盘,600078,2025-10-17 22:48:09
10:23:28,9.98,0.0,308,307382,买盘,600078,2025-10-17 22:48:09
10:23:31,9.97,-0.01,348,347228,卖盘,600078,2025-10-17 22:48:09
10:23:34,9.98,0.01,485,483935,买盘,600078,2025-10-17 22:48:09
10:23:37,10.01,0.03,2548,2547542,买盘,600078,2025-10-17 22:48:09
10:23:40,10.05,0.04,1388,1393033,买盘,600078,2025-10-17 22:48:09
10:23:43,10.05,0.0,484,486058,买盘,600078,2025-10-17 22:48:09
10:23:46,10.04,-0.01,705,707542,中性盘,600078,2025-10-17 22:48:09
10:23:49,10.07,0.03,527,530177,买盘,600078,2025-10-17 22:48:09
10:23:52,10.05,-0.02,2158,2162723,卖盘,600078,2025-10-17 22:48:09
10:23:55,10.05,0.0,586,588484,买盘,600078,2025-10-17 22:48:09
10:23:58,10.0,-0.05,516,517390,卖盘,600078,2025-10-17 22:48:09
10:24:01,10.0,0.0,722,722516,买盘,600078,2025-10-17 22:48:09
10:24:04,10.0,0.0,644,644142,卖盘,600078,2025-10-17 22:48:09
10:24:07,10.05,0.05,559,560947,买盘,600078,2025-10-17 22:48:09
10:24:10,10.05,0.0,393,393585,买盘,600078,2025-10-17 22:48:09
10:24:13,10.05,0.0,752,752339,买盘,600078,2025-10-17 22:48:09
10:24:16,10.05,0.0,205,205834,买盘,600078,2025-10-17 22:48:09
10:24:19,10.05,0.0,118,118437,买盘,600078,2025-10-17 22:48:09
10:24:22,10.05,0.0,384,386072,买盘,600078,2025-10-17 22:48:09
10:24:25,10.06,0.01,231,232156,买盘,600078,2025-10-17 22:48:09
10:24:28,10.04,-0.02,228,229161,卖盘,600078,2025-10-17 22:48:09
10:24:31,10.05,0.01,447,449417,买盘,600078,2025-10-17 22:48:09
10:24:34,10.04,-0.01,241,242013,中性盘,600078,2025-10-17 22:48:09
10:24:37,10.04,0.0,110,110466,卖盘,600078,2025-10-17 22:48:09
10:24:40,10.04,0.0,392,393580,卖盘,600078,2025-10-17 22:48:09
10:24:43,10.04,0.0,570,570945,卖盘,600078,2025-10-17 22:48:09
10:24:46,10.04,0.0,158,158527,买盘,600078,2025-10-17 22:48:09
10:24:49,10.02,-0.02,126,126458,中性盘,600078,2025-10-17 22:48:09
10:24:52,10.01,-0.01,131,131178,卖盘,600078,2025-10-17 22:48:09
10:24:55,10.02,0.01,442,443116,买盘,600078,2025-10-17 22:48:09
10:24:58,10.01,-0.01,228,228223,卖盘,600078,2025-10-17 22:48:09
10:25:01,10.0,-0.01,290,290093,卖盘,600078,2025-10-17 22:48:09
10:25:04,10.02,0.02,713,713557,买盘,600078,2025-10-17 22:48:09
10:25:07,10.01,-0.01,213,213014,中性盘,600078,2025-10-17 22:48:09
10:25:10,10.01,0.0,277,277047,买盘,600078,2025-10-17 22:48:09
10:25:13,10.0,-0.01,117,117050,卖盘,600078,2025-10-17 22:48:09
10:25:16,10.0,0.0,183,183078,卖盘,600078,2025-10-17 22:48:09
10:25:19,10.0,0.0,238,238049,卖盘,600078,2025-10-17 22:48:09
10:25:22,10.0,0.0,111,110953,买盘,600078,2025-10-17 22:48:09
10:25:25,9.99,-0.01,280,279846,卖盘,600078,2025-10-17 22:48:09
10:25:28,9.98,-0.01,174,173707,卖盘,600078,2025-10-17 22:48:09
10:25:31,9.97,-0.01,335,334246,卖盘,600078,2025-10-17 22:48:09
10:25:34,9.96,-0.01,290,288927,卖盘,600078,2025-10-17 22:48:09
10:25:37,9.95,-0.01,175,174248,卖盘,600078,2025-10-17 22:48:09
10:25:40,9.96,0.01,289,287579,买盘,600078,2025-10-17 22:48:09
10:25:43,9.95,-0.01,1898,1890504,卖盘,600078,2025-10-17 22:48:09
10:25:46,9.95,0.0,1329,1320526,卖盘,600078,2025-10-17 22:48:09
10:25:49,9.95,0.0,1448,1439077,买盘,600078,2025-10-17 22:48:09
10:25:52,9.95,0.0,618,615407,卖盘,600078,2025-10-17 22:48:09
10:25:55,9.96,0.01,354,352372,买盘,600078,2025-10-17 22:48:09
10:25:58,9.95,-0.01,882,877589,卖盘,600078,2025-10-17 22:48:09
10:26:01,9.94,-0.01,420,417727,卖盘,600078,2025-10-17 22:48:09
10:26:04,9.94,0.0,222,220648,卖盘,600078,2025-10-17 22:48:09
10:26:07,9.92,-0.02,1218,1210070,卖盘,600078,2025-10-17 22:48:09
10:26:10,9.96,0.04,1857,1846506,买盘,600078,2025-10-17 22:48:09
10:26:13,10.01,0.05,1173,1172228,买盘,600078,2025-10-17 22:48:09
10:26:16,10.0,-0.01,245,245069,卖盘,600078,2025-10-17 22:48:09
10:26:19,10.01,0.01,75,75057,中性盘,600078,2025-10-17 22:48:09
10:26:22,10.01,0.0,325,325278,买盘,600078,2025-10-17 22:48:09
10:26:25,10.02,0.01,190,190213,买盘,600078,2025-10-17 22:48:09
10:26:28,10.01,-0.01,165,165234,卖盘,600078,2025-10-17 22:48:09
10:26:31,10.01,0.0,30,30027,买盘,600078,2025-10-17 22:48:09
10:26:34,10.0,-0.01,286,285974,卖盘,600078,2025-10-17 22:48:09
10:26:37,10.0,0.0,82,81950,买盘,600078,2025-10-17 22:48:09
10:26:40,10.0,0.0,258,257998,买盘,600078,2025-10-17 22:48:09
10:26:43,9.98,-0.02,1146,1145968,卖盘,600078,2025-10-17 22:48:09
10:26:46,10.0,0.02,1790,1786175,买盘,600078,2025-10-17 22:48:09
10:26:49,10.0,0.0,422,422034,卖盘,600078,2025-10-17 22:48:09
10:26:52,10.0,0.0,263,263048,卖盘,600078,2025-10-17 22:48:09
10:26:55,10.0,0.0,325,325023,卖盘,600078,2025-10-17 22:48:09
10:26:58,9.98,-0.02,676,675984,卖盘,600078,2025-10-17 22:48:09
10:27:01,9.98,0.0,47,46932,卖盘,600078,2025-10-17 22:48:09
10:27:04,9.98,0.0,120,119778,卖盘,600078,2025-10-17 22:48:09
10:27:07,9.95,-0.03,311,309803,卖盘,600078,2025-10-17 22:48:09
10:27:10,9.95,0.0,241,239730,卖盘,600078,2025-10-17 22:48:09
10:27:13,9.95,0.0,126,125272,买盘,600078,2025-10-17 22:48:09
10:27:16,9.93,-0.02,170,168933,卖盘,600078,2025-10-17 22:48:09
10:27:19,9.98,0.05,1458,1451600,买盘,600078,2025-10-17 22:48:09
10:27:22,9.96,-0.02,192,191593,卖盘,600078,2025-10-17 22:48:09
10:27:25,9.96,0.0,318,317155,卖盘,600078,2025-10-17 22:48:09
10:27:28,10.01,0.05,1191,1191382,买盘,600078,2025-10-17 22:48:09
10:27:31,10.02,0.01,160,160226,买盘,600078,2025-10-17 22:48:09
10:27:34,10.02,0.0,99,99044,买盘,600078,2025-10-17 22:48:09
10:27:37,10.01,-0.01,86,86023,中性盘,600078,2025-10-17 22:48:09
10:27:40,10.0,-0.01,171,171259,卖盘,600078,2025-10-17 22:48:09
10:27:43,10.0,0.0,70,69988,买盘,600078,2025-10-17 22:48:09
10:27:46,10.0,0.0,55,54980,买盘,600078,2025-10-17 22:48:09
10:27:49,10.01,0.01,55,55012,买盘,600078,2025-10-17 22:48:09
10:27:52,10.01,0.0,123,123097,买盘,600078,2025-10-17 22:48:09
10:27:55,10.01,0.0,248,248222,买盘,600078,2025-10-17 22:48:09
10:27:58,10.01,0.0,128,128103,卖盘,600078,2025-10-17 22:48:09
10:28:01,10.01,0.0,294,294451,卖盘,600078,2025-10-17 22:48:09
10:28:04,10.03,0.02,133,133267,买盘,600078,2025-10-17 22:48:09
10:28:07,10.03,0.0,231,231478,买盘,600078,2025-10-17 22:48:09
10:28:10,10.04,0.01,690,692162,买盘,600078,2025-10-17 22:48:09
10:28:13,10.05,0.01,424,425630,买盘,600078,2025-10-17 22:48:09
10:28:16,10.07,0.02,1701,1710607,买盘,600078,2025-10-17 22:48:09
10:28:19,10.08,0.01,670,675786,买盘,600078,2025-10-17 22:48:09
10:28:22,10.1,0.02,3126,3156738,买盘,600078,2025-10-17 22:48:09
10:28:25,10.16,0.06,1565,1584912,买盘,600078,2025-10-17 22:48:09
10:28:28,10.16,0.0,377,382889,买盘,600078,2025-10-17 22:48:09
10:28:31,10.16,0.0,554,563025,卖盘,600078,2025-10-17 22:48:09
10:28:34,10.17,0.01,908,921194,买盘,600078,2025-10-17 22:48:09
10:28:37,10.18,0.01,438,445900,买盘,600078,2025-10-17 22:48:09
10:28:40,10.19,0.01,346,352549,买盘,600078,2025-10-17 22:48:09
10:28:43,10.2,0.01,1906,1943898,买盘,600078,2025-10-17 22:48:09
10:28:46,10.2,0.0,597,608919,买盘,600078,2025-10-17 22:48:09
10:28:49,10.21,0.01,1128,1150179,买盘,600078,2025-10-17 22:48:09
10:28:52,10.2,-0.01,437,445803,卖盘,600078,2025-10-17 22:48:09
10:28:55,10.19,-0.01,838,853938,中性盘,600078,2025-10-17 22:48:09
10:28:58,10.18,-0.01,506,514608,中性盘,600078,2025-10-17 22:48:09
10:29:01,10.18,0.0,675,688163,买盘,600078,2025-10-17 22:48:09
10:29:04,10.18,0.0,1173,1190951,买盘,600078,2025-10-17 22:48:09
10:29:07,10.15,-0.03,661,672723,卖盘,600078,2025-10-17 22:48:09
10:29:10,10.11,-0.04,955,965064,卖盘,600078,2025-10-17 22:48:09
10:29:13,10.04,-0.07,592,597332,中性盘,600078,2025-10-17 22:48:09
10:29:16,10.09,0.05,1383,1395324,买盘,600078,2025-10-17 22:48:09
10:29:19,10.03,-0.06,459,461269,卖盘,600078,2025-10-17 22:48:09
10:29:22,10.1,0.07,235,236587,买盘,600078,2025-10-17 22:48:09
10:29:25,10.06,-0.04,298,299429,卖盘,600078,2025-10-17 22:48:09
10:29:28,10.18,0.12,600,609570,买盘,600078,2025-10-17 22:48:09
10:29:31,10.2,0.02,1350,1375339,买盘,600078,2025-10-17 22:48:09
10:29:34,10.1,-0.1,480,486760,卖盘,600078,2025-10-17 22:48:09
10:29:37,10.15,0.05,267,270788,买盘,600078,2025-10-17 22:48:09
10:29:40,10.19,0.04,191,193903,买盘,600078,2025-10-17 22:48:09
10:29:43,10.1,-0.09,416,421841,卖盘,600078,2025-10-17 22:48:09
10:29:46,10.15,0.05,187,189674,中性盘,600078,2025-10-17 22:48:09
10:29:49,10.14,-0.01,134,135754,卖盘,600078,2025-10-17 22:48:09
10:29:52,10.14,0.0,86,87201,买盘,600078,2025-10-17 22:48:09
10:29:55,10.15,0.01,317,321184,买盘,600078,2025-10-17 22:48:09
10:29:58,10.15,0.0,305,309395,买盘,600078,2025-10-17 22:48:09
10:30:01,10.16,0.01,103,104536,买盘,600078,2025-10-17 22:48:09
10:30:04,10.16,0.0,216,219286,买盘,600078,2025-10-17 22:48:09
10:30:07,10.13,-0.03,626,634752,卖盘,600078,2025-10-17 22:48:09
10:30:10,10.13,0.0,173,175121,买盘,600078,2025-10-17 22:48:09
10:30:13,10.1,-0.03,881,890946,卖盘,600078,2025-10-17 22:48:09
10:30:16,10.15,0.05,223,225525,买盘,600078,2025-10-17 22:48:09
10:30:19,10.14,-0.01,176,178555,卖盘,600078,2025-10-17 22:48:09
10:30:22,10.14,0.0,46,46645,卖盘,600078,2025-10-17 22:48:09
10:30:25,10.14,0.0,385,390147,买盘,600078,2025-10-17 22:48:09
10:30:28,10.13,-0.01,185,187437,卖盘,600078,2025-10-17 22:48:09
10:30:31,10.12,-0.01,47,47604,卖盘,600078,2025-10-17 22:48:09
10:30:34,10.13,0.01,125,126528,买盘,600078,2025-10-17 22:48:09
10:30:37,10.15,0.02,553,560043,买盘,600078,2025-10-17 22:48:09
10:30:40,10.14,-0.01,52,52718,卖盘,600078,2025-10-17 22:48:09
10:30:43,10.13,-0.01,117,118617,卖盘,600078,2025-10-17 22:48:09
10:30:46,10.14,0.01,102,103367,买盘,600078,2025-10-17 22:48:09
10:30:49,10.13,-0.01,169,171281,卖盘,600078,2025-10-17 22:48:09
10:30:52,10.14,0.01,307,310997,买盘,600078,2025-10-17 22:48:09
10:30:55,10.14,0.0,268,271755,买盘,600078,2025-10-17 22:48:09
10:30:58,10.14,0.0,507,514394,卖盘,600078,2025-10-17 22:48:09
10:31:01,10.15,0.01,91,92290,买盘,600078,2025-10-17 22:48:09
10:31:04,10.15,0.0,338,342774,买盘,600078,2025-10-17 22:48:09
10:31:07,10.15,0.0,488,495321,买盘,600078,2025-10-17 22:48:09
10:31:10,10.14,-0.01,742,752696,卖盘,600078,2025-10-17 22:48:09
10:31:13,10.14,0.0,224,227130,买盘,600078,2025-10-17 22:48:09
10:31:16,10.12,-0.02,236,239175,卖盘,600078,2025-10-17 22:48:09
10:31:19,10.11,-0.01,94,95104,卖盘,600078,2025-10-17 22:48:09
10:31:22,10.12,0.01,208,210523,买盘,600078,2025-10-17 22:48:09
10:31:25,10.12,0.0,342,346109,卖盘,600078,2025-10-17 22:48:09
10:31:28,10.12,0.0,138,139588,买盘,600078,2025-10-17 22:48:09
10:31:31,10.11,-0.01,252,254948,卖盘,600078,2025-10-17 22:48:09
10:31:34,10.11,0.0,116,117302,卖盘,600078,2025-10-17 22:48:09
10:31:37,10.15,0.04,1110,1123963,买盘,600078,2025-10-17 22:48:09
10:31:40,10.19,0.04,1518,1544137,买盘,600078,2025-10-17 22:48:09
10:31:43,10.2,0.01,171,174214,买盘,600078,2025-10-17 22:48:09
10:31:46,10.2,0.0,897,914698,买盘,600078,2025-10-17 22:48:09
10:31:49,10.2,0.0,326,332221,买盘,600078,2025-10-17 22:48:09
10:31:52,10.18,-0.02,212,216055,卖盘,600078,2025-10-17 22:48:09
10:31:55,10.2,0.02,406,413807,买盘,600078,2025-10-17 22:48:09
10:31:58,10.19,-0.01,391,398382,卖盘,600078,2025-10-17 22:48:09
10:32:01,10.19,0.0,306,311730,买盘,600078,2025-10-17 22:48:09
10:32:04,10.18,-0.01,315,320827,卖盘,600078,2025-10-17 22:48:09
10:32:07,10.17,-0.01,564,574234,卖盘,600078,2025-10-17 22:48:09
10:32:10,10.17,0.0,45,45789,卖盘,600078,2025-10-17 22:48:09
10:32:13,10.17,0.0,137,139228,买盘,600078,2025-10-17 22:48:09
10:32:16,10.16,-0.01,937,952258,买盘,600078,2025-10-17 22:48:09
10:32:19,10.16,0.0,316,320890,买盘,600078,2025-10-17 22:48:09
10:32:22,10.15,-0.01,1404,1428154,买盘,600078,2025-10-17 22:48:09
10:32:25,10.15,0.0,1634,1663618,买盘,600078,2025-10-17 22:48:09
10:32:28,10.19,0.04,2448,2496819,买盘,600078,2025-10-17 22:48:09
10:32:31,10.18,-0.01,118,120245,卖盘,600078,2025-10-17 22:48:09
10:32:34,10.19,0.01,602,613342,买盘,600078,2025-10-17 22:48:09
10:32:37,10.19,0.0,352,358814,买盘,600078,2025-10-17 22:48:09
10:32:40,10.19,0.0,143,145693,买盘,600078,2025-10-17 22:48:09
10:32:43,10.18,-0.01,239,243316,卖盘,600078,2025-10-17 22:48:09
10:32:46,10.17,-0.01,165,168010,卖盘,600078,2025-10-17 22:48:09
10:32:49,10.17,0.0,41,41708,卖盘,600078,2025-10-17 22:48:09
10:32:52,10.16,-0.01,68,69141,卖盘,600078,2025-10-17 22:48:09
10:32:55,10.16,0.0,443,449736,卖盘,600078,2025-10-17 22:48:09
10:32:58,10.14,-0.02,492,499605,卖盘,600078,2025-10-17 22:48:09
10:33:01,10.14,0.0,547,554480,买盘,600078,2025-10-17 22:48:09
10:33:04,10.15,0.01,79,80204,中性盘,600078,2025-10-17 22:48:09
10:33:07,10.16,0.01,76,77245,买盘,600078,2025-10-17 22:48:09
10:33:10,10.16,0.0,240,244030,卖盘,600078,2025-10-17 22:48:09
10:33:13,10.18,0.02,1113,1134709,买盘,600078,2025-10-17 22:48:09
10:33:16,10.2,0.02,2079,2120764,买盘,600078,2025-10-17 22:48:09
10:33:19,10.26,0.06,37615,38574133,买盘,600078,2025-10-17 22:48:09
10:33:22,10.26,0.0,5459,5600934,卖盘,600078,2025-10-17 22:48:09
10:33:25,10.26,0.0,2673,2742498,卖盘,600078,2025-10-17 22:48:09
10:33:28,10.26,0.0,484,496584,卖盘,600078,2025-10-17 22:48:09
10:33:31,10.26,0.0,2026,2078676,卖盘,600078,2025-10-17 22:48:09
10:33:34,10.26,0.0,1426,1463076,卖盘,600078,2025-10-17 22:48:09
10:33:37,10.26,0.0,764,783864,卖盘,600078,2025-10-17 22:48:09
10:33:40,10.26,0.0,1642,1684692,卖盘,600078,2025-10-17 22:48:09
10:33:43,10.26,0.0,293,300618,卖盘,600078,2025-10-17 22:48:09
10:33:46,10.26,0.0,793,813618,卖盘,600078,2025-10-17 22:48:09
10:33:49,10.26,0.0,120,123120,卖盘,600078,2025-10-17 22:48:09
10:33:52,10.26,0.0,270,277020,卖盘,600078,2025-10-17 22:48:09
10:33:55,10.26,0.0,297,304722,卖盘,600078,2025-10-17 22:48:09
10:33:58,10.26,0.0,168,172368,卖盘,600078,2025-10-17 22:48:09
10:34:01,10.26,0.0,351,360126,卖盘,600078,2025-10-17 22:48:09
10:34:04,10.26,0.0,558,572508,卖盘,600078,2025-10-17 22:48:09
10:34:07,10.26,0.0,226,231876,卖盘,600078,2025-10-17 22:48:09
10:34:10,10.26,0.0,214,219564,卖盘,600078,2025-10-17 22:48:09
10:34:13,10.26,0.0,327,335502,卖盘,600078,2025-10-17 22:48:09
10:34:16,10.26,0.0,636,652536,卖盘,600078,2025-10-17 22:48:09
10:34:19,10.26,0.0,103,105678,卖盘,600078,2025-10-17 22:48:09
10:34:22,10.26,0.0,251,257526,卖盘,600078,2025-10-17 22:48:09
10:34:25,10.26,0.0,167,171342,卖盘,600078,2025-10-17 22:48:09
10:34:28,10.26,0.0,672,689472,卖盘,600078,2025-10-17 22:48:09
10:34:31,10.26,0.0,252,258552,卖盘,600078,2025-10-17 22:48:09
10:34:34,10.26,0.0,73,74898,卖盘,600078,2025-10-17 22:48:09
10:34:37,10.26,0.0,317,325242,卖盘,600078,2025-10-17 22:48:09
10:34:40,10.26,0.0,255,261630,卖盘,600078,2025-10-17 22:48:09
10:34:43,10.26,0.0,33,33858,卖盘,600078,2025-10-17 22:48:09
10:34:46,10.26,0.0,108,110808,卖盘,600078,2025-10-17 22:48:09
10:34:49,10.26,0.0,3485,3575610,卖盘,600078,2025-10-17 22:48:09
10:34:52,10.26,0.0,144,147744,卖盘,600078,2025-10-17 22:48:09
10:34:55,10.26,0.0,133,136458,卖盘,600078,2025-10-17 22:48:09
10:34:58,10.26,0.0,747,766422,卖盘,600078,2025-10-17 22:48:09
10:35:01,10.26,0.0,575,589950,卖盘,600078,2025-10-17 22:48:09
10:35:04,10.26,0.0,3405,3493530,卖盘,600078,2025-10-17 22:48:09
10:35:07,10.26,0.0,5262,5398812,卖盘,600078,2025-10-17 22:48:09
10:35:10,10.26,0.0,1172,1202472,卖盘,600078,2025-10-17 22:48:09
10:35:13,10.26,0.0,1269,1301994,卖盘,600078,2025-10-17 22:48:09
10:35:16,10.26,0.0,1035,1061910,卖盘,600078,2025-10-17 22:48:09
10:35:19,10.26,0.0,2200,2257200,卖盘,600078,2025-10-17 22:48:09
10:35:22,10.26,0.0,809,830034,卖盘,600078,2025-10-17 22:48:09
10:35:25,10.26,0.0,2576,2642976,卖盘,600078,2025-10-17 22:48:09
10:35:28,10.26,0.0,1757,1802682,卖盘,600078,2025-10-17 22:48:09
10:35:31,10.26,0.0,5883,6035958,卖盘,600078,2025-10-17 22:48:09
10:35:34,10.26,0.0,12525,12850650,卖盘,600078,2025-10-17 22:48:09
10:35:37,10.26,0.0,10788,11068488,卖盘,600078,2025-10-17 22:48:09
10:35:40,10.26,0.0,8211,8424486,卖盘,600078,2025-10-17 22:48:09
10:35:43,10.26,0.0,4139,4246717,卖盘,600078,2025-10-17 22:48:09
10:35:46,10.26,0.0,743,762318,卖盘,600078,2025-10-17 22:48:09
10:35:49,10.26,0.0,1614,1655964,卖盘,600078,2025-10-17 22:48:09
10:35:52,10.26,0.0,390,400140,卖盘,600078,2025-10-17 22:48:09
10:35:55,10.26,0.0,94,96444,卖盘,600078,2025-10-17 22:48:09
10:35:58,10.26,0.0,387,397062,卖盘,600078,2025-10-17 22:48:09
10:36:01,10.26,0.0,80,82080,卖盘,600078,2025-10-17 22:48:09
10:36:04,10.26,0.0,270,277020,卖盘,600078,2025-10-17 22:48:09
10:36:07,10.26,0.0,147,150822,卖盘,600078,2025-10-17 22:48:09
10:36:10,10.26,0.0,129,132354,卖盘,600078,2025-10-17 22:48:09
10:36:13,10.26,0.0,1233,1265058,卖盘,600078,2025-10-17 22:48:09
10:36:16,10.26,0.0,35,35910,卖盘,600078,2025-10-17 22:48:09
10:36:19,10.26,0.0,1579,1620054,卖盘,600078,2025-10-17 22:48:09
10:36:22,10.26,0.0,96,98496,卖盘,600078,2025-10-17 22:48:09
10:36:25,10.26,0.0,950,974700,卖盘,600078,2025-10-17 22:48:09
10:36:28,10.26,0.0,64,65664,卖盘,600078,2025-10-17 22:48:09
10:36:31,10.26,0.0,44,45144,卖盘,600078,2025-10-17 22:48:09
10:36:34,10.26,0.0,73,74898,卖盘,600078,2025-10-17 22:48:09
10:36:37,10.26,0.0,138,141588,卖盘,600078,2025-10-17 22:48:09
10:36:40,10.26,0.0,1099,1127574,卖盘,600078,2025-10-17 22:48:09
10:36:43,10.26,0.0,1108,1136808,卖盘,600078,2025-10-17 22:48:09
10:36:46,10.26,0.0,37,37962,卖盘,600078,2025-10-17 22:48:09
10:36:49,10.26,0.0,141,144666,卖盘,600078,2025-10-17 22:48:09
10:36:52,10.26,0.0,87,89262,卖盘,600078,2025-10-17 22:48:09
10:36:55,10.26,0.0,511,524286,卖盘,600078,2025-10-17 22:48:09
10:36:58,10.26,0.0,1182,1212732,卖盘,600078,2025-10-17 22:48:09
10:37:01,10.26,0.0,229,234954,卖盘,600078,2025-10-17 22:48:09
10:37:04,10.26,0.0,51,52326,卖盘,600078,2025-10-17 22:48:09
10:37:07,10.26,0.0,215,220590,卖盘,600078,2025-10-17 22:48:09
10:37:10,10.26,0.0,35,35910,卖盘,600078,2025-10-17 22:48:09
10:37:13,10.26,0.0,1052,1079352,卖盘,600078,2025-10-17 22:48:09
10:37:16,10.26,0.0,20,20520,卖盘,600078,2025-10-17 22:48:09
10:37:19,10.26,0.0,588,603288,卖盘,600078,2025-10-17 22:48:09
10:37:22,10.26,0.0,107,109782,卖盘,600078,2025-10-17 22:48:09
10:37:25,10.26,0.0,30,30780,卖盘,600078,2025-10-17 22:48:09
10:37:28,10.26,0.0,19,19494,卖盘,600078,2025-10-17 22:48:09
10:37:31,10.26,0.0,33,33858,卖盘,600078,2025-10-17 22:48:09
10:37:34,10.26,0.0,121,124146,卖盘,600078,2025-10-17 22:48:09
10:37:37,10.26,0.0,49,50274,卖盘,600078,2025-10-17 22:48:09
10:37:40,10.26,0.0,123,126198,卖盘,600078,2025-10-17 22:48:09
10:37:43,10.26,0.0,128,131328,卖盘,600078,2025-10-17 22:48:09
10:37:46,10.26,0.0,82,84132,卖盘,600078,2025-10-17 22:48:09
10:37:49,10.26,0.0,253,259578,卖盘,600078,2025-10-17 22:48:09
10:37:52,10.26,0.0,40,41040,卖盘,600078,2025-10-17 22:48:09
10:37:55,10.26,0.0,149,152874,卖盘,600078,2025-10-17 22:48:09
10:37:58,10.26,0.0,229,234954,卖盘,600078,2025-10-17 22:48:09
10:38:01,10.26,0.0,137,140562,卖盘,600078,2025-10-17 22:48:09
10:38:04,10.26,0.0,62,63612,卖盘,600078,2025-10-17 22:48:09
10:38:07,10.26,0.0,124,127224,卖盘,600078,2025-10-17 22:48:09
10:38:10,10.26,0.0,34,34884,卖盘,600078,2025-10-17 22:48:09
10:38:13,10.26,0.0,15,15390,卖盘,600078,2025-10-17 22:48:09
10:38:16,10.26,0.0,15,15390,卖盘,600078,2025-10-17 22:48:09
10:38:19,10.26,0.0,114,116964,卖盘,600078,2025-10-17 22:48:09
10:38:22,10.26,0.0,977,1002402,卖盘,600078,2025-10-17 22:48:09
10:38:25,10.26,0.0,29,29754,卖盘,600078,2025-10-17 22:48:09
10:38:28,10.26,0.0,5,5130,卖盘,600078,2025-10-17 22:48:09
10:38:31,10.26,0.0,10096,10358496,卖盘,600078,2025-10-17 22:48:09
10:38:34,10.26,0.0,114,116964,卖盘,600078,2025-10-17 22:48:09
10:38:37,10.26,0.0,22,22572,卖盘,600078,2025-10-17 22:48:09
10:38:40,10.26,0.0,592,607392,卖盘,600078,2025-10-17 22:48:09
10:38:43,10.26,0.0,96,98496,卖盘,600078,2025-10-17 22:48:09
10:38:46,10.26,0.0,1231,1263006,卖盘,600078,2025-10-17 22:48:09
10:38:49,10.26,0.0,42,43092,卖盘,600078,2025-10-17 22:48:09
10:38:52,10.26,0.0,228,233928,卖盘,600078,2025-10-17 22:48:09
10:38:55,10.26,0.0,102,104652,卖盘,600078,2025-10-17 22:48:09
10:38:58,10.26,0.0,130,133380,卖盘,600078,2025-10-17 22:48:09
10:39:01,10.26,0.0,38,38988,卖盘,600078,2025-10-17 22:48:09
10:39:04,10.26,0.0,487,499662,卖盘,600078,2025-10-17 22:48:09
10:39:07,10.26,0.0,390,400140,卖盘,600078,2025-10-17 22:48:09
10:39:10,10.26,0.0,229,234954,卖盘,600078,2025-10-17 22:48:09
10:39:13,10.26,0.0,15,15390,卖盘,600078,2025-10-17 22:48:09
10:39:16,10.26,0.0,158,162108,卖盘,600078,2025-10-17 22:48:09
10:39:19,10.26,0.0,169,173394,卖盘,600078,2025-10-17 22:48:09
10:39:22,10.26,0.0,161,165186,卖盘,600078,2025-10-17 22:48:09
10:39:25,10.26,0.0,434,445284,卖盘,600078,2025-10-17 22:48:09
10:39:28,10.26,0.0,173,177498,卖盘,600078,2025-10-17 22:48:09
10:39:31,10.26,0.0,362,371412,卖盘,600078,2025-10-17 22:48:09
10:39:34,10.26,0.0,282,289332,卖盘,600078,2025-10-17 22:48:09
10:39:37,10.26,0.0,187,191862,卖盘,600078,2025-10-17 22:48:09
10:39:40,10.26,0.0,383,392958,卖盘,600078,2025-10-17 22:48:09
10:39:43,10.26,0.0,299,306774,卖盘,600078,2025-10-17 22:48:09
10:39:46,10.26,0.0,35,35910,卖盘,600078,2025-10-17 22:48:09
10:39:49,10.26,0.0,151,154926,卖盘,600078,2025-10-17 22:48:09
10:39:52,10.26,0.0,136,139536,卖盘,600078,2025-10-17 22:48:09
10:39:55,10.26,0.0,674,691524,卖盘,600078,2025-10-17 22:48:09
10:39:58,10.26,0.0,4,4104,卖盘,600078,2025-10-17 22:48:09
10:40:01,10.26,0.0,696,714096,卖盘,600078,2025-10-17 22:48:09
10:40:04,10.26,0.0,305,312930,卖盘,600078,2025-10-17 22:48:09
10:40:07,10.26,0.0,126,129276,卖盘,600078,2025-10-17 22:48:09
10:40:10,10.26,0.0,58,59508,卖盘,600078,2025-10-17 22:48:09
10:40:13,10.26,0.0,29,29754,卖盘,600078,2025-10-17 22:48:09
10:40:16,10.26,0.0,381,390906,卖盘,600078,2025-10-17 22:48:09
10:40:19,10.26,0.0,128,131328,卖盘,600078,2025-10-17 22:48:09
10:40:22,10.26,0.0,326,334476,卖盘,600078,2025-10-17 22:48:09
10:40:25,10.26,0.0,114,116964,卖盘,600078,2025-10-17 22:48:09
10:40:28,10.26,0.0,60,61560,卖盘,600078,2025-10-17 22:48:09
10:40:31,10.26,0.0,86,88236,卖盘,600078,2025-10-17 22:48:09
10:40:34,10.26,0.0,94,96444,卖盘,600078,2025-10-17 22:48:09
10:40:37,10.26,0.0,51,52326,卖盘,600078,2025-10-17 22:48:09
10:40:40,10.26,0.0,45,46170,卖盘,600078,2025-10-17 22:48:09
10:40:43,10.26,0.0,79,81054,卖盘,600078,2025-10-17 22:48:09
10:40:46,10.26,0.0,3,3078,卖盘,600078,2025-10-17 22:48:09
10:40:49,10.26,0.0,156,160056,卖盘,600078,2025-10-17 22:48:09
10:40:52,10.26,0.0,66,67716,卖盘,600078,2025-10-17 22:48:09
10:40:55,10.26,0.0,53,54378,卖盘,600078,2025-10-17 22:48:09
10:40:58,10.26,0.0,30,30780,卖盘,600078,2025-10-17 22:48:09
10:41:01,10.26,0.0,73,74898,卖盘,600078,2025-10-17 22:48:09
10:41:04,10.26,0.0,113,115938,卖盘,600078,2025-10-17 22:48:09
10:41:07,10.26,0.0,415,425790,卖盘,600078,2025-10-17 22:48:09
10:41:10,10.26,0.0,1157,1187082,卖盘,600078,2025-10-17 22:48:09
10:41:13,10.26,0.0,246,252396,卖盘,600078,2025-10-17 22:48:09
10:41:16,10.26,0.0,138,141588,卖盘,600078,2025-10-17 22:48:09
10:41:19,10.26,0.0,19,19494,卖盘,600078,2025-10-17 22:48:09
10:41:22,10.26,0.0,451,462726,卖盘,600078,2025-10-17 22:48:09
10:41:25,10.26,0.0,2461,2524986,卖盘,600078,2025-10-17 22:48:09
10:41:28,10.26,0.0,602,617652,卖盘,600078,2025-10-17 22:48:09
10:41:31,10.26,0.0,428,439128,卖盘,600078,2025-10-17 22:48:09
10:41:34,10.26,0.0,259,265734,卖盘,600078,2025-10-17 22:48:09
10:41:37,10.26,0.0,90,92340,卖盘,600078,2025-10-17 22:48:09
10:41:40,10.26,0.0,242,248292,卖盘,600078,2025-10-17 22:48:09
10:41:43,10.26,0.0,69,70794,卖盘,600078,2025-10-17 22:48:09
10:41:46,10.26,0.0,148,151848,卖盘,600078,2025-10-17 22:48:09
10:41:49,10.26,0.0,40,41040,卖盘,600078,2025-10-17 22:48:09
10:41:52,10.26,0.0,6,6156,卖盘,600078,2025-10-17 22:48:09
10:41:55,10.26,0.0,53,54378,卖盘,600078,2025-10-17 22:48:09
10:41:58,10.26,0.0,103,105678,卖盘,600078,2025-10-17 22:48:09
10:42:01,10.26,0.0,132,135432,卖盘,600078,2025-10-17 22:48:09
10:42:04,10.26,0.0,39,40014,卖盘,600078,2025-10-17 22:48:09
10:42:07,10.26,0.0,34,34884,卖盘,600078,2025-10-17 22:48:09
10:42:10,10.26,0.0,144,147744,卖盘,600078,2025-10-17 22:48:09
10:42:13,10.26,0.0,59,60534,卖盘,600078,2025-10-17 22:48:09
10:42:16,10.26,0.0,117,120042,卖盘,600078,2025-10-17 22:48:09
10:42:19,10.26,0.0,169,173394,卖盘,600078,2025-10-17 22:48:09
10:42:22,10.26,0.0,22,22572,卖盘,600078,2025-10-17 22:48:09
10:42:25,10.26,0.0,26,26676,卖盘,600078,2025-10-17 22:48:09
10:42:28,10.26,0.0,141,144666,卖盘,600078,2025-10-17 22:48:09
10:42:31,10.26,0.0,29,29754,卖盘,600078,2025-10-17 22:48:09
10:42:34,10.26,0.0,10,10260,卖盘,600078,2025-10-17 22:48:09
10:42:37,10.26,0.0,22,22572,卖盘,600078,2025-10-17 22:48:09
10:42:40,10.26,0.0,25,25650,卖盘,600078,2025-10-17 22:48:09
10:42:43,10.26,0.0,62,63612,卖盘,600078,2025-10-17 22:48:09
10:42:46,10.26,0.0,1,1026,卖盘,600078,2025-10-17 22:48:09
10:42:49,10.26,0.0,123,126198,卖盘,600078,2025-10-17 22:48:09
10:42:52,10.26,0.0,37,37962,卖盘,600078,2025-10-17 22:48:09
10:42:55,10.26,0.0,568,582768,卖盘,600078,2025-10-17 22:48:09
10:42:58,10.26,0.0,10,10260,卖盘,600078,2025-10-17 22:48:09
10:43:01,10.26,0.0,56,57456,卖盘,600078,2025-10-17 22:48:09
10:43:04,10.26,0.0,28,28728,卖盘,600078,2025-10-17 22:48:09
10:43:07,10.26,0.0,113,115938,卖盘,600078,2025-10-17 22:48:09
10:43:10,10.26,0.0,33,33858,卖盘,600078,2025-10-17 22:48:09
10:43:13,10.26,0.0,3,3078,卖盘,600078,2025-10-17 22:48:09
10:43:16,10.26,0.0,14,14364,卖盘,600078,2025-10-17 22:48:09
10:43:19,10.26,0.0,9,9234,卖盘,600078,2025-10-17 22:48:09
10:43:22,10.26,0.0,692,709992,卖盘,600078,2025-10-17 22:48:09
10:43:25,10.26,0.0,56,57456,卖盘,600078,2025-10-17 22:48:09
10:43:28,10.26,0.0,70,71820,卖盘,600078,2025-10-17 22:48:09
10:43:31,10.26,0.0,6,6156,卖盘,600078,2025-10-17 22:48:09
10:43:34,10.26,0.0,110,112860,卖盘,600078,2025-10-17 22:48:09
10:43:37,10.26,0.0,7,7182,卖盘,600078,2025-10-17 22:48:09
10:43:40,10.26,0.0,91,93366,卖盘,600078,2025-10-17 22:48:09
10:43:43,10.26,0.0,52,53352,卖盘,600078,2025-10-17 22:48:09
10:43:46,10.26,0.0,17,17442,卖盘,600078,2025-10-17 22:48:09
10:43:49,10.26,0.0,11,11286,卖盘,600078,2025-10-17 22:48:09
10:43:55,10.26,0.0,266,272916,卖盘,600078,2025-10-17 22:48:09
10:43:58,10.26,0.0,5,5130,卖盘,600078,2025-10-17 22:48:09
10:44:01,10.26,0.0,54,55404,卖盘,600078,2025-10-17 22:48:09
10:44:04,10.26,0.0,6,6156,卖盘,600078,2025-10-17 22:48:09
10:44:07,10.26,0.0,107,109782,卖盘,600078,2025-10-17 22:48:09
10:44:10,10.26,0.0,1,1026,卖盘,600078,2025-10-17 22:48:09
10:44:13,10.26,0.0,4,4104,卖盘,600078,2025-10-17 22:48:09
10:44:19,10.26,0.0,16,16416,卖盘,600078,2025-10-17 22:48:09
10:44:22,10.26,0.0,24,24624,卖盘,600078,2025-10-17 22:48:09
10:44:25,10.26,0.0,31,31806,卖盘,600078,2025-10-17 22:48:09
10:44:28,10.26,0.0,8,8208,卖盘,600078,2025-10-17 22:48:09
10:44:31,10.26,0.0,19,19494,卖盘,600078,2025-10-17 22:48:09
10:44:34,10.26,0.0,10,10260,卖盘,600078,2025-10-17 22:48:09
10:44:37,10.26,0.0,1,1026,卖盘,600078,2025-10-17 22:48:09
10:44:40,10.26,0.0,23,23598,卖盘,600078,2025-10-17 22:48:09
10:44:43,10.26,0.0,76,77976,卖盘,600078,2025-10-17 22:48:09
10:44:46,10.26,0.0,33,33858,卖盘,600078,2025-10-17 22:48:09
10:44:49,10.26,0.0,16,16416,卖盘,600078,2025-10-17 22:48:09
10:44:52,10.26,0.0,23,23598,卖盘,600078,2025-10-17 22:48:09
10:44:55,10.26,0.0,183,187758,卖盘,600078,2025-10-17 22:48:09
10:44:58,10.26,0.0,6,6156,卖盘,600078,2025-10-17 22:48:09
10:45:01,10.26,0.0,86,88236,卖盘,600078,2025-10-17 22:48:09
10:45:04,10.26,0.0,206,211356,卖盘,600078,2025-10-17 22:48:09
10:45:07,10.26,0.0,67,68742,卖盘,600078,2025-10-17 22:48:09
10:45:10,10.26,0.0,23,23598,卖盘,600078,2025-10-17 22:48:09
10:45:13,10.26,0.0,43,44118,卖盘,600078,2025-10-17 22:48:09
10:45:16,10.26,0.0,1,1026,卖盘,600078,2025-10-17 22:48:09
10:45:19,10.26,0.0,80,82080,卖盘,600078,2025-10-17 22:48:09
10:45:22,10.26,0.0,34,34884,卖盘,600078,2025-10-17 22:48:09
10:45:25,10.26,0.0,16,16416,卖盘,600078,2025-10-17 22:48:09
10:45:28,10.26,0.0,1,1026,卖盘,600078,2025-10-17 22:48:09
10:45:31,10.26,0.0,35,35910,卖盘,600078,2025-10-17 22:48:09
10:45:34,10.26,0.0,5,5130,卖盘,600078,2025-10-17 22:48:09
10:45:37,10.26,0.0,284,291384,卖盘,600078,2025-10-17 22:48:09
10:45:40,10.26,0.0,2,2052,卖盘,600078,2025-10-17 22:48:09
10:45:43,10.26,0.0,15,15390,卖盘,600078,2025-10-17 22:48:09
10:45:46,10.26,0.0,1,1026,卖盘,600078,2025-10-17 22:48:09
10:45:49,10.26,0.0,21,21546,卖盘,600078,2025-10-17 22:48:09
10:45:52,10.26,0.0,33,33858,卖盘,600078,2025-10-17 22:48:09
10:45:55,10.26,0.0,603,618678,卖盘,600078,2025-10-17 22:48:09
10:45:58,10.26,0.0,64,65664,卖盘,600078,2025-10-17 22:48:09
10:46:01,10.26,0.0,18,18468,卖盘,600078,2025-10-17 22:48:09
10:46:07,10.26,0.0,20,20520,卖盘,600078,2025-10-17 22:48:09
10:46:10,10.26,0.0,5,5130,卖盘,600078,2025-10-17 22:48:09
10:46:13,10.26,0.0,19,19494,卖盘,600078,2025-10-17 22:48:09
10:46:19,10.26,0.0,16,16416,卖盘,600078,2025-10-17 22:48:09
10:46:22,10.26,0.0,44,45144,卖盘,600078,2025-10-17 22:48:09
10:46:25,10.26,0.0,519,532494,卖盘,600078,2025-10-17 22:48:09
10:46:28,10.26,0.0,1,1026,卖盘,600078,2025-10-17 22:48:09
10:46:34,10.26,0.0,36,36936,卖盘,600078,2025-10-17 22:48:09
10:46:37,10.26,0.0,6,6156,卖盘,600078,2025-10-17 22:48:09
10:46:40,10.26,0.0,74,75924,卖盘,600078,2025-10-17 22:48:09
10:46:43,10.26,0.0,102,104652,卖盘,600078,2025-10-17 22:48:09
10:46:46,10.26,0.0,119,122094,卖盘,600078,2025-10-17 22:48:09
10:46:49,10.26,0.0,22,22572,卖盘,600078,2025-10-17 22:48:09
10:46:52,10.26,0.0,379,388854,卖盘,600078,2025-10-17 22:48:09
10:46:55,10.26,0.0,155,159030,卖盘,600078,2025-10-17 22:48:09
10:46:58,10.26,0.0,132,135432,卖盘,600078,2025-10-17 22:48:09
10:47:01,10.26,0.0,108,110808,卖盘,600078,2025-10-17 22:48:09
10:47:04,10.26,0.0,246,252396,卖盘,600078,2025-10-17 22:48:09
10:47:07,10.26,0.0,51,52326,卖盘,600078,2025-10-17 22:48:09
10:47:10,10.26,0.0,52,53352,卖盘,600078,2025-10-17 22:48:09
10:47:13,10.26,0.0,32,32832,卖盘,600078,2025-10-17 22:48:09
10:47:16,10.26,0.0,307,314982,卖盘,600078,2025-10-17 22:48:09
10:47:19,10.26,0.0,116,119016,卖盘,600078,2025-10-17 22:48:09
10:47:22,10.26,0.0,31,31806,卖盘,600078,2025-10-17 22:48:09
10:47:25,10.26,0.0,85,87210,卖盘,600078,2025-10-17 22:48:09
10:47:28,10.26,0.0,100,102600,卖盘,600078,2025-10-17 22:48:09
10:47:31,10.26,0.0,24,24624,卖盘,600078,2025-10-17 22:48:09
10:47:34,10.26,0.0,112,114912,卖盘,600078,2025-10-17 22:48:09
10:47:37,10.26,0.0,142,145692,卖盘,600078,2025-10-17 22:48:09
10:47:40,10.26,0.0,17,17442,卖盘,600078,2025-10-17 22:48:09
10:47:43,10.26,0.0,75,76950,卖盘,600078,2025-10-17 22:48:09
10:47:46,10.26,0.0,13,13338,卖盘,600078,2025-10-17 22:48:09
10:47:49,10.26,0.0,97,99522,卖盘,600078,2025-10-17 22:48:09
10:47:52,10.26,0.0,259,265734,卖盘,600078,2025-10-17 22:48:09
10:47:55,10.26,0.0,361,370386,卖盘,600078,2025-10-17 22:48:09
10:47:58,10.26,0.0,10,10260,卖盘,600078,2025-10-17 22:48:09
10:48:01,10.26,0.0,141,144666,卖盘,600078,2025-10-17 22:48:09
10:48:04,10.26,0.0,86,88236,卖盘,600078,2025-10-17 22:48:09
10:48:07,10.26,0.0,105,107730,卖盘,600078,2025-10-17 22:48:09
10:48:10,10.26,0.0,23,23598,卖盘,600078,2025-10-17 22:48:09
10:48:13,10.26,0.0,84,86184,卖盘,600078,2025-10-17 22:48:09
10:48:16,10.26,0.0,35,35910,卖盘,600078,2025-10-17 22:48:09
10:48:19,10.26,0.0,2,2052,卖盘,600078,2025-10-17 22:48:09
10:48:22,10.26,0.0,5,5130,卖盘,600078,2025-10-17 22:48:09
10:48:25,10.26,0.0,8,8208,卖盘,600078,2025-10-17 22:48:09
10:48:28,10.26,0.0,70,71820,卖盘,600078,2025-10-17 22:48:09
10:48:31,10.26,0.0,54,55404,卖盘,600078,2025-10-17 22:48:09
10:48:34,10.26,0.0,221,226746,卖盘,600078,2025-10-17 22:48:09
10:48:37,10.26,0.0,121,124146,卖盘,600078,2025-10-17 22:48:09
10:48:40,10.26,0.0,230,235980,卖盘,600078,2025-10-17 22:48:09
10:48:43,10.26,0.0,528,541728,卖盘,600078,2025-10-17 22:48:09
10:48:46,10.26,0.0,1063,1090638,卖盘,600078,2025-10-17 22:48:09
10:48:49,10.26,0.0,167,171342,卖盘,600078,2025-10-17 22:48:09
10:48:52,10.26,0.0,275,282150,卖盘,600078,2025-10-17 22:48:09
10:48:55,10.26,0.0,526,539676,卖盘,600078,2025-10-17 22:48:09
10:48:58,10.26,0.0,522,535572,卖盘,600078,2025-10-17 22:48:09
10:49:01,10.26,0.0,235,241110,卖盘,600078,2025-10-17 22:48:09
10:49:04,10.26,0.0,180,184680,卖盘,600078,2025-10-17 22:48:09
10:49:07,10.26,0.0,1205,1236330,卖盘,600078,2025-10-17 22:48:09
10:49:10,10.26,0.0,4673,4794498,卖盘,600078,2025-10-17 22:48:09
10:49:13,10.26,0.0,990,1015740,卖盘,600078,2025-10-17 22:48:09
10:49:16,10.26,0.0,1395,1431270,卖盘,600078,2025-10-17 22:48:09
10:49:19,10.26,0.0,4583,4702158,卖盘,600078,2025-10-17 22:48:09
10:49:22,10.26,0.0,16420,16846920,卖盘,600078,2025-10-17 22:48:09
10:49:25,10.26,0.0,4447,4562622,卖盘,600078,2025-10-17 22:48:09
10:49:28,10.26,0.0,4850,4976100,卖盘,600078,2025-10-17 22:48:09
10:49:31,10.26,0.0,3061,3140586,卖盘,600078,2025-10-17 22:48:09
10:49:34,10.25,-0.01,3811,3910085,卖盘,600078,2025-10-17 22:48:09
10:49:37,10.25,0.0,558,571203,卖盘,600078,2025-10-17 22:48:09
10:49:40,10.26,0.01,6738,6910674,买盘,600078,2025-10-17 22:48:09
10:49:43,10.26,0.0,807,827982,卖盘,600078,2025-10-17 22:48:09
10:49:46,10.26,0.0,675,692550,卖盘,600078,2025-10-17 22:48:09
10:49:49,10.26,0.0,85,87210,卖盘,600078,2025-10-17 22:48:09
10:49:52,10.26,0.0,59,60534,卖盘,600078,2025-10-17 22:48:09
10:49:55,10.26,0.0,170,174420,卖盘,600078,2025-10-17 22:48:09
10:49:58,10.26,0.0,74,75924,卖盘,600078,2025-10-17 22:48:09
10:50:01,10.26,0.0,11,11286,卖盘,600078,2025-10-17 22:48:09
10:50:04,10.26,0.0,201,206226,卖盘,600078,2025-10-17 22:48:09
10:50:07,10.26,0.0,312,320112,卖盘,600078,2025-10-17 22:48:09
10:50:10,10.26,0.0,43,44118,卖盘,600078,2025-10-17 22:48:09
10:50:13,10.26,0.0,34,34884,卖盘,600078,2025-10-17 22:48:09
10:50:16,10.26,0.0,582,597132,卖盘,600078,2025-10-17 22:48:09
10:50:19,10.26,0.0,28,28728,卖盘,600078,2025-10-17 22:48:09
10:50:22,10.26,0.0,69,70794,卖盘,600078,2025-10-17 22:48:09
10:50:25,10.26,0.0,8,8208,卖盘,600078,2025-10-17 22:48:09
10:50:28,10.26,0.0,39,40014,卖盘,600078,2025-10-17 22:48:09
10:50:31,10.26,0.0,44,45144,卖盘,600078,2025-10-17 22:48:09
10:50:34,10.26,0.0,1,1026,卖盘,600078,2025-10-17 22:48:09
10:50:37,10.26,0.0,10,10260,卖盘,600078,2025-10-17 22:48:09
10:50:40,10.26,0.0,23,23598,卖盘,600078,2025-10-17 22:48:09
10:50:43,10.26,0.0,39,40014,卖盘,600078,2025-10-17 22:48:09
10:50:46,10.26,0.0,56,57456,卖盘,600078,2025-10-17 22:48:09
10:50:49,10.26,0.0,5,5130,卖盘,600078,2025-10-17 22:48:09
10:50:52,10.26,0.0,2,2052,卖盘,600078,2025-10-17 22:48:09
10:50:55,10.26,0.0,30,30780,卖盘,600078,2025-10-17 22:48:09
10:50:58,10.26,0.0,21,21546,卖盘,600078,2025-10-17 22:48:09
10:51:01,10.26,0.0,30,30780,卖盘,600078,2025-10-17 22:48:09
10:51:04,10.26,0.0,1,1026,卖盘,600078,2025-10-17 22:48:09
10:51:07,10.26,0.0,3,3078,卖盘,600078,2025-10-17 22:48:09
10:51:10,10.26,0.0,1,1026,卖盘,600078,2025-10-17 22:48:09
10:51:13,10.26,0.0,13,13338,卖盘,600078,2025-10-17 22:48:09
10:51:16,10.26,0.0,5,5130,卖盘,600078,2025-10-17 22:48:09
10:51:19,10.26,0.0,3,3078,卖盘,600078,2025-10-17 22:48:09
10:51:22,10.26,0.0,41,42066,卖盘,600078,2025-10-17 22:48:09
10:51:25,10.26,0.0,58,59508,卖盘,600078,2025-10-17 22:48:09
10:51:28,10.26,0.0,13,13338,卖盘,600078,2025-10-17 22:48:09
10:51:31,10.26,0.0,56,57456,卖盘,600078,2025-10-17 22:48:09
10:51:34,10.26,0.0,17,17442,卖盘,600078,2025-10-17 22:48:09
10:51:37,10.26,0.0,20,20520,卖盘,600078,2025-10-17 22:48:09
10:51:40,10.26,0.0,78,80028,卖盘,600078,2025-10-17 22:48:09
10:51:43,10.26,0.0,27,27702,卖盘,600078,2025-10-17 22:48:09
10:51:46,10.26,0.0,81,83106,卖盘,600078,2025-10-17 22:48:09
10:51:49,10.26,0.0,30,30780,卖盘,600078,2025-10-17 22:48:09
10:51:52,10.26,0.0,7,7182,卖盘,600078,2025-10-17 22:48:09
10:51:55,10.26,0.0,1,1026,卖盘,600078,2025-10-17 22:48:09
10:51:58,10.26,0.0,6,6156,卖盘,600078,2025-10-17 22:48:09
10:52:04,10.26,0.0,10,10260,卖盘,600078,2025-10-17 22:48:09
10:52:07,10.26,0.0,108,110808,卖盘,600078,2025-10-17 22:48:09
10:52:10,10.26,0.0,43,44118,卖盘,600078,2025-10-17 22:48:09
10:52:13,10.26,0.0,6,6156,卖盘,600078,2025-10-17 22:48:09
10:52:16,10.26,0.0,8,8208,卖盘,600078,2025-10-17 22:48:09
10:52:19,10.26,0.0,5,5130,卖盘,600078,2025-10-17 22:48:09
10:52:22,10.26,0.0,38,38988,卖盘,600078,2025-10-17 22:48:09
10:52:25,10.26,0.0,26,26676,卖盘,600078,2025-10-17 22:48:09
10:52:28,10.26,0.0,12,12312,卖盘,600078,2025-10-17 22:48:09
10:52:31,10.26,0.0,5,5130,卖盘,600078,2025-10-17 22:48:09
10:52:37,10.26,0.0,39,40014,卖盘,600078,2025-10-17 22:48:09
10:52:40,10.26,0.0,2,2052,卖盘,600078,2025-10-17 22:48:09
10:52:43,10.26,0.0,11,11286,卖盘,600078,2025-10-17 22:48:09
10:52:46,10.26,0.0,70,71820,卖盘,600078,2025-10-17 22:48:09
10:52:49,10.26,0.0,7,7182,卖盘,600078,2025-10-17 22:48:09
10:52:55,10.26,0.0,43,44118,卖盘,600078,2025-10-17 22:48:09
10:52:58,10.26,0.0,86,88236,卖盘,600078,2025-10-17 22:48:09
10:53:01,10.26,0.0,5,5130,卖盘,600078,2025-10-17 22:48:09
10:53:04,10.26,0.0,765,784890,卖盘,600078,2025-10-17 22:48:09
10:53:07,10.26,0.0,209,214434,卖盘,600078,2025-10-17 22:48:09
10:53:10,10.26,0.0,102,104652,卖盘,600078,2025-10-17 22:48:09
10:53:13,10.26,0.0,49,50274,卖盘,600078,2025-10-17 22:48:09
10:53:16,10.26,0.0,205,210330,卖盘,600078,2025-10-17 22:48:09
10:53:19,10.26,0.0,70,71820,卖盘,600078,2025-10-17 22:48:09
10:53:22,10.26,0.0,9,9234,卖盘,600078,2025-10-17 22:48:09
10:53:25,10.26,0.0,283,290358,卖盘,600078,2025-10-17 22:48:09
10:53:28,10.26,0.0,14,14364,卖盘,600078,2025-10-17 22:48:09
10:53:31,10.26,0.0,102,104652,卖盘,600078,2025-10-17 22:48:09
10:53:34,10.26,0.0,374,383724,卖盘,600078,2025-10-17 22:48:09
10:53:37,10.26,0.0,72,73872,卖盘,600078,2025-10-17 22:48:09
10:53:40,10.26,0.0,34,34884,卖盘,600078,2025-10-17 22:48:09
10:53:43,10.26,0.0,358,367308,卖盘,600078,2025-10-17 22:48:09
10:53:46,10.26,0.0,491,503766,卖盘,600078,2025-10-17 22:48:09
