时间,成交价,价格变动,成交量,成交额,买卖盘性质,股票代码,采集时间
09:25:01,20.3,0.0,28481,57816633,卖盘,600089,2025-10-17 22:56:01
09:30:01,20.33,0.03,998,2025868,买盘,600089,2025-10-17 22:56:01
09:30:04,20.31,-0.02,13392,27204946,卖盘,600089,2025-10-17 22:56:01
09:30:07,20.35,0.04,13653,27727580,买盘,600089,2025-10-17 22:56:01
09:30:10,20.32,-0.03,9883,20092313,卖盘,600089,2025-10-17 22:56:01
09:30:13,20.34,0.02,10499,21306376,买盘,600089,2025-10-17 22:56:01
09:30:16,20.33,-0.01,5945,12079215,卖盘,600089,2025-10-17 22:56:01
09:30:19,20.28,-0.05,12888,26190447,卖盘,600089,2025-10-17 22:56:01
09:30:22,20.28,0.0,8769,17787199,买盘,600089,2025-10-17 22:56:01
09:30:25,20.23,-0.05,7066,14304860,卖盘,600089,2025-10-17 22:56:01
09:30:28,20.2,-0.03,5052,10220254,卖盘,600089,2025-10-17 22:56:01
09:30:31,20.16,-0.04,3482,7022861,卖盘,600089,2025-10-17 22:56:01
09:30:34,20.12,-0.04,2726,5489155,卖盘,600089,2025-10-17 22:56:01
09:30:37,20.08,-0.04,3479,6989549,卖盘,600089,2025-10-17 22:56:01
09:30:40,20.03,-0.05,3121,6257353,卖盘,600089,2025-10-17 22:56:01
09:30:43,20.02,-0.01,1703,3408785,卖盘,600089,2025-10-17 22:56:01
09:30:46,19.97,-0.05,3939,7878124,卖盘,600089,2025-10-17 22:56:01
09:30:49,19.95,-0.02,687,1371481,卖盘,600089,2025-10-17 22:56:01
09:30:52,19.9,-0.05,2463,4907333,卖盘,600089,2025-10-17 22:56:01
09:30:55,19.93,0.03,4783,9534254,买盘,600089,2025-10-17 22:56:01
09:30:58,19.99,0.06,5784,11536925,买盘,600089,2025-10-17 22:56:01
09:31:01,19.89,-0.1,2857,5691872,卖盘,600089,2025-10-17 22:56:01
09:31:04,19.92,0.03,2646,5268227,买盘,600089,2025-10-17 22:56:01
09:31:07,19.92,0.0,1640,3268340,卖盘,600089,2025-10-17 22:56:01
09:31:10,19.91,-0.01,2083,4148298,卖盘,600089,2025-10-17 22:56:01
09:31:13,19.91,0.0,3196,6361539,买盘,600089,2025-10-17 22:56:01
09:31:16,19.9,-0.01,4300,8556065,卖盘,600089,2025-10-17 22:56:01
09:31:19,19.91,0.01,1552,3089276,卖盘,600089,2025-10-17 22:56:01
09:31:22,19.92,0.01,2015,4013784,买盘,600089,2025-10-17 22:56:01
09:31:25,19.91,-0.01,4575,9107721,卖盘,600089,2025-10-17 22:56:01
09:31:28,19.9,-0.01,3826,7617285,卖盘,600089,2025-10-17 22:56:01
09:31:31,19.93,0.03,964,1920589,中性盘,600089,2025-10-17 22:56:01
09:31:34,19.94,0.01,1485,2959839,买盘,600089,2025-10-17 22:56:01
09:31:37,19.93,-0.01,1384,2756652,中性盘,600089,2025-10-17 22:56:01
09:31:40,19.94,0.01,2466,4913402,买盘,600089,2025-10-17 22:56:01
09:31:43,19.94,0.0,1293,2577677,卖盘,600089,2025-10-17 22:56:01
09:31:46,19.93,-0.01,4660,9290091,卖盘,600089,2025-10-17 22:56:01
09:31:49,19.92,-0.01,1313,2615335,卖盘,600089,2025-10-17 22:56:01
09:31:52,19.89,-0.03,5961,11864511,卖盘,600089,2025-10-17 22:56:01
09:31:55,19.85,-0.04,4029,8005323,卖盘,600089,2025-10-17 22:56:01
09:31:58,19.81,-0.04,3730,7391968,卖盘,600089,2025-10-17 22:56:01
09:32:01,19.78,-0.03,6153,12169999,卖盘,600089,2025-10-17 22:56:01
09:32:04,19.85,0.07,5763,11418768,买盘,600089,2025-10-17 22:56:01
09:32:07,19.82,-0.03,1512,2998591,卖盘,600089,2025-10-17 22:56:01
09:32:10,19.84,0.02,1899,3764269,中性盘,600089,2025-10-17 22:56:01
09:32:13,19.8,-0.04,4360,8635673,卖盘,600089,2025-10-17 22:56:01
09:32:16,19.83,0.03,3818,7578821,买盘,600089,2025-10-17 22:56:01
09:32:19,19.84,0.01,664,1318440,卖盘,600089,2025-10-17 22:56:01
09:32:22,19.84,0.0,1822,3613608,卖盘,600089,2025-10-17 22:56:01
09:32:25,19.83,-0.01,1509,2992672,中性盘,600089,2025-10-17 22:56:01
09:32:28,19.84,0.01,1117,2215020,买盘,600089,2025-10-17 22:56:01
09:32:31,19.83,-0.01,1947,3861182,卖盘,600089,2025-10-17 22:56:01
09:32:34,19.84,0.01,2756,5463275,中性盘,600089,2025-10-17 22:56:01
09:32:37,19.8,-0.04,9029,17872650,卖盘,600089,2025-10-17 22:56:01
09:32:40,19.79,-0.01,2769,5475505,中性盘,600089,2025-10-17 22:56:01
09:32:43,19.75,-0.04,2175,4299449,卖盘,600089,2025-10-17 22:56:01
09:32:46,19.78,0.03,1988,3925770,买盘,600089,2025-10-17 22:56:01
09:32:49,19.83,0.05,6708,13271033,买盘,600089,2025-10-17 22:56:01
09:32:52,19.85,0.02,3235,6419349,买盘,600089,2025-10-17 22:56:01
09:32:55,19.9,0.05,2720,5399274,买盘,600089,2025-10-17 22:56:01
09:32:58,19.89,-0.01,628,1248726,卖盘,600089,2025-10-17 22:56:01
09:33:01,19.94,0.05,2120,4218322,买盘,600089,2025-10-17 22:56:01
09:33:04,19.92,-0.02,1191,2373699,卖盘,600089,2025-10-17 22:56:01
09:33:07,19.95,0.03,610,1217451,买盘,600089,2025-10-17 22:56:01
09:33:10,19.98,0.03,959,1914520,买盘,600089,2025-10-17 22:56:01
09:33:13,19.98,0.0,991,1978663,卖盘,600089,2025-10-17 22:56:01
09:33:16,19.98,0.0,1759,3514316,买盘,600089,2025-10-17 22:56:01
09:33:19,19.99,0.01,993,1984446,买盘,600089,2025-10-17 22:56:01
09:33:22,20.0,0.01,495,989710,买盘,600089,2025-10-17 22:56:01
09:33:25,19.97,-0.03,2981,5956238,卖盘,600089,2025-10-17 22:56:01
09:33:28,19.97,0.0,1097,2190998,买盘,600089,2025-10-17 22:56:01
09:33:31,19.96,-0.01,959,1914516,买盘,600089,2025-10-17 22:56:01
09:33:34,19.95,-0.01,623,1243085,卖盘,600089,2025-10-17 22:56:01
09:33:37,19.95,0.0,842,1679617,买盘,600089,2025-10-17 22:56:01
09:33:40,19.95,0.0,1129,2251666,买盘,600089,2025-10-17 22:56:01
09:33:43,19.92,-0.03,918,1830275,卖盘,600089,2025-10-17 22:56:01
09:33:46,19.95,0.03,1141,2276491,买盘,600089,2025-10-17 22:56:01
09:33:49,19.97,0.02,596,1189424,买盘,600089,2025-10-17 22:56:01
09:33:52,19.99,0.02,4749,9469845,买盘,600089,2025-10-17 22:56:01
09:33:55,19.98,-0.01,879,1755669,卖盘,600089,2025-10-17 22:56:01
09:33:58,19.99,0.01,235,469818,中性盘,600089,2025-10-17 22:56:01
09:34:01,20.03,0.04,580,1160274,买盘,600089,2025-10-17 22:56:01
09:34:04,20.03,0.0,591,1182670,买盘,600089,2025-10-17 22:56:01
09:34:07,19.99,-0.04,2379,4757782,卖盘,600089,2025-10-17 22:56:01
09:34:10,20.0,0.01,1283,2564357,买盘,600089,2025-10-17 22:56:01
09:34:13,20.0,0.0,677,1353846,买盘,600089,2025-10-17 22:56:01
09:34:16,20.0,0.0,245,490203,卖盘,600089,2025-10-17 22:56:01
09:34:19,20.0,0.0,2427,4854223,卖盘,600089,2025-10-17 22:56:01
09:34:22,20.0,0.0,345,690010,买盘,600089,2025-10-17 22:56:01
09:34:25,19.99,-0.01,440,879654,卖盘,600089,2025-10-17 22:56:01
09:34:28,19.97,-0.02,1633,3263519,卖盘,600089,2025-10-17 22:56:01
09:34:31,19.95,-0.02,1041,2078348,卖盘,600089,2025-10-17 22:56:01
09:34:34,19.95,0.0,566,1128768,买盘,600089,2025-10-17 22:56:01
09:34:37,19.91,-0.04,5810,11575105,卖盘,600089,2025-10-17 22:56:01
09:34:40,19.92,0.01,1207,2404892,买盘,600089,2025-10-17 22:56:01
09:34:43,19.94,0.02,792,1578741,买盘,600089,2025-10-17 22:56:01
09:34:46,19.92,-0.02,1441,2870205,卖盘,600089,2025-10-17 22:56:01
09:34:49,19.94,0.02,1261,2511960,买盘,600089,2025-10-17 22:56:01
09:34:52,19.92,-0.02,1271,2532875,卖盘,600089,2025-10-17 22:56:01
09:34:55,19.94,0.02,2895,5773709,买盘,600089,2025-10-17 22:56:01
09:34:58,19.96,0.02,399,796525,中性盘,600089,2025-10-17 22:56:01
09:35:01,19.94,-0.02,708,1412117,卖盘,600089,2025-10-17 22:56:01
09:35:04,19.96,0.02,157,313260,买盘,600089,2025-10-17 22:56:01
09:35:07,19.95,-0.01,963,1919953,中性盘,600089,2025-10-17 22:56:01
09:35:10,19.94,-0.01,483,962923,买盘,600089,2025-10-17 22:56:01
09:35:13,19.92,-0.02,2401,4781606,卖盘,600089,2025-10-17 22:56:01
09:35:16,19.92,0.0,985,1961634,买盘,600089,2025-10-17 22:56:01
09:35:19,19.91,-0.01,5135,10221693,卖盘,600089,2025-10-17 22:56:01
09:35:22,19.91,0.0,1209,2406664,买盘,600089,2025-10-17 22:56:01
09:35:25,19.91,0.0,1598,3182184,卖盘,600089,2025-10-17 22:56:01
09:35:28,19.9,-0.01,2500,4975356,卖盘,600089,2025-10-17 22:56:01
09:35:31,19.91,0.01,180,358172,买盘,600089,2025-10-17 22:56:01
09:35:34,19.9,-0.01,620,1233581,卖盘,600089,2025-10-17 22:56:01
09:35:37,19.89,-0.01,264,525349,卖盘,600089,2025-10-17 22:56:01
09:35:40,19.89,0.0,1758,3498095,卖盘,600089,2025-10-17 22:56:01
09:35:43,19.89,0.0,2536,5046427,卖盘,600089,2025-10-17 22:56:01
09:35:46,19.91,0.02,745,1482682,买盘,600089,2025-10-17 22:56:01
09:35:49,19.9,-0.01,732,1457409,卖盘,600089,2025-10-17 22:56:01
09:35:52,19.93,0.03,689,1372153,买盘,600089,2025-10-17 22:56:01
09:35:55,19.92,-0.01,299,595754,卖盘,600089,2025-10-17 22:56:01
09:35:58,19.92,0.0,359,715146,卖盘,600089,2025-10-17 22:56:01
09:36:01,19.94,0.02,2373,4729151,买盘,600089,2025-10-17 22:56:01
09:36:04,20.0,0.06,3128,6248098,买盘,600089,2025-10-17 22:56:01
09:36:07,19.99,-0.01,2149,4294368,卖盘,600089,2025-10-17 22:56:01
09:36:10,19.99,0.0,385,769539,卖盘,600089,2025-10-17 22:56:01
09:36:13,19.98,-0.01,287,573276,中性盘,600089,2025-10-17 22:56:01
09:36:16,19.96,-0.02,620,1237757,卖盘,600089,2025-10-17 22:56:01
09:36:19,19.95,-0.01,420,837785,卖盘,600089,2025-10-17 22:56:01
09:36:22,19.96,0.01,383,764358,买盘,600089,2025-10-17 22:56:01
09:36:25,19.95,-0.01,211,420930,中性盘,600089,2025-10-17 22:56:01
09:36:28,19.96,0.01,360,717994,买盘,600089,2025-10-17 22:56:01
09:36:31,19.95,-0.01,400,798234,中性盘,600089,2025-10-17 22:56:01
09:36:34,19.96,0.01,204,407209,买盘,600089,2025-10-17 22:56:01
09:36:37,19.96,0.0,379,756398,买盘,600089,2025-10-17 22:56:01
09:36:40,19.99,0.03,1534,3065768,买盘,600089,2025-10-17 22:56:01
09:36:43,19.99,0.0,165,329565,买盘,600089,2025-10-17 22:56:01
09:36:46,19.99,0.0,165,329725,买盘,600089,2025-10-17 22:56:01
09:36:49,19.99,0.0,280,559784,卖盘,600089,2025-10-17 22:56:01
09:36:52,19.99,0.0,733,1465492,卖盘,600089,2025-10-17 22:56:01
09:36:55,19.99,0.0,1780,3558010,买盘,600089,2025-10-17 22:56:01
09:36:58,20.0,0.01,428,855737,买盘,600089,2025-10-17 22:56:01
09:37:01,20.0,0.0,1335,2669220,买盘,600089,2025-10-17 22:56:01
09:37:04,19.98,-0.02,1565,3127003,卖盘,600089,2025-10-17 22:56:01
09:37:07,19.99,0.01,328,655615,买盘,600089,2025-10-17 22:56:01
09:37:10,19.99,0.0,697,1393593,卖盘,600089,2025-10-17 22:56:01
09:37:13,19.98,-0.01,222,443741,卖盘,600089,2025-10-17 22:56:01
09:37:16,19.99,0.01,371,741515,买盘,600089,2025-10-17 22:56:01
09:37:19,20.0,0.01,301,602339,买盘,600089,2025-10-17 22:56:01
09:37:22,19.99,-0.01,313,625554,卖盘,600089,2025-10-17 22:56:01
09:37:25,19.99,0.0,880,1759153,卖盘,600089,2025-10-17 22:56:01
09:37:28,20.0,0.01,374,747852,买盘,600089,2025-10-17 22:56:01
09:37:31,20.0,0.0,336,672015,卖盘,600089,2025-10-17 22:56:01
09:37:34,20.01,0.01,666,1332479,买盘,600089,2025-10-17 22:56:01
09:37:37,20.02,0.01,430,860497,买盘,600089,2025-10-17 22:56:01
09:37:40,20.02,0.0,762,1525111,买盘,600089,2025-10-17 22:56:01
09:37:43,20.03,0.01,1203,2408523,买盘,600089,2025-10-17 22:56:01
09:37:46,20.05,0.02,443,887324,买盘,600089,2025-10-17 22:56:01
09:37:49,20.05,0.0,2125,4261028,买盘,600089,2025-10-17 22:56:01
09:37:52,20.08,0.03,1204,2415769,买盘,600089,2025-10-17 22:56:01
09:37:55,20.09,0.01,657,1317945,买盘,600089,2025-10-17 22:56:01
09:37:58,20.08,-0.01,844,1694975,卖盘,600089,2025-10-17 22:56:01
09:38:01,20.04,-0.04,2105,4223251,卖盘,600089,2025-10-17 22:56:01
09:38:04,20.02,-0.02,1531,3063881,卖盘,600089,2025-10-17 22:56:01
09:38:07,20.01,-0.01,1494,2988967,中性盘,600089,2025-10-17 22:56:01
09:38:10,20.02,0.01,459,918202,买盘,600089,2025-10-17 22:56:01
09:38:13,20.01,-0.01,668,1336503,中性盘,600089,2025-10-17 22:56:01
09:38:16,20.0,-0.01,949,1898251,卖盘,600089,2025-10-17 22:56:01
09:38:19,19.99,-0.01,1047,2092102,卖盘,600089,2025-10-17 22:56:01
09:38:22,19.99,0.0,551,1101701,卖盘,600089,2025-10-17 22:56:01
09:38:25,19.99,0.0,244,487666,买盘,600089,2025-10-17 22:56:01
09:38:28,19.98,-0.01,473,945187,中性盘,600089,2025-10-17 22:56:01
09:38:31,19.97,-0.01,656,1310323,卖盘,600089,2025-10-17 22:56:01
09:38:34,19.97,0.0,177,353521,买盘,600089,2025-10-17 22:56:01
09:38:37,19.97,0.0,900,1796639,买盘,600089,2025-10-17 22:56:01
09:38:40,19.95,-0.02,1665,3321607,卖盘,600089,2025-10-17 22:56:01
09:38:43,19.95,0.0,188,374959,买盘,600089,2025-10-17 22:56:01
09:38:46,19.92,-0.03,657,1309334,卖盘,600089,2025-10-17 22:56:01
09:38:49,19.92,0.0,1832,3646513,买盘,600089,2025-10-17 22:56:01
09:38:52,19.9,-0.02,389,774190,卖盘,600089,2025-10-17 22:56:01
09:38:55,19.9,0.0,338,672673,卖盘,600089,2025-10-17 22:56:01
09:38:58,19.91,0.01,4256,8477868,买盘,600089,2025-10-17 22:56:01
09:39:01,19.92,0.01,853,1697966,中性盘,600089,2025-10-17 22:56:01
09:39:04,19.91,-0.01,262,521648,中性盘,600089,2025-10-17 22:56:01
09:39:07,19.91,0.0,837,1665844,买盘,600089,2025-10-17 22:56:01
09:39:10,19.92,0.01,750,1492950,买盘,600089,2025-10-17 22:56:01
09:39:13,19.91,-0.01,1442,2869921,卖盘,600089,2025-10-17 22:56:01
09:39:16,19.91,0.0,1046,2082935,买盘,600089,2025-10-17 22:56:01
09:39:19,19.91,0.0,571,1136680,买盘,600089,2025-10-17 22:56:01
09:39:22,19.9,-0.01,755,1502658,卖盘,600089,2025-10-17 22:56:01
09:39:25,19.9,0.0,344,684583,卖盘,600089,2025-10-17 22:56:01
09:39:28,19.91,0.01,431,857768,买盘,600089,2025-10-17 22:56:01
09:39:31,19.9,-0.01,215,427856,买盘,600089,2025-10-17 22:56:01
09:39:34,19.88,-0.02,786,1563554,卖盘,600089,2025-10-17 22:56:01
09:39:37,19.9,0.02,1826,3631763,买盘,600089,2025-10-17 22:56:01
09:39:40,19.91,0.01,806,1604713,买盘,600089,2025-10-17 22:56:01
09:39:43,19.91,0.0,226,449824,卖盘,600089,2025-10-17 22:56:01
09:39:46,19.91,0.0,472,939556,买盘,600089,2025-10-17 22:56:01
09:39:49,19.91,0.0,222,441854,买盘,600089,2025-10-17 22:56:01
09:39:52,19.91,0.0,539,1072662,买盘,600089,2025-10-17 22:56:01
09:39:55,19.9,-0.01,515,1024904,卖盘,600089,2025-10-17 22:56:01
09:39:58,19.93,0.03,1111,2213560,买盘,600089,2025-10-17 22:56:01
09:40:01,19.92,-0.01,1327,2642281,卖盘,600089,2025-10-17 22:56:01
09:40:04,19.91,-0.01,896,1784008,卖盘,600089,2025-10-17 22:56:01
09:40:07,19.91,0.0,2010,3999980,买盘,600089,2025-10-17 22:56:01
09:40:10,19.9,-0.01,1407,2798836,买盘,600089,2025-10-17 22:56:01
09:40:13,19.88,-0.02,446,887214,卖盘,600089,2025-10-17 22:56:01
09:40:16,19.87,-0.01,3062,6087886,卖盘,600089,2025-10-17 22:56:01
09:40:19,19.85,-0.02,2197,4362688,卖盘,600089,2025-10-17 22:56:01
09:40:22,19.85,0.0,1343,2665434,卖盘,600089,2025-10-17 22:56:01
09:40:25,19.82,-0.03,293,581109,卖盘,600089,2025-10-17 22:56:01
09:40:28,19.82,0.0,5517,10926299,卖盘,600089,2025-10-17 22:56:01
09:40:31,19.81,-0.01,3620,7168083,中性盘,600089,2025-10-17 22:56:01
09:40:34,19.8,-0.01,1637,3241413,卖盘,600089,2025-10-17 22:56:01
09:40:37,19.82,0.02,4993,9893150,买盘,600089,2025-10-17 22:56:01
09:40:40,19.81,-0.01,2190,4337719,卖盘,600089,2025-10-17 22:56:01
09:40:43,19.82,0.01,719,1424509,中性盘,600089,2025-10-17 22:56:01
09:40:46,19.81,-0.01,927,1836750,卖盘,600089,2025-10-17 22:56:01
09:40:49,19.82,0.01,1018,2017436,中性盘,600089,2025-10-17 22:56:01
09:40:52,19.82,0.0,793,1571313,买盘,600089,2025-10-17 22:56:01
09:40:55,19.82,0.0,2116,4192194,卖盘,600089,2025-10-17 22:56:01
09:40:58,19.82,0.0,693,1373472,卖盘,600089,2025-10-17 22:56:01
09:41:01,19.82,0.0,1157,2293907,卖盘,600089,2025-10-17 22:56:01
09:41:04,19.81,-0.01,1309,2593824,卖盘,600089,2025-10-17 22:56:01
09:41:07,19.81,0.0,1013,2007063,卖盘,600089,2025-10-17 22:56:01
09:41:10,19.81,0.0,2480,4912907,卖盘,600089,2025-10-17 22:56:01
09:41:13,19.8,-0.01,571,1130872,卖盘,600089,2025-10-17 22:56:01
09:41:16,19.79,-0.01,3603,7133073,卖盘,600089,2025-10-17 22:56:01
09:41:19,19.78,-0.01,3254,6437324,卖盘,600089,2025-10-17 22:56:01
09:41:22,19.77,-0.01,1031,2038413,卖盘,600089,2025-10-17 22:56:01
09:41:25,19.76,-0.01,943,1863551,卖盘,600089,2025-10-17 22:56:01
09:41:28,19.76,0.0,2277,4499638,卖盘,600089,2025-10-17 22:56:01
09:41:31,19.75,-0.01,1841,3636561,卖盘,600089,2025-10-17 22:56:01
09:41:34,19.75,0.0,1952,3855180,卖盘,600089,2025-10-17 22:56:01
09:41:37,19.73,-0.02,2888,5699007,卖盘,600089,2025-10-17 22:56:01
09:41:40,19.72,-0.01,924,1823108,卖盘,600089,2025-10-17 22:56:01
09:41:43,19.73,0.01,1586,3127895,中性盘,600089,2025-10-17 22:56:01
09:41:46,19.72,-0.01,6253,12324070,卖盘,600089,2025-10-17 22:56:01
09:41:49,19.7,-0.02,1613,3179500,卖盘,600089,2025-10-17 22:56:01
09:41:52,19.7,0.0,1980,3901577,卖盘,600089,2025-10-17 22:56:01
09:41:55,19.69,-0.01,2621,5163025,卖盘,600089,2025-10-17 22:56:01
09:41:58,19.7,0.01,1390,2737840,买盘,600089,2025-10-17 22:56:01
09:42:01,19.69,-0.01,4371,8606219,卖盘,600089,2025-10-17 22:56:01
09:42:04,19.68,-0.01,1983,3903132,卖盘,600089,2025-10-17 22:56:01
09:42:07,19.67,-0.01,1248,2456307,卖盘,600089,2025-10-17 22:56:01
09:42:10,19.68,0.01,1583,3114177,买盘,600089,2025-10-17 22:56:01
09:42:13,19.68,0.0,1720,3383679,买盘,600089,2025-10-17 22:56:01
09:42:16,19.72,0.04,7121,14027406,买盘,600089,2025-10-17 22:56:01
09:42:19,19.72,0.0,1185,2336705,买盘,600089,2025-10-17 22:56:01
09:42:22,19.74,0.02,1856,3657558,买盘,600089,2025-10-17 22:56:01
09:42:25,19.73,-0.01,869,1713909,买盘,600089,2025-10-17 22:56:01
09:42:28,19.73,0.0,845,1667082,买盘,600089,2025-10-17 22:56:01
09:42:31,19.74,0.01,610,1203533,买盘,600089,2025-10-17 22:56:01
09:42:34,19.74,0.0,1355,2674264,买盘,600089,2025-10-17 22:56:01
09:42:37,19.75,0.01,325,640854,买盘,600089,2025-10-17 22:56:01
09:42:40,19.76,0.01,496,978772,买盘,600089,2025-10-17 22:56:01
09:42:43,19.75,-0.01,326,643925,卖盘,600089,2025-10-17 22:56:01
09:42:46,19.74,-0.01,2095,4138020,卖盘,600089,2025-10-17 22:56:01
09:42:49,19.73,-0.01,1644,3244810,卖盘,600089,2025-10-17 22:56:01
09:42:52,19.72,-0.01,1285,2534190,卖盘,600089,2025-10-17 22:56:01
09:42:55,19.72,0.0,572,1127930,卖盘,600089,2025-10-17 22:56:01
09:42:58,19.72,0.0,810,1596985,买盘,600089,2025-10-17 22:56:01
09:43:01,19.7,-0.02,2310,4551340,卖盘,600089,2025-10-17 22:56:01
09:43:04,19.69,-0.01,1539,3030360,卖盘,600089,2025-10-17 22:56:01
09:43:07,19.68,-0.01,697,1371916,卖盘,600089,2025-10-17 22:56:01
09:43:10,19.67,-0.01,1707,3359268,卖盘,600089,2025-10-17 22:56:01
09:43:13,19.67,0.0,1494,2939195,卖盘,600089,2025-10-17 22:56:01
09:43:16,19.67,0.0,2458,4835090,卖盘,600089,2025-10-17 22:56:01
09:43:19,19.67,0.0,1985,3903786,买盘,600089,2025-10-17 22:56:01
09:43:22,19.67,0.0,2670,5250231,买盘,600089,2025-10-17 22:56:01
09:43:25,19.67,0.0,1822,3582133,买盘,600089,2025-10-17 22:56:01
09:43:28,19.66,-0.01,1677,3296819,卖盘,600089,2025-10-17 22:56:01
09:43:31,19.66,0.0,3211,6309702,买盘,600089,2025-10-17 22:56:01
09:43:34,19.65,-0.01,1165,2289270,中性盘,600089,2025-10-17 22:56:01
09:43:37,19.64,-0.01,2906,5710843,卖盘,600089,2025-10-17 22:56:01
09:43:40,19.65,0.01,3827,7517295,中性盘,600089,2025-10-17 22:56:01
09:43:43,19.64,-0.01,2065,4054271,卖盘,600089,2025-10-17 22:56:01
09:43:46,19.64,0.0,1282,2516761,买盘,600089,2025-10-17 22:56:01
09:43:49,19.63,-0.01,2109,4142245,卖盘,600089,2025-10-17 22:56:01
09:43:52,19.62,-0.01,1136,2230082,卖盘,600089,2025-10-17 22:56:01
09:43:55,19.62,0.0,3962,7773533,卖盘,600089,2025-10-17 22:56:01
09:43:58,19.61,-0.01,2692,5279548,卖盘,600089,2025-10-17 22:56:01
09:44:01,19.63,0.02,5449,10691900,买盘,600089,2025-10-17 22:56:01
09:44:04,19.64,0.01,1535,3012425,买盘,600089,2025-10-17 22:56:01
09:44:07,19.64,0.0,1187,2331616,卖盘,600089,2025-10-17 22:56:01
09:44:10,19.65,0.01,1107,2175991,中性盘,600089,2025-10-17 22:56:01
09:44:13,19.65,0.0,3049,5987862,卖盘,600089,2025-10-17 22:56:01
09:44:16,19.66,0.01,1223,2402912,买盘,600089,2025-10-17 22:56:01
09:44:19,19.65,-0.01,2441,4793324,卖盘,600089,2025-10-17 22:56:01
09:44:22,19.64,-0.01,769,1509971,中性盘,600089,2025-10-17 22:56:01
09:44:25,19.64,0.0,895,1757036,买盘,600089,2025-10-17 22:56:01
09:44:28,19.63,-0.01,926,1817855,中性盘,600089,2025-10-17 22:56:01
09:44:31,19.64,0.01,1888,3708726,买盘,600089,2025-10-17 22:56:01
09:44:34,19.62,-0.02,2068,4059476,卖盘,600089,2025-10-17 22:56:01
09:44:37,19.64,0.02,743,1458672,买盘,600089,2025-10-17 22:56:01
09:44:40,19.62,-0.02,2707,5309920,卖盘,600089,2025-10-17 22:56:01
09:44:43,19.62,0.0,845,1657535,买盘,600089,2025-10-17 22:56:01
09:44:46,19.61,-0.01,1134,2223736,卖盘,600089,2025-10-17 22:56:01
09:44:49,19.6,-0.01,894,1752775,卖盘,600089,2025-10-17 22:56:01
09:44:52,19.58,-0.02,7102,13918445,卖盘,600089,2025-10-17 22:56:01
09:44:55,19.59,0.01,770,1508022,中性盘,600089,2025-10-17 22:56:01
09:44:58,19.58,-0.01,2172,4253093,卖盘,600089,2025-10-17 22:56:01
09:45:01,19.6,0.02,2401,4701415,买盘,600089,2025-10-17 22:56:01
09:45:04,19.59,-0.01,2716,5318374,中性盘,600089,2025-10-17 22:56:01
09:45:07,19.6,0.01,4529,8873043,买盘,600089,2025-10-17 22:56:01
09:45:10,19.6,0.0,1828,3581543,卖盘,600089,2025-10-17 22:56:01
09:45:13,19.6,0.0,973,1906809,卖盘,600089,2025-10-17 22:56:01
09:45:16,19.6,0.0,2338,4581899,卖盘,600089,2025-10-17 22:56:01
09:45:19,19.6,0.0,771,1511553,卖盘,600089,2025-10-17 22:56:01
09:45:22,19.6,0.0,2029,3975821,卖盘,600089,2025-10-17 22:56:01
09:45:25,19.59,-0.01,739,1448050,卖盘,600089,2025-10-17 22:56:01
09:45:28,19.59,0.0,2343,4588627,买盘,600089,2025-10-17 22:56:01
09:45:31,19.59,0.0,1075,2105837,卖盘,600089,2025-10-17 22:56:01
09:45:34,19.58,-0.01,1750,3426379,卖盘,600089,2025-10-17 22:56:01
09:45:37,19.6,0.02,2815,5514419,买盘,600089,2025-10-17 22:56:01
09:45:40,19.59,-0.01,3617,7079252,卖盘,600089,2025-10-17 22:56:01
09:45:43,19.59,0.0,1227,2402936,买盘,600089,2025-10-17 22:56:01
09:45:46,19.58,-0.01,1216,2380822,卖盘,600089,2025-10-17 22:56:01
09:45:49,19.58,0.0,776,1519214,买盘,600089,2025-10-17 22:56:01
09:45:52,19.57,-0.01,1657,3243695,卖盘,600089,2025-10-17 22:56:01
09:45:55,19.57,0.0,577,1129843,买盘,600089,2025-10-17 22:56:01
09:45:58,19.57,0.0,2066,4043330,卖盘,600089,2025-10-17 22:56:01
09:46:01,19.56,-0.01,858,1679439,卖盘,600089,2025-10-17 22:56:01
09:46:04,19.57,0.01,781,1527560,卖盘,600089,2025-10-17 22:56:01
09:46:07,19.57,0.0,981,1919695,买盘,600089,2025-10-17 22:56:01
09:46:10,19.56,-0.01,1576,3082967,卖盘,600089,2025-10-17 22:56:01
09:46:13,19.56,0.0,822,1608143,买盘,600089,2025-10-17 22:56:01
09:46:16,19.56,0.0,1049,2051164,买盘,600089,2025-10-17 22:56:01
09:46:19,19.55,-0.01,2093,4091590,卖盘,600089,2025-10-17 22:56:01
09:46:22,19.55,0.0,886,1733034,买盘,600089,2025-10-17 22:56:01
09:46:25,19.55,0.0,956,1868574,卖盘,600089,2025-10-17 22:56:01
09:46:28,19.56,0.01,764,1493462,买盘,600089,2025-10-17 22:56:01
09:46:31,19.56,0.0,806,1575959,买盘,600089,2025-10-17 22:56:01
09:46:34,19.56,0.0,964,1885550,卖盘,600089,2025-10-17 22:56:01
09:46:37,19.55,-0.01,2708,5293171,卖盘,600089,2025-10-17 22:56:01
09:46:40,19.54,-0.01,801,1565972,卖盘,600089,2025-10-17 22:56:01
09:46:43,19.54,0.0,725,1417034,卖盘,600089,2025-10-17 22:56:01
09:46:46,19.54,0.0,1058,2067117,买盘,600089,2025-10-17 22:56:01
09:46:49,19.54,0.0,1234,2410940,买盘,600089,2025-10-17 22:56:01
09:46:52,19.53,-0.01,2323,4536472,卖盘,600089,2025-10-17 22:56:01
09:46:55,19.53,0.0,1406,2745653,买盘,600089,2025-10-17 22:56:01
09:46:58,19.53,0.0,1492,2913313,买盘,600089,2025-10-17 22:56:01
09:47:01,19.52,-0.01,1004,1960140,卖盘,600089,2025-10-17 22:56:01
09:47:04,19.54,0.02,2366,4620546,买盘,600089,2025-10-17 22:56:01
09:47:07,19.52,-0.02,1213,2368175,卖盘,600089,2025-10-17 22:56:01
09:47:10,19.53,0.01,534,1041482,买盘,600089,2025-10-17 22:56:01
09:47:13,19.52,-0.01,1684,3285285,卖盘,600089,2025-10-17 22:56:01
09:47:16,19.52,0.0,829,1618125,买盘,600089,2025-10-17 22:56:01
09:47:19,19.52,0.0,1591,3105246,买盘,600089,2025-10-17 22:56:01
09:47:22,19.52,0.0,1020,1991894,卖盘,600089,2025-10-17 22:56:01
09:47:25,19.53,0.01,898,1753018,买盘,600089,2025-10-17 22:56:01
09:47:28,19.53,0.0,776,1515191,买盘,600089,2025-10-17 22:56:01
09:47:31,19.54,0.01,1129,2204344,买盘,600089,2025-10-17 22:56:01
09:47:34,19.54,0.0,1178,2300327,买盘,600089,2025-10-17 22:56:01
09:47:37,19.54,0.0,995,1943790,买盘,600089,2025-10-17 22:56:01
09:47:40,19.55,0.01,1091,2131452,买盘,600089,2025-10-17 22:56:01
09:47:43,19.54,-0.01,962,1879829,卖盘,600089,2025-10-17 22:56:01
09:47:46,19.55,0.01,737,1440443,买盘,600089,2025-10-17 22:56:01
09:47:49,19.55,0.0,784,1532356,买盘,600089,2025-10-17 22:56:01
09:47:52,19.54,-0.01,3269,6383866,卖盘,600089,2025-10-17 22:56:01
09:47:55,19.53,-0.01,1217,2376972,卖盘,600089,2025-10-17 22:56:01
09:47:58,19.54,0.01,3182,6212668,买盘,600089,2025-10-17 22:56:01
09:48:01,19.53,-0.01,507,989819,中性盘,600089,2025-10-17 22:56:01
09:48:04,19.52,-0.01,1301,2540189,卖盘,600089,2025-10-17 22:56:01
09:48:07,19.52,0.0,505,985702,买盘,600089,2025-10-17 22:56:01
09:48:10,19.52,0.0,2569,5013114,买盘,600089,2025-10-17 22:56:01
09:48:13,19.53,0.01,1974,3853917,买盘,600089,2025-10-17 22:56:01
09:48:16,19.52,-0.01,862,1682106,卖盘,600089,2025-10-17 22:56:01
09:48:19,19.53,0.01,1125,2195245,中性盘,600089,2025-10-17 22:56:01
09:48:22,19.52,-0.01,910,1777056,卖盘,600089,2025-10-17 22:56:01
09:48:25,19.53,0.01,542,1058849,中性盘,600089,2025-10-17 22:56:01
09:48:28,19.53,0.0,633,1235982,买盘,600089,2025-10-17 22:56:01
09:48:31,19.53,0.0,538,1049731,买盘,600089,2025-10-17 22:56:01
09:48:34,19.52,-0.01,1645,3212128,卖盘,600089,2025-10-17 22:56:01
09:48:37,19.53,0.01,1402,2736948,买盘,600089,2025-10-17 22:56:01
09:48:40,19.52,-0.01,479,934718,卖盘,600089,2025-10-17 22:56:01
09:48:43,19.52,0.0,1498,2923205,买盘,600089,2025-10-17 22:56:01
09:48:46,19.52,0.0,1139,2222398,买盘,600089,2025-10-17 22:56:01
09:48:49,19.52,0.0,1785,3484361,卖盘,600089,2025-10-17 22:56:01
09:48:52,19.51,-0.01,2080,4059716,卖盘,600089,2025-10-17 22:56:01
09:48:55,19.52,0.01,869,1695918,买盘,600089,2025-10-17 22:56:01
09:48:58,19.51,-0.01,1170,2283126,卖盘,600089,2025-10-17 22:56:01
09:49:01,19.51,0.0,1200,2340919,卖盘,600089,2025-10-17 22:56:01
09:49:04,19.5,-0.01,10523,20521254,卖盘,600089,2025-10-17 22:56:01
09:49:07,19.48,-0.02,2456,4785409,卖盘,600089,2025-10-17 22:56:01
09:49:10,19.46,-0.02,1197,2330151,卖盘,600089,2025-10-17 22:56:01
09:49:13,19.46,0.0,777,1512214,卖盘,600089,2025-10-17 22:56:01
09:49:16,19.46,0.0,1467,2854841,卖盘,600089,2025-10-17 22:56:01
09:49:19,19.44,-0.02,1654,3217159,卖盘,600089,2025-10-17 22:56:01
09:49:22,19.43,-0.01,1576,3063354,卖盘,600089,2025-10-17 22:56:01
09:49:25,19.42,-0.01,2024,3930347,卖盘,600089,2025-10-17 22:56:01
09:49:28,19.42,0.0,1649,3199766,卖盘,600089,2025-10-17 22:56:01
09:49:31,19.42,0.0,7447,14467592,买盘,600089,2025-10-17 22:56:01
09:49:34,19.42,0.0,6493,12617044,卖盘,600089,2025-10-17 22:56:01
09:49:37,19.45,0.03,4426,8596376,中性盘,600089,2025-10-17 22:56:01
09:49:40,19.42,-0.03,1914,3717537,卖盘,600089,2025-10-17 22:56:01
09:49:43,19.43,0.01,820,1594037,买盘,600089,2025-10-17 22:56:01
09:49:46,19.44,0.01,3041,5906248,中性盘,600089,2025-10-17 22:56:01
09:49:49,19.45,0.01,1123,2182157,买盘,600089,2025-10-17 22:56:01
09:49:52,19.44,-0.01,1881,3655094,中性盘,600089,2025-10-17 22:56:01
09:49:55,19.45,0.01,1489,2894294,买盘,600089,2025-10-17 22:56:01
09:49:58,19.45,0.0,3020,5870703,卖盘,600089,2025-10-17 22:56:01
09:50:01,19.45,0.0,1761,3423374,买盘,600089,2025-10-17 22:56:01
09:50:04,19.45,0.0,1075,2090783,买盘,600089,2025-10-17 22:56:01
09:50:07,19.45,0.0,1014,1972238,买盘,600089,2025-10-17 22:56:01
09:50:10,19.46,0.01,1474,2867228,买盘,600089,2025-10-17 22:56:01
09:50:13,19.47,0.01,759,1477400,买盘,600089,2025-10-17 22:56:01
09:50:16,19.48,0.01,702,1366334,买盘,600089,2025-10-17 22:56:01
09:50:19,19.49,0.01,1028,2002233,买盘,600089,2025-10-17 22:56:01
09:50:22,19.48,-0.01,1391,2709427,卖盘,600089,2025-10-17 22:56:01
09:50:25,19.47,-0.01,2040,3973381,卖盘,600089,2025-10-17 22:56:01
09:50:28,19.47,0.0,3275,6373699,买盘,600089,2025-10-17 22:56:01
09:50:31,19.46,-0.01,910,1770899,卖盘,600089,2025-10-17 22:56:01
09:50:34,19.46,0.0,649,1262883,买盘,600089,2025-10-17 22:56:01
09:50:37,19.46,0.0,896,1743312,买盘,600089,2025-10-17 22:56:01
09:50:40,19.45,-0.01,828,1610234,卖盘,600089,2025-10-17 22:56:01
09:50:43,19.44,-0.01,451,877134,卖盘,600089,2025-10-17 22:56:01
09:50:46,19.45,0.01,1231,2394545,买盘,600089,2025-10-17 22:56:01
09:50:49,19.44,-0.01,1049,2039594,卖盘,600089,2025-10-17 22:56:01
09:50:52,19.42,-0.02,7159,13906658,卖盘,600089,2025-10-17 22:56:01
09:50:55,19.41,-0.01,2993,5807381,卖盘,600089,2025-10-17 22:56:01
09:50:58,19.4,-0.01,923,1790883,卖盘,600089,2025-10-17 22:56:01
09:51:01,19.38,-0.02,3316,6429737,卖盘,600089,2025-10-17 22:56:01
09:51:04,19.35,-0.03,3910,7564951,卖盘,600089,2025-10-17 22:56:01
09:51:07,19.33,-0.02,1189,2298842,卖盘,600089,2025-10-17 22:56:01
09:51:10,19.31,-0.02,3148,6082309,卖盘,600089,2025-10-17 22:56:01
09:51:13,19.31,0.0,4545,8775584,卖盘,600089,2025-10-17 22:56:01
09:51:16,19.28,-0.03,5015,9679918,卖盘,600089,2025-10-17 22:56:01
09:51:19,19.3,0.02,2466,4757972,买盘,600089,2025-10-17 22:56:01
09:51:22,19.28,-0.02,10727,20704039,卖盘,600089,2025-10-17 22:56:01
09:51:25,19.28,0.0,4172,8046259,卖盘,600089,2025-10-17 22:56:01
09:51:28,19.28,0.0,2637,5085324,卖盘,600089,2025-10-17 22:56:01
09:51:31,19.28,0.0,2001,3857030,买盘,600089,2025-10-17 22:56:01
09:51:34,19.27,-0.01,3074,5926081,卖盘,600089,2025-10-17 22:56:01
09:51:37,19.27,0.0,2624,5056196,买盘,600089,2025-10-17 22:56:01
09:51:40,19.26,-0.01,4268,8221703,卖盘,600089,2025-10-17 22:56:01
09:51:43,19.26,0.0,3992,7691790,买盘,600089,2025-10-17 22:56:01
09:51:46,19.25,-0.01,4938,9508779,卖盘,600089,2025-10-17 22:56:01
09:51:49,19.25,0.0,2959,5697415,买盘,600089,2025-10-17 22:56:01
09:51:52,19.29,0.04,2744,5286678,买盘,600089,2025-10-17 22:56:01
09:51:55,19.25,-0.04,3234,6233575,卖盘,600089,2025-10-17 22:56:01
09:51:58,19.26,0.01,1735,3342444,买盘,600089,2025-10-17 22:56:01
09:52:01,19.28,0.02,7630,14686748,中性盘,600089,2025-10-17 22:56:01
09:52:04,19.29,0.01,1972,3802316,中性盘,600089,2025-10-17 22:56:01
09:52:07,19.31,0.02,3261,6297918,买盘,600089,2025-10-17 22:56:01
09:52:10,19.31,0.0,1858,3588027,卖盘,600089,2025-10-17 22:56:01
09:52:13,19.32,0.01,411,794526,买盘,600089,2025-10-17 22:56:01
09:52:16,19.33,0.01,2404,4643395,中性盘,600089,2025-10-17 22:56:01
09:52:19,19.33,0.0,872,1686932,卖盘,600089,2025-10-17 22:56:01
09:52:22,19.36,0.03,492,952619,买盘,600089,2025-10-17 22:56:01
09:52:25,19.38,0.02,2166,4193795,买盘,600089,2025-10-17 22:56:01
09:52:28,19.36,-0.02,9483,18304816,卖盘,600089,2025-10-17 22:56:01
09:52:31,19.36,0.0,1692,3275568,买盘,600089,2025-10-17 22:56:01
09:52:34,19.36,0.0,937,1813804,买盘,600089,2025-10-17 22:56:01
09:52:37,19.36,0.0,1446,2799750,买盘,600089,2025-10-17 22:56:01
09:52:40,19.36,0.0,1782,3450134,卖盘,600089,2025-10-17 22:56:01
09:52:43,19.37,0.01,503,974209,买盘,600089,2025-10-17 22:56:01
09:52:46,19.37,0.0,1063,2058689,卖盘,600089,2025-10-17 22:56:01
09:52:49,19.39,0.02,271,525294,买盘,600089,2025-10-17 22:56:01
09:52:52,19.39,0.0,1916,3711821,卖盘,600089,2025-10-17 22:56:01
09:52:55,19.4,0.01,1067,2068855,买盘,600089,2025-10-17 22:56:01
09:52:58,19.39,-0.01,1444,2799289,卖盘,600089,2025-10-17 22:56:01
09:53:01,19.38,-0.01,2362,4577860,卖盘,600089,2025-10-17 22:56:01
09:53:04,19.37,-0.01,1374,2662965,卖盘,600089,2025-10-17 22:56:01
09:53:07,19.38,0.01,1432,2772722,买盘,600089,2025-10-17 22:56:01
09:53:10,19.35,-0.03,1105,2140022,卖盘,600089,2025-10-17 22:56:01
09:53:13,19.36,0.01,597,1156340,中性盘,600089,2025-10-17 22:56:01
09:53:16,19.36,0.0,707,1368242,买盘,600089,2025-10-17 22:56:01
09:53:19,19.35,-0.01,952,1842791,卖盘,600089,2025-10-17 22:56:01
09:53:22,19.36,0.01,955,1848597,卖盘,600089,2025-10-17 22:56:01
09:53:25,19.35,-0.01,654,1266125,卖盘,600089,2025-10-17 22:56:01
09:53:28,19.36,0.01,532,1030036,买盘,600089,2025-10-17 22:56:01
09:53:31,19.36,0.0,1375,2662263,买盘,600089,2025-10-17 22:56:01
09:53:34,19.35,-0.01,1190,2302291,卖盘,600089,2025-10-17 22:56:01
09:53:37,19.35,0.0,1248,2414693,买盘,600089,2025-10-17 22:56:01
09:53:40,19.33,-0.02,255,493236,卖盘,600089,2025-10-17 22:56:01
09:53:43,19.35,0.02,645,1248119,买盘,600089,2025-10-17 22:56:01
09:53:46,19.33,-0.02,896,1733011,卖盘,600089,2025-10-17 22:56:01
09:53:49,19.35,0.02,1546,2987199,买盘,600089,2025-10-17 22:56:01
09:53:52,19.36,0.01,263,508555,买盘,600089,2025-10-17 22:56:01
09:53:55,19.33,-0.03,597,1154870,卖盘,600089,2025-10-17 22:56:01
09:53:58,19.35,0.02,1367,2642538,买盘,600089,2025-10-17 22:56:01
09:54:01,19.35,0.0,127,245700,卖盘,600089,2025-10-17 22:56:01
09:54:04,19.31,-0.04,1320,2550397,卖盘,600089,2025-10-17 22:56:01
09:54:07,19.28,-0.03,2957,5704937,卖盘,600089,2025-10-17 22:56:01
09:54:10,19.29,0.01,319,615135,买盘,600089,2025-10-17 22:56:01
09:54:13,19.28,-0.01,801,1544351,卖盘,600089,2025-10-17 22:56:01
09:54:16,19.26,-0.02,1069,2059665,卖盘,600089,2025-10-17 22:56:01
09:54:19,19.26,0.0,549,1057319,买盘,600089,2025-10-17 22:56:01
09:54:22,19.26,0.0,1560,3003973,买盘,600089,2025-10-17 22:56:01
09:54:25,19.26,0.0,1547,2978595,买盘,600089,2025-10-17 22:56:01
09:54:28,19.26,0.0,1539,2963249,买盘,600089,2025-10-17 22:56:01
09:54:31,19.26,0.0,1185,2282322,卖盘,600089,2025-10-17 22:56:01
09:54:34,19.25,-0.01,853,1641747,卖盘,600089,2025-10-17 22:56:01
09:54:37,19.25,0.0,763,1470074,买盘,600089,2025-10-17 22:56:01
09:54:40,19.25,0.0,1088,2094092,卖盘,600089,2025-10-17 22:56:01
09:54:43,19.25,0.0,950,1828575,买盘,600089,2025-10-17 22:56:01
09:54:46,19.25,0.0,603,1161020,卖盘,600089,2025-10-17 22:56:01
09:54:49,19.26,0.01,639,1231101,买盘,600089,2025-10-17 22:56:01
09:54:52,19.27,0.01,2383,4588364,中性盘,600089,2025-10-17 22:56:01
09:54:55,19.26,-0.01,473,911442,卖盘,600089,2025-10-17 22:56:01
09:54:58,19.26,0.0,568,1093941,买盘,600089,2025-10-17 22:56:01
09:55:01,19.27,0.01,512,986235,买盘,600089,2025-10-17 22:56:01
09:55:04,19.28,0.01,641,1234858,买盘,600089,2025-10-17 22:56:01
09:55:07,19.28,0.0,280,539442,买盘,600089,2025-10-17 22:56:01
09:55:10,19.28,0.0,498,959915,卖盘,600089,2025-10-17 22:56:01
09:55:13,19.28,0.0,326,628642,卖盘,600089,2025-10-17 22:56:01
09:55:16,19.29,0.01,494,952619,买盘,600089,2025-10-17 22:56:01
09:55:19,19.29,0.0,722,1392410,买盘,600089,2025-10-17 22:56:01
09:55:22,19.29,0.0,1400,2700379,卖盘,600089,2025-10-17 22:56:01
09:55:25,19.29,0.0,488,941157,买盘,600089,2025-10-17 22:56:01
09:55:28,19.29,0.0,564,1088117,买盘,600089,2025-10-17 22:56:01
09:55:31,19.29,0.0,453,873281,卖盘,600089,2025-10-17 22:56:01
09:55:34,19.29,0.0,227,438006,卖盘,600089,2025-10-17 22:56:01
09:55:37,19.31,0.02,1083,2090002,买盘,600089,2025-10-17 22:56:01
09:55:40,19.31,0.0,546,1054216,买盘,600089,2025-10-17 22:56:01
09:55:43,19.31,0.0,658,1270103,买盘,600089,2025-10-17 22:56:01
09:55:46,19.3,-0.01,1497,2888574,卖盘,600089,2025-10-17 22:56:01
09:55:49,19.31,0.01,670,1294197,买盘,600089,2025-10-17 22:56:01
09:55:52,19.31,0.0,591,1141244,卖盘,600089,2025-10-17 22:56:01
09:55:55,19.32,0.01,698,1348250,买盘,600089,2025-10-17 22:56:01
09:55:58,19.32,0.0,563,1087657,买盘,600089,2025-10-17 22:56:01
09:56:01,19.33,0.01,1025,1980778,买盘,600089,2025-10-17 22:56:01
09:56:04,19.33,0.0,1444,2790636,卖盘,600089,2025-10-17 22:56:01
09:56:07,19.33,0.0,1554,3001794,买盘,600089,2025-10-17 22:56:01
09:56:10,19.32,-0.01,664,1282693,买盘,600089,2025-10-17 22:56:01
09:56:13,19.32,0.0,351,678064,买盘,600089,2025-10-17 22:56:01
09:56:16,19.32,0.0,356,687871,买盘,600089,2025-10-17 22:56:01
09:56:19,19.32,0.0,100,193252,卖盘,600089,2025-10-17 22:56:01
09:56:22,19.3,-0.02,3717,7179506,卖盘,600089,2025-10-17 22:56:01
09:56:25,19.29,-0.01,3011,5808643,卖盘,600089,2025-10-17 22:56:01
09:56:28,19.3,0.01,1050,2026177,买盘,600089,2025-10-17 22:56:01
09:56:31,19.3,0.0,13723,26473469,卖盘,600089,2025-10-17 22:56:01
09:56:34,19.26,-0.04,9402,18119330,卖盘,600089,2025-10-17 22:56:01
09:56:37,19.26,0.0,611,1177806,买盘,600089,2025-10-17 22:56:01
09:56:40,19.26,0.0,496,955481,中性盘,600089,2025-10-17 22:56:01
09:56:43,19.25,-0.01,5926,11407960,卖盘,600089,2025-10-17 22:56:01
09:56:46,19.26,0.01,2131,4106160,买盘,600089,2025-10-17 22:56:01
09:56:49,19.25,-0.01,551,1061396,卖盘,600089,2025-10-17 22:56:01
09:56:52,19.25,0.0,645,1241722,卖盘,600089,2025-10-17 22:56:01
09:56:55,19.25,0.0,1424,2741212,卖盘,600089,2025-10-17 22:56:01
09:56:58,19.24,-0.01,10796,20743222,卖盘,600089,2025-10-17 22:56:01
09:57:01,19.21,-0.03,743,1428329,卖盘,600089,2025-10-17 22:56:01
09:57:04,19.21,0.0,762,1463369,买盘,600089,2025-10-17 22:56:01
09:57:07,19.23,0.02,2446,4703465,买盘,600089,2025-10-17 22:56:01
09:57:10,19.2,-0.03,1442,2770645,卖盘,600089,2025-10-17 22:56:01
09:57:13,19.21,0.01,644,1237623,卖盘,600089,2025-10-17 22:56:01
09:57:16,19.22,0.01,545,1047216,中性盘,600089,2025-10-17 22:56:01
09:57:19,19.22,0.0,1277,2453491,卖盘,600089,2025-10-17 22:56:01
09:57:22,19.22,0.0,3950,7585764,卖盘,600089,2025-10-17 22:56:01
09:57:25,19.24,0.02,1749,3362838,买盘,600089,2025-10-17 22:56:01
09:57:28,19.24,0.0,2306,4435664,买盘,600089,2025-10-17 22:56:01
09:57:31,19.24,0.0,1257,2419178,卖盘,600089,2025-10-17 22:56:01
09:57:34,19.25,0.01,1339,2577297,中性盘,600089,2025-10-17 22:56:01
09:57:37,19.25,0.0,1069,2058654,卖盘,600089,2025-10-17 22:56:01
09:57:40,19.25,0.0,617,1187986,卖盘,600089,2025-10-17 22:56:01
09:57:43,19.29,0.04,1333,2567437,买盘,600089,2025-10-17 22:56:01
09:57:46,19.29,0.0,931,1792636,买盘,600089,2025-10-17 22:56:01
09:57:49,19.29,0.0,313,603699,买盘,600089,2025-10-17 22:56:01
09:57:52,19.3,0.01,206,397346,买盘,600089,2025-10-17 22:56:01
09:57:55,19.3,0.0,165,318298,买盘,600089,2025-10-17 22:56:01
09:57:58,19.3,0.0,793,1530011,买盘,600089,2025-10-17 22:56:01
09:58:01,19.28,-0.02,1690,3258810,卖盘,600089,2025-10-17 22:56:01
09:58:04,19.29,0.01,716,1380574,买盘,600089,2025-10-17 22:56:01
09:58:07,19.28,-0.01,880,1696056,卖盘,600089,2025-10-17 22:56:01
09:58:10,19.27,-0.01,1790,3451407,卖盘,600089,2025-10-17 22:56:01
09:58:13,19.26,-0.01,1138,2191191,卖盘,600089,2025-10-17 22:56:01
09:58:16,19.25,-0.01,518,997399,卖盘,600089,2025-10-17 22:56:01
09:58:19,19.26,0.01,902,1736416,买盘,600089,2025-10-17 22:56:01
09:58:22,19.25,-0.01,10383,19950969,买盘,600089,2025-10-17 22:56:01
09:58:25,19.2,-0.05,665,1278006,中性盘,600089,2025-10-17 22:56:01
09:58:28,19.2,0.0,665,1277326,中性盘,600089,2025-10-17 22:56:01
09:58:31,19.2,0.0,617,1184628,买盘,600089,2025-10-17 22:56:01
09:58:34,19.19,-0.01,799,1533735,卖盘,600089,2025-10-17 22:56:01
09:58:37,19.2,0.01,6988,13405765,买盘,600089,2025-10-17 22:56:01
09:58:40,19.19,-0.01,586,1124944,卖盘,600089,2025-10-17 22:56:01
09:58:43,19.2,0.01,815,1564898,卖盘,600089,2025-10-17 22:56:01
09:58:46,19.2,0.0,622,1194307,卖盘,600089,2025-10-17 22:56:01
09:58:49,19.23,0.03,930,1785951,买盘,600089,2025-10-17 22:56:01
09:58:52,19.22,-0.01,586,1125833,中性盘,600089,2025-10-17 22:56:01
09:58:55,19.23,0.01,449,862431,买盘,600089,2025-10-17 22:56:01
09:58:58,19.2,-0.03,1146,2200964,卖盘,600089,2025-10-17 22:56:01
09:59:01,19.22,0.02,540,1037364,买盘,600089,2025-10-17 22:56:01
09:59:04,19.22,0.0,1399,2686846,买盘,600089,2025-10-17 22:56:01
09:59:07,19.22,0.0,364,699360,买盘,600089,2025-10-17 22:56:01
09:59:10,19.24,0.02,420,807602,买盘,600089,2025-10-17 22:56:01
09:59:13,19.24,0.0,658,1264680,买盘,600089,2025-10-17 22:56:01
09:59:16,19.24,0.0,609,1171272,买盘,600089,2025-10-17 22:56:01
09:59:19,19.24,0.0,405,779065,卖盘,600089,2025-10-17 22:56:01
09:59:22,19.24,0.0,641,1233469,卖盘,600089,2025-10-17 22:56:01
09:59:25,19.25,0.01,531,1021867,买盘,600089,2025-10-17 22:56:01
09:59:28,19.25,0.0,640,1230979,买盘,600089,2025-10-17 22:56:01
09:59:31,19.26,0.01,679,1307244,买盘,600089,2025-10-17 22:56:01
09:59:34,19.26,0.0,1981,3812762,买盘,600089,2025-10-17 22:56:01
09:59:37,19.26,0.0,913,1758060,买盘,600089,2025-10-17 22:56:01
09:59:40,19.26,0.0,1371,2639162,买盘,600089,2025-10-17 22:56:01
09:59:43,19.26,0.0,353,679732,买盘,600089,2025-10-17 22:56:01
09:59:46,19.25,-0.01,434,835707,卖盘,600089,2025-10-17 22:56:01
09:59:49,19.27,0.02,333,641429,买盘,600089,2025-10-17 22:56:01
09:59:52,19.27,0.0,474,913091,买盘,600089,2025-10-17 22:56:01
09:59:55,19.27,0.0,450,867362,买盘,600089,2025-10-17 22:56:01
09:59:58,19.26,-0.01,1170,2253346,卖盘,600089,2025-10-17 22:56:01
10:00:01,19.23,-0.03,1363,2623201,卖盘,600089,2025-10-17 22:56:01
10:00:04,19.22,-0.01,2976,5722842,卖盘,600089,2025-10-17 22:56:01
10:00:07,19.23,0.01,775,1490474,中性盘,600089,2025-10-17 22:56:01
10:00:10,19.24,0.01,669,1286908,中性盘,600089,2025-10-17 22:56:01
10:00:13,19.23,-0.01,635,1221502,中性盘,600089,2025-10-17 22:56:01
10:00:16,19.2,-0.03,5413,10396194,卖盘,600089,2025-10-17 22:56:01
10:00:19,19.2,0.0,3300,6336171,卖盘,600089,2025-10-17 22:56:01
10:00:22,19.19,-0.01,498,955869,卖盘,600089,2025-10-17 22:56:01
10:00:25,19.2,0.01,1492,2863523,买盘,600089,2025-10-17 22:56:01
10:00:28,19.19,-0.01,1103,2116902,卖盘,600089,2025-10-17 22:56:01
10:00:31,19.2,0.01,1543,2961922,买盘,600089,2025-10-17 22:56:01
10:00:34,19.2,0.0,1089,2090002,买盘,600089,2025-10-17 22:56:01
10:00:37,19.2,0.0,1170,2245570,买盘,600089,2025-10-17 22:56:01
10:00:40,19.2,0.0,1812,3477465,买盘,600089,2025-10-17 22:56:01
10:00:43,19.19,-0.01,1922,3688676,卖盘,600089,2025-10-17 22:56:01
10:00:46,19.19,0.0,298,571818,买盘,600089,2025-10-17 22:56:01
10:00:49,19.19,0.0,555,1064815,买盘,600089,2025-10-17 22:56:01
10:00:52,19.18,-0.01,4107,7876436,卖盘,600089,2025-10-17 22:56:01
10:00:55,19.17,-0.01,666,1277165,卖盘,600089,2025-10-17 22:56:01
10:00:58,19.17,0.0,593,1136853,卖盘,600089,2025-10-17 22:56:01
10:01:01,19.16,-0.01,3266,6257772,卖盘,600089,2025-10-17 22:56:01
10:01:04,19.15,-0.01,459,879265,卖盘,600089,2025-10-17 22:56:01
10:01:07,19.16,0.01,1635,3131077,买盘,600089,2025-10-17 22:56:01
10:01:10,19.15,-0.01,1039,1990301,卖盘,600089,2025-10-17 22:56:01
10:01:13,19.15,0.0,856,1639074,买盘,600089,2025-10-17 22:56:01
10:01:16,19.15,0.0,1979,3788473,买盘,600089,2025-10-17 22:56:01
10:01:19,19.14,-0.01,2212,4234202,卖盘,600089,2025-10-17 22:56:01
10:01:22,19.14,0.0,473,905264,买盘,600089,2025-10-17 22:56:01
10:01:25,19.13,-0.01,848,1622123,卖盘,600089,2025-10-17 22:56:01
10:01:28,19.12,-0.01,911,1742355,卖盘,600089,2025-10-17 22:56:01
10:01:31,19.12,0.0,1299,2483976,卖盘,600089,2025-10-17 22:56:01
10:01:34,19.12,0.0,4220,8069498,卖盘,600089,2025-10-17 22:56:01
10:01:37,19.14,0.02,1711,3272162,买盘,600089,2025-10-17 22:56:01
10:01:40,19.12,-0.02,1292,2470735,卖盘,600089,2025-10-17 22:56:01
10:01:43,19.13,0.01,640,1223837,买盘,600089,2025-10-17 22:56:01
10:01:46,19.12,-0.01,1134,2168286,卖盘,600089,2025-10-17 22:56:01
10:01:49,19.11,-0.01,457,873661,卖盘,600089,2025-10-17 22:56:01
10:01:52,19.13,0.02,2353,4500614,买盘,600089,2025-10-17 22:56:01
10:01:55,19.17,0.04,10735,20546506,买盘,600089,2025-10-17 22:56:01
10:01:58,19.12,-0.05,1693,3237210,卖盘,600089,2025-10-17 22:56:01
10:02:01,19.12,0.0,748,1431154,卖盘,600089,2025-10-17 22:56:01
10:02:04,19.12,0.0,666,1275175,卖盘,600089,2025-10-17 22:56:01
10:02:07,19.12,0.0,966,1847570,卖盘,600089,2025-10-17 22:56:01
10:02:10,19.13,0.01,1069,2045719,中性盘,600089,2025-10-17 22:56:01
10:02:13,19.17,0.04,1453,2780085,买盘,600089,2025-10-17 22:56:01
10:02:16,19.17,0.0,966,1850464,买盘,600089,2025-10-17 22:56:01
10:02:19,19.18,0.01,702,1345624,买盘,600089,2025-10-17 22:56:01
10:02:22,19.19,0.01,3557,6817970,买盘,600089,2025-10-17 22:56:01
10:02:25,19.17,-0.02,1471,2821437,卖盘,600089,2025-10-17 22:56:01
10:02:28,19.19,0.02,847,1623714,买盘,600089,2025-10-17 22:56:01
10:02:31,19.19,0.0,626,1200972,卖盘,600089,2025-10-17 22:56:01
10:02:34,19.2,0.01,1485,2849231,买盘,600089,2025-10-17 22:56:01
10:02:37,19.19,-0.01,570,1093991,买盘,600089,2025-10-17 22:56:01
10:02:40,19.2,0.01,1055,2024955,买盘,600089,2025-10-17 22:56:01
10:02:43,19.2,0.0,349,669839,买盘,600089,2025-10-17 22:56:01
10:02:46,19.21,0.01,3597,6897663,买盘,600089,2025-10-17 22:56:01
10:02:49,19.21,0.0,388,745165,买盘,600089,2025-10-17 22:56:01
10:02:52,19.22,0.01,337,648052,买盘,600089,2025-10-17 22:56:01
10:02:55,19.22,0.0,332,638086,买盘,600089,2025-10-17 22:56:01
10:02:58,19.22,0.0,672,1290984,卖盘,600089,2025-10-17 22:56:01
10:03:01,19.23,0.01,496,953658,买盘,600089,2025-10-17 22:56:01
10:03:04,19.24,0.01,402,773252,买盘,600089,2025-10-17 22:56:01
10:03:07,19.24,0.0,1721,3311869,买盘,600089,2025-10-17 22:56:01
10:03:10,19.23,-0.01,2124,4084837,卖盘,600089,2025-10-17 22:56:01
10:03:13,19.24,0.01,2708,5204239,买盘,600089,2025-10-17 22:56:01
10:03:16,19.23,-0.01,555,1066921,中性盘,600089,2025-10-17 22:56:01
10:03:19,19.23,0.0,734,1411086,买盘,600089,2025-10-17 22:56:01
10:03:22,19.2,-0.03,3264,6266485,卖盘,600089,2025-10-17 22:56:01
10:03:25,19.2,0.0,666,1278793,卖盘,600089,2025-10-17 22:56:01
10:03:28,19.19,-0.01,452,868007,中性盘,600089,2025-10-17 22:56:01
10:03:31,19.19,0.0,344,660039,买盘,600089,2025-10-17 22:56:01
10:03:34,19.18,-0.01,448,859586,卖盘,600089,2025-10-17 22:56:01
10:03:37,19.18,0.0,473,907180,卖盘,600089,2025-10-17 22:56:01
10:03:40,19.2,0.02,816,1565047,买盘,600089,2025-10-17 22:56:01
10:03:43,19.19,-0.01,317,608287,卖盘,600089,2025-10-17 22:56:01
10:03:46,19.19,0.0,568,1090089,卖盘,600089,2025-10-17 22:56:01
10:03:49,19.17,-0.02,1206,2313873,卖盘,600089,2025-10-17 22:56:01
10:03:52,19.18,0.01,1498,2872686,买盘,600089,2025-10-17 22:56:01
10:03:55,19.17,-0.01,1247,2390864,卖盘,600089,2025-10-17 22:56:01
10:03:58,19.17,0.0,1127,2160445,买盘,600089,2025-10-17 22:56:01
10:04:01,19.16,-0.01,699,1340384,卖盘,600089,2025-10-17 22:56:01
10:04:04,19.18,0.02,246,471693,中性盘,600089,2025-10-17 22:56:01
10:04:07,19.19,0.01,1398,2682874,买盘,600089,2025-10-17 22:56:01
10:04:10,19.19,0.0,368,705925,买盘,600089,2025-10-17 22:56:01
10:04:13,19.18,-0.01,472,905625,卖盘,600089,2025-10-17 22:56:01
10:04:16,19.19,0.01,692,1328209,卖盘,600089,2025-10-17 22:56:01
10:04:19,19.19,0.0,325,623570,买盘,600089,2025-10-17 22:56:01
10:04:22,19.19,0.0,610,1170816,买盘,600089,2025-10-17 22:56:01
10:04:25,19.21,0.02,1034,1984450,中性盘,600089,2025-10-17 22:56:01
10:04:28,19.21,0.0,138,265177,买盘,600089,2025-10-17 22:56:01
10:04:31,19.21,0.0,118,226717,买盘,600089,2025-10-17 22:56:01
10:04:34,19.21,0.0,559,1073882,卖盘,600089,2025-10-17 22:56:01
10:04:37,19.22,0.01,369,709007,买盘,600089,2025-10-17 22:56:01
10:04:40,19.23,0.01,674,1295072,买盘,600089,2025-10-17 22:56:01
10:04:43,19.22,-0.01,1202,2310957,卖盘,600089,2025-10-17 22:56:01
10:04:46,19.24,0.02,679,1305225,买盘,600089,2025-10-17 22:56:01
10:04:49,19.23,-0.01,136,261560,卖盘,600089,2025-10-17 22:56:01
10:04:52,19.24,0.01,379,729103,买盘,600089,2025-10-17 22:56:01
10:04:55,19.25,0.01,974,1873607,买盘,600089,2025-10-17 22:56:01
10:04:58,19.27,0.02,457,879627,买盘,600089,2025-10-17 22:56:01
10:05:01,19.27,0.0,262,504399,买盘,600089,2025-10-17 22:56:01
10:05:04,19.26,-0.01,492,947477,中性盘,600089,2025-10-17 22:56:01
10:05:07,19.28,0.02,636,1226078,买盘,600089,2025-10-17 22:56:01
10:05:10,19.27,-0.01,800,1541872,卖盘,600089,2025-10-17 22:56:01
10:05:13,19.29,0.02,999,1925377,买盘,600089,2025-10-17 22:56:01
10:05:16,19.28,-0.01,1130,2178187,卖盘,600089,2025-10-17 22:56:01
10:05:19,19.27,-0.01,1205,2323310,中性盘,600089,2025-10-17 22:56:01
10:05:22,19.28,0.01,634,1222384,买盘,600089,2025-10-17 22:56:01
10:05:25,19.28,0.0,220,424253,卖盘,600089,2025-10-17 22:56:01
10:05:28,19.26,-0.02,1534,2957028,卖盘,600089,2025-10-17 22:56:01
10:05:31,19.25,-0.01,1766,3398390,卖盘,600089,2025-10-17 22:56:01
10:05:34,19.25,0.0,996,1917401,买盘,600089,2025-10-17 22:56:01
10:05:37,19.26,0.01,328,631578,买盘,600089,2025-10-17 22:56:01
10:05:40,19.25,-0.01,742,1428825,卖盘,600089,2025-10-17 22:56:01
10:05:43,19.26,0.01,193,371683,中性盘,600089,2025-10-17 22:56:01
10:05:46,19.26,0.0,412,793385,买盘,600089,2025-10-17 22:56:01
10:05:49,19.26,0.0,584,1124763,卖盘,600089,2025-10-17 22:56:01
10:05:52,19.27,0.01,272,524000,买盘,600089,2025-10-17 22:56:01
10:05:55,19.27,0.0,209,403298,买盘,600089,2025-10-17 22:56:01
10:05:58,19.28,0.01,291,560794,买盘,600089,2025-10-17 22:56:01
10:06:01,19.27,-0.01,1044,2012014,卖盘,600089,2025-10-17 22:56:01
10:06:04,19.23,-0.04,2421,4660169,卖盘,600089,2025-10-17 22:56:01
10:06:07,19.23,0.0,587,1128403,卖盘,600089,2025-10-17 22:56:01
10:06:10,19.23,0.0,285,547940,买盘,600089,2025-10-17 22:56:01
10:06:13,19.23,0.0,413,794437,买盘,600089,2025-10-17 22:56:01
10:06:16,19.23,0.0,447,859608,卖盘,600089,2025-10-17 22:56:01
10:06:19,19.23,0.0,167,320792,卖盘,600089,2025-10-17 22:56:01
10:06:22,19.25,0.02,241,463508,买盘,600089,2025-10-17 22:56:01
10:06:25,19.25,0.0,203,390515,买盘,600089,2025-10-17 22:56:01
10:06:28,19.26,0.01,77,148214,买盘,600089,2025-10-17 22:56:01
10:06:31,19.25,-0.01,214,412012,卖盘,600089,2025-10-17 22:56:01
10:06:34,19.26,0.01,653,1257127,买盘,600089,2025-10-17 22:56:01
10:06:37,19.27,0.01,493,949925,买盘,600089,2025-10-17 22:56:01
10:06:40,19.27,0.0,108,208132,卖盘,600089,2025-10-17 22:56:01
10:06:43,19.28,0.01,228,438790,买盘,600089,2025-10-17 22:56:01
10:06:46,19.28,0.0,38,73280,卖盘,600089,2025-10-17 22:56:01
10:06:49,19.27,-0.01,502,968665,卖盘,600089,2025-10-17 22:56:01
10:06:52,19.28,0.01,173,333688,卖盘,600089,2025-10-17 22:56:01
10:06:55,19.28,0.0,648,1249423,卖盘,600089,2025-10-17 22:56:01
10:06:58,19.29,0.01,560,1079917,买盘,600089,2025-10-17 22:56:01
10:07:01,19.28,-0.01,316,609367,卖盘,600089,2025-10-17 22:56:01
10:07:04,19.28,0.0,365,703871,买盘,600089,2025-10-17 22:56:01
10:07:07,19.28,0.0,1255,2418834,买盘,600089,2025-10-17 22:56:01
10:07:10,19.28,0.0,239,460855,买盘,600089,2025-10-17 22:56:01
10:07:13,19.29,0.01,117,225633,买盘,600089,2025-10-17 22:56:01
10:07:16,19.29,0.0,491,946202,买盘,600089,2025-10-17 22:56:01
10:07:19,19.29,0.0,84,162046,卖盘,600089,2025-10-17 22:56:01
10:07:22,19.29,0.0,398,767974,卖盘,600089,2025-10-17 22:56:01
10:07:25,19.3,0.01,488,942352,买盘,600089,2025-10-17 22:56:01
10:07:28,19.31,0.01,162,312783,买盘,600089,2025-10-17 22:56:01
10:07:31,19.32,0.01,269,519543,买盘,600089,2025-10-17 22:56:01
10:07:34,19.32,0.0,338,653037,卖盘,600089,2025-10-17 22:56:01
10:07:37,19.34,0.02,159,307413,买盘,600089,2025-10-17 22:56:01
10:07:40,19.35,0.01,1894,3663898,买盘,600089,2025-10-17 22:56:01
10:07:43,19.36,0.01,158,305753,买盘,600089,2025-10-17 22:56:01
10:07:46,19.36,0.0,463,897137,买盘,600089,2025-10-17 22:56:01
10:07:49,19.36,0.0,974,1883921,卖盘,600089,2025-10-17 22:56:01
10:07:52,19.36,0.0,587,1136066,买盘,600089,2025-10-17 22:56:01
10:07:55,19.36,0.0,1741,3367562,买盘,600089,2025-10-17 22:56:01
10:07:58,19.36,0.0,768,1487046,买盘,600089,2025-10-17 22:56:01
10:08:01,19.34,-0.02,922,1784585,卖盘,600089,2025-10-17 22:56:01
10:08:04,19.36,0.02,626,1210788,买盘,600089,2025-10-17 22:56:01
10:08:07,19.36,0.0,369,713625,买盘,600089,2025-10-17 22:56:01
10:08:10,19.36,0.0,824,1594937,买盘,600089,2025-10-17 22:56:01
10:08:13,19.37,0.01,588,1138231,买盘,600089,2025-10-17 22:56:01
10:08:16,19.36,-0.01,744,1440378,卖盘,600089,2025-10-17 22:56:01
10:08:19,19.36,0.0,645,1248309,买盘,600089,2025-10-17 22:56:01
10:08:22,19.36,0.0,566,1095748,买盘,600089,2025-10-17 22:56:01
10:08:25,19.36,0.0,210,406663,卖盘,600089,2025-10-17 22:56:01
10:08:28,19.35,-0.01,1047,2027411,卖盘,600089,2025-10-17 22:56:01
10:08:31,19.36,0.01,440,851712,买盘,600089,2025-10-17 22:56:01
10:08:34,19.36,0.0,776,1502691,买盘,600089,2025-10-17 22:56:01
10:08:37,19.37,0.01,466,902213,买盘,600089,2025-10-17 22:56:01
10:08:40,19.37,0.0,520,1007499,买盘,600089,2025-10-17 22:56:01
10:08:43,19.37,0.0,222,430089,卖盘,600089,2025-10-17 22:56:01
10:08:46,19.37,0.0,421,815528,卖盘,600089,2025-10-17 22:56:01
10:08:49,19.38,0.01,577,1118052,买盘,600089,2025-10-17 22:56:01
10:08:52,19.39,0.01,776,1503886,买盘,600089,2025-10-17 22:56:01
10:08:55,19.37,-0.02,1206,2336091,卖盘,600089,2025-10-17 22:56:01
10:08:58,19.37,0.0,636,1231920,买盘,600089,2025-10-17 22:56:01
10:09:01,19.36,-0.01,1413,2735868,卖盘,600089,2025-10-17 22:56:01
10:09:04,19.35,-0.01,1097,2123134,卖盘,600089,2025-10-17 22:56:01
10:09:07,19.35,0.0,429,829884,买盘,600089,2025-10-17 22:56:01
10:09:10,19.34,-0.01,469,907319,卖盘,600089,2025-10-17 22:56:01
10:09:13,19.34,0.0,356,688598,卖盘,600089,2025-10-17 22:56:01
10:09:16,19.34,0.0,813,1571415,买盘,600089,2025-10-17 22:56:01
10:09:19,19.33,-0.01,214,413650,中性盘,600089,2025-10-17 22:56:01
10:09:22,19.33,0.0,515,995155,买盘,600089,2025-10-17 22:56:01
10:09:25,19.31,-0.02,871,1682742,卖盘,600089,2025-10-17 22:56:01
10:09:28,19.3,-0.01,270,521357,卖盘,600089,2025-10-17 22:56:01
10:09:31,19.3,0.0,493,951673,卖盘,600089,2025-10-17 22:56:01
10:09:34,19.3,0.0,858,1656418,卖盘,600089,2025-10-17 22:56:01
10:09:37,19.31,0.01,561,1083085,买盘,600089,2025-10-17 22:56:01
10:09:40,19.3,-0.01,498,960959,卖盘,600089,2025-10-17 22:56:01
10:09:43,19.3,0.0,273,526858,买盘,600089,2025-10-17 22:56:01
10:09:46,19.3,0.0,477,920534,买盘,600089,2025-10-17 22:56:01
10:09:49,19.29,-0.01,240,463065,卖盘,600089,2025-10-17 22:56:01
10:09:52,19.3,0.01,485,935663,买盘,600089,2025-10-17 22:56:01
10:09:55,19.29,-0.01,253,488041,卖盘,600089,2025-10-17 22:56:01
10:09:58,19.29,0.0,30,57863,买盘,600089,2025-10-17 22:56:01
10:10:01,19.28,-0.01,504,971853,卖盘,600089,2025-10-17 22:56:01
10:10:04,19.28,0.0,895,1724827,卖盘,600089,2025-10-17 22:56:01
10:10:07,19.27,-0.01,162,312204,卖盘,600089,2025-10-17 22:56:01
10:10:10,19.27,0.0,295,568341,卖盘,600089,2025-10-17 22:56:01
10:10:13,19.27,0.0,166,319877,买盘,600089,2025-10-17 22:56:01
10:10:16,19.27,0.0,900,1732821,买盘,600089,2025-10-17 22:56:01
10:10:19,19.26,-0.01,297,571119,卖盘,600089,2025-10-17 22:56:01
10:10:22,19.26,0.0,216,416013,买盘,600089,2025-10-17 22:56:01
10:10:25,19.26,0.0,395,760620,买盘,600089,2025-10-17 22:56:01
10:10:28,19.26,0.0,184,354416,卖盘,600089,2025-10-17 22:56:01
10:10:31,19.27,0.01,602,1158796,买盘,600089,2025-10-17 22:56:01
10:10:34,19.28,0.01,909,1752248,买盘,600089,2025-10-17 22:56:01
10:10:37,19.3,0.02,240,462923,买盘,600089,2025-10-17 22:56:01
10:10:40,19.3,0.0,220,424509,买盘,600089,2025-10-17 22:56:01
10:10:43,19.3,0.0,248,479086,买盘,600089,2025-10-17 22:56:01
10:10:46,19.3,0.0,145,279814,卖盘,600089,2025-10-17 22:56:01
10:10:49,19.3,0.0,498,961451,卖盘,600089,2025-10-17 22:56:01
10:10:52,19.31,0.01,208,401499,买盘,600089,2025-10-17 22:56:01
10:10:55,19.3,-0.01,391,754805,卖盘,600089,2025-10-17 22:56:01
10:10:58,19.32,0.02,277,534700,买盘,600089,2025-10-17 22:56:01
10:11:01,19.31,-0.01,78,150581,中性盘,600089,2025-10-17 22:56:01
10:11:04,19.3,-0.01,5247,10105594,卖盘,600089,2025-10-17 22:56:01
10:11:07,19.29,-0.01,139,268240,卖盘,600089,2025-10-17 22:56:01
10:11:10,19.29,0.0,88,169804,买盘,600089,2025-10-17 22:56:01
10:11:13,19.28,-0.01,181,349090,卖盘,600089,2025-10-17 22:56:01
10:11:16,19.28,0.0,258,497580,卖盘,600089,2025-10-17 22:56:01
10:11:19,19.26,-0.02,2508,4830697,卖盘,600089,2025-10-17 22:56:01
10:11:22,19.25,-0.01,437,841610,卖盘,600089,2025-10-17 22:56:01
10:11:25,19.27,0.02,566,1090069,买盘,600089,2025-10-17 22:56:01
10:11:28,19.26,-0.01,1538,2963693,卖盘,600089,2025-10-17 22:56:01
10:11:31,19.26,0.0,131,252271,买盘,600089,2025-10-17 22:56:01
10:11:34,19.26,0.0,271,521811,买盘,600089,2025-10-17 22:56:01
10:11:37,19.25,-0.01,746,1436257,卖盘,600089,2025-10-17 22:56:01
10:11:40,19.24,-0.01,393,756519,卖盘,600089,2025-10-17 22:56:01
10:11:43,19.24,0.0,2536,4880298,卖盘,600089,2025-10-17 22:56:01
10:11:46,19.24,0.0,359,690537,买盘,600089,2025-10-17 22:56:01
10:11:49,19.24,0.0,577,1109924,买盘,600089,2025-10-17 22:56:01
10:11:52,19.23,-0.01,961,1848128,卖盘,600089,2025-10-17 22:56:01
10:11:55,19.22,-0.01,174,334551,卖盘,600089,2025-10-17 22:56:01
10:11:58,19.23,0.01,97,186483,买盘,600089,2025-10-17 22:56:01
10:12:01,19.23,0.0,478,919011,买盘,600089,2025-10-17 22:56:01
10:12:04,19.21,-0.02,2414,4637428,卖盘,600089,2025-10-17 22:56:01
10:12:07,19.21,0.0,1439,2762931,买盘,600089,2025-10-17 22:56:01
10:12:10,19.2,-0.01,245,471514,卖盘,600089,2025-10-17 22:56:01
10:12:13,19.21,0.01,629,1208372,买盘,600089,2025-10-17 22:56:01
10:12:16,19.2,-0.01,1557,2990610,卖盘,600089,2025-10-17 22:56:01
10:12:19,19.2,0.0,313,600355,卖盘,600089,2025-10-17 22:56:01
10:12:22,19.21,0.01,296,568460,买盘,600089,2025-10-17 22:56:01
10:12:25,19.2,-0.01,792,1520732,卖盘,600089,2025-10-17 22:56:01
10:12:28,19.2,0.0,355,681602,卖盘,600089,2025-10-17 22:56:01
10:12:31,19.2,0.0,251,481662,卖盘,600089,2025-10-17 22:56:01
10:12:34,19.2,0.0,1101,2113462,买盘,600089,2025-10-17 22:56:01
10:12:37,19.21,0.01,691,1327086,买盘,600089,2025-10-17 22:56:01
10:12:40,19.22,0.01,783,1504535,买盘,600089,2025-10-17 22:56:01
10:12:43,19.23,0.01,226,434618,买盘,600089,2025-10-17 22:56:01
10:12:46,19.23,0.0,441,848044,买盘,600089,2025-10-17 22:56:01
10:12:49,19.24,0.01,366,703725,买盘,600089,2025-10-17 22:56:01
10:12:52,19.25,0.01,831,1599281,买盘,600089,2025-10-17 22:56:01
10:12:55,19.26,0.01,89,171405,买盘,600089,2025-10-17 22:56:01
10:12:58,19.26,0.0,284,546875,卖盘,600089,2025-10-17 22:56:01
10:13:01,19.26,0.0,314,604701,卖盘,600089,2025-10-17 22:56:01
10:13:04,19.27,0.01,214,411190,买盘,600089,2025-10-17 22:56:01
10:13:07,19.26,-0.01,106,205205,卖盘,600089,2025-10-17 22:56:01
10:13:10,19.28,0.02,754,1451727,买盘,600089,2025-10-17 22:56:01
10:13:13,19.27,-0.01,92,177208,中性盘,600089,2025-10-17 22:56:01
10:13:16,19.27,0.0,501,964882,买盘,600089,2025-10-17 22:56:01
10:13:19,19.28,0.01,59,113751,中性盘,600089,2025-10-17 22:56:01
10:13:22,19.29,0.01,60,115706,买盘,600089,2025-10-17 22:56:01
10:13:25,19.3,0.01,105,202526,买盘,600089,2025-10-17 22:56:01
10:13:28,19.3,0.0,28,54036,买盘,600089,2025-10-17 22:56:01
10:13:31,19.29,-0.01,756,1458832,卖盘,600089,2025-10-17 22:56:01
10:13:34,19.3,0.01,268,517165,买盘,600089,2025-10-17 22:56:01
10:13:37,19.29,-0.01,316,609562,卖盘,600089,2025-10-17 22:56:01
10:13:40,19.29,0.0,287,553528,买盘,600089,2025-10-17 22:56:01
10:13:43,19.29,0.0,424,817710,买盘,600089,2025-10-17 22:56:01
10:13:46,19.29,0.0,377,726994,买盘,600089,2025-10-17 22:56:01
10:13:49,19.3,0.01,608,1173184,买盘,600089,2025-10-17 22:56:01
10:13:52,19.3,0.0,96,185286,中性盘,600089,2025-10-17 22:56:01
10:13:55,19.31,0.01,53,102332,买盘,600089,2025-10-17 22:56:01
10:13:58,19.31,0.0,548,1058014,买盘,600089,2025-10-17 22:56:01
10:14:01,19.31,0.0,121,233651,卖盘,600089,2025-10-17 22:56:01
10:14:04,19.31,0.0,422,814928,卖盘,600089,2025-10-17 22:56:01
10:14:07,19.31,0.0,848,1638225,卖盘,600089,2025-10-17 22:56:01
10:14:10,19.28,-0.03,1510,2913310,卖盘,600089,2025-10-17 22:56:01
10:14:13,19.28,0.0,758,1461170,买盘,600089,2025-10-17 22:56:01
10:14:16,19.27,-0.01,113,217751,买盘,600089,2025-10-17 22:56:01
10:14:19,19.27,0.0,252,485444,买盘,600089,2025-10-17 22:56:01
10:14:22,19.27,0.0,1311,2525476,买盘,600089,2025-10-17 22:56:01
10:14:25,19.27,0.0,50,96372,卖盘,600089,2025-10-17 22:56:01
10:14:28,19.28,0.01,180,346953,买盘,600089,2025-10-17 22:56:01
10:14:31,19.27,-0.01,510,982469,卖盘,600089,2025-10-17 22:56:01
10:14:34,19.28,0.01,576,1109684,买盘,600089,2025-10-17 22:56:01
10:14:37,19.27,-0.01,796,1532644,卖盘,600089,2025-10-17 22:56:01
10:14:40,19.27,0.0,388,747914,买盘,600089,2025-10-17 22:56:01
10:14:43,19.27,0.0,329,633024,卖盘,600089,2025-10-17 22:56:01
10:14:46,19.27,0.0,66,127183,卖盘,600089,2025-10-17 22:56:01
10:14:49,19.28,0.01,50,96374,买盘,600089,2025-10-17 22:56:01
10:14:52,19.28,0.0,157,302646,买盘,600089,2025-10-17 22:56:01
10:14:55,19.29,0.01,313,603718,买盘,600089,2025-10-17 22:56:01
10:14:58,19.29,0.0,198,382035,卖盘,600089,2025-10-17 22:56:01
10:15:01,19.29,0.0,160,308671,卖盘,600089,2025-10-17 22:56:01
10:15:04,19.26,-0.03,2894,5575624,卖盘,600089,2025-10-17 22:56:01
10:15:07,19.25,-0.01,250,481189,卖盘,600089,2025-10-17 22:56:01
10:15:10,19.26,0.01,241,463863,买盘,600089,2025-10-17 22:56:01
10:15:13,19.25,-0.01,223,429219,买盘,600089,2025-10-17 22:56:01
10:15:16,19.24,-0.01,488,939219,卖盘,600089,2025-10-17 22:56:01
10:15:19,19.26,0.02,200,384173,买盘,600089,2025-10-17 22:56:01
10:15:22,19.25,-0.01,214,411958,卖盘,600089,2025-10-17 22:56:01
10:15:25,19.25,0.0,438,842215,卖盘,600089,2025-10-17 22:56:01
10:15:28,19.26,0.01,317,610263,买盘,600089,2025-10-17 22:56:01
10:15:31,19.25,-0.01,397,764554,卖盘,600089,2025-10-17 22:56:01
10:15:34,19.26,0.01,652,1255425,买盘,600089,2025-10-17 22:56:01
10:15:37,19.26,0.0,186,358166,卖盘,600089,2025-10-17 22:56:01
10:15:40,19.26,0.0,164,315863,卖盘,600089,2025-10-17 22:56:01
10:15:43,19.27,0.01,48,92449,买盘,600089,2025-10-17 22:56:01
10:15:46,19.27,0.0,231,444074,买盘,600089,2025-10-17 22:56:01
10:15:49,19.26,-0.01,831,1599775,卖盘,600089,2025-10-17 22:56:01
10:15:52,19.28,0.02,118,227299,买盘,600089,2025-10-17 22:56:01
10:15:55,19.26,-0.02,147,283269,卖盘,600089,2025-10-17 22:56:01
10:15:58,19.26,0.0,118,227291,卖盘,600089,2025-10-17 22:56:01
10:16:01,19.27,0.01,116,223520,买盘,600089,2025-10-17 22:56:01
10:16:04,19.27,0.0,222,427778,买盘,600089,2025-10-17 22:56:01
10:16:07,19.28,0.01,138,266060,买盘,600089,2025-10-17 22:56:01
10:16:10,19.27,-0.01,702,1352694,卖盘,600089,2025-10-17 22:56:01
10:16:13,19.28,0.01,200,385566,卖盘,600089,2025-10-17 22:56:01
10:16:16,19.28,0.0,147,283459,买盘,600089,2025-10-17 22:56:01
10:16:19,19.29,0.01,115,221754,买盘,600089,2025-10-17 22:56:01
10:16:22,19.29,0.0,157,302716,买盘,600089,2025-10-17 22:56:01
10:16:25,19.3,0.01,589,1135552,买盘,600089,2025-10-17 22:56:01
10:16:28,19.31,0.01,807,1555927,买盘,600089,2025-10-17 22:56:01
10:16:31,19.3,-0.01,145,280094,卖盘,600089,2025-10-17 22:56:01
10:16:34,19.3,0.0,117,225964,卖盘,600089,2025-10-17 22:56:01
10:16:37,19.31,0.01,45,86918,买盘,600089,2025-10-17 22:56:01
10:16:40,19.31,0.0,112,216316,卖盘,600089,2025-10-17 22:56:01
10:16:43,19.32,0.01,180,347761,买盘,600089,2025-10-17 22:56:01
10:16:46,19.33,0.01,24,46372,买盘,600089,2025-10-17 22:56:01
10:16:49,19.33,0.0,61,117911,买盘,600089,2025-10-17 22:56:01
10:16:52,19.33,0.0,395,763531,买盘,600089,2025-10-17 22:56:01
10:16:55,19.33,0.0,393,759681,卖盘,600089,2025-10-17 22:56:01
10:16:58,19.33,0.0,350,676713,卖盘,600089,2025-10-17 22:56:01
10:17:01,19.34,0.01,108,208839,买盘,600089,2025-10-17 22:56:01
10:17:04,19.35,0.01,141,272715,买盘,600089,2025-10-17 22:56:01
10:17:07,19.35,0.0,163,315252,买盘,600089,2025-10-17 22:56:01
10:17:10,19.33,-0.02,1635,3162763,卖盘,600089,2025-10-17 22:56:01
10:17:13,19.32,-0.01,284,549107,卖盘,600089,2025-10-17 22:56:01
10:17:16,19.34,0.02,491,949535,买盘,600089,2025-10-17 22:56:01
10:17:19,19.32,-0.02,466,900865,卖盘,600089,2025-10-17 22:56:01
10:17:22,19.33,0.01,266,514234,买盘,600089,2025-10-17 22:56:01
10:17:25,19.34,0.01,231,446531,买盘,600089,2025-10-17 22:56:01
10:17:28,19.32,-0.02,156,301484,卖盘,600089,2025-10-17 22:56:01
10:17:31,19.34,0.02,224,433150,买盘,600089,2025-10-17 22:56:01
10:17:34,19.34,0.0,145,280428,买盘,600089,2025-10-17 22:56:01
10:17:37,19.34,0.0,229,442785,买盘,600089,2025-10-17 22:56:01
10:17:40,19.34,0.0,636,1229849,买盘,600089,2025-10-17 22:56:01
10:17:43,19.34,0.0,457,883568,买盘,600089,2025-10-17 22:56:01
10:17:46,19.34,0.0,420,811497,买盘,600089,2025-10-17 22:56:01
10:17:49,19.33,-0.01,242,467919,卖盘,600089,2025-10-17 22:56:01
10:17:52,19.33,0.0,289,558581,买盘,600089,2025-10-17 22:56:01
10:17:55,19.33,0.0,229,442541,买盘,600089,2025-10-17 22:56:01
10:17:58,19.33,0.0,478,923881,买盘,600089,2025-10-17 22:56:01
10:18:01,19.32,-0.01,169,326551,卖盘,600089,2025-10-17 22:56:01
10:18:04,19.31,-0.01,390,753628,卖盘,600089,2025-10-17 22:56:01
10:18:07,19.32,0.01,243,469224,买盘,600089,2025-10-17 22:56:01
10:18:10,19.29,-0.03,1352,2609182,卖盘,600089,2025-10-17 22:56:01
10:18:13,19.28,-0.01,342,659479,卖盘,600089,2025-10-17 22:56:01
10:18:16,19.28,0.0,194,374100,卖盘,600089,2025-10-17 22:56:01
10:18:19,19.29,0.01,34,65562,买盘,600089,2025-10-17 22:56:01
10:18:22,19.29,0.0,65,125340,买盘,600089,2025-10-17 22:56:01
10:18:25,19.29,0.0,95,183223,买盘,600089,2025-10-17 22:56:01
10:18:28,19.28,-0.01,101,194775,卖盘,600089,2025-10-17 22:56:01
10:18:31,19.28,0.0,239,460844,卖盘,600089,2025-10-17 22:56:01
10:18:34,19.28,0.0,88,169714,卖盘,600089,2025-10-17 22:56:01
10:18:37,19.28,0.0,86,165828,卖盘,600089,2025-10-17 22:56:01
10:18:40,19.28,0.0,94,181247,卖盘,600089,2025-10-17 22:56:01
10:18:43,19.27,-0.01,780,1503636,卖盘,600089,2025-10-17 22:56:01
10:18:46,19.27,0.0,102,196629,卖盘,600089,2025-10-17 22:56:01
10:18:49,19.27,0.0,116,223547,卖盘,600089,2025-10-17 22:56:01
10:18:52,19.28,0.01,268,516468,买盘,600089,2025-10-17 22:56:01
10:18:55,19.28,0.0,110,211979,买盘,600089,2025-10-17 22:56:01
10:18:58,19.28,0.0,242,466367,买盘,600089,2025-10-17 22:56:01
10:19:01,19.27,-0.01,389,749693,卖盘,600089,2025-10-17 22:56:01
10:19:04,19.27,0.0,232,447066,卖盘,600089,2025-10-17 22:56:01
10:19:07,19.27,0.0,181,348818,买盘,600089,2025-10-17 22:56:01
10:19:10,19.27,0.0,21,40477,卖盘,600089,2025-10-17 22:56:01
10:19:13,19.28,0.01,374,721254,买盘,600089,2025-10-17 22:56:01
10:19:16,19.27,-0.01,104,200508,卖盘,600089,2025-10-17 22:56:01
10:19:19,19.28,0.01,62,119292,中性盘,600089,2025-10-17 22:56:01
10:19:22,19.29,0.01,123,236793,买盘,600089,2025-10-17 22:56:01
10:19:25,19.29,0.0,640,1233454,买盘,600089,2025-10-17 22:56:01
10:19:28,19.29,0.0,232,447435,买盘,600089,2025-10-17 22:56:01
10:19:31,19.29,0.0,97,186338,买盘,600089,2025-10-17 22:56:01
10:19:34,19.28,-0.01,84,162077,卖盘,600089,2025-10-17 22:56:01
10:19:37,19.29,0.01,206,397165,卖盘,600089,2025-10-17 22:56:01
10:19:40,19.28,-0.01,68,131111,卖盘,600089,2025-10-17 22:56:01
10:19:43,19.29,0.01,20,38577,买盘,600089,2025-10-17 22:56:01
10:19:46,19.29,0.0,58,111868,买盘,600089,2025-10-17 22:56:01
10:19:49,19.28,-0.01,77,148492,卖盘,600089,2025-10-17 22:56:01
10:19:52,19.28,0.0,98,189013,卖盘,600089,2025-10-17 22:56:01
10:19:55,19.28,0.0,36,69414,卖盘,600089,2025-10-17 22:56:01
10:19:58,19.28,0.0,96,185113,卖盘,600089,2025-10-17 22:56:01
10:20:01,19.28,0.0,201,387563,卖盘,600089,2025-10-17 22:56:01
10:20:04,19.28,0.0,124,239067,买盘,600089,2025-10-17 22:56:01
10:20:07,19.28,0.0,462,890712,买盘,600089,2025-10-17 22:56:01
10:20:10,19.26,-0.02,1733,3338846,卖盘,600089,2025-10-17 22:56:01
10:20:13,19.28,0.02,127,244616,买盘,600089,2025-10-17 22:56:01
10:20:16,19.26,-0.02,130,250329,卖盘,600089,2025-10-17 22:56:01
10:20:19,19.26,0.0,101,194500,买盘,600089,2025-10-17 22:56:01
10:20:22,19.26,0.0,198,381242,买盘,600089,2025-10-17 22:56:01
10:20:25,19.26,0.0,215,414031,买盘,600089,2025-10-17 22:56:01
10:20:28,19.26,0.0,273,525568,买盘,600089,2025-10-17 22:56:01
10:20:31,19.26,0.0,428,824000,买盘,600089,2025-10-17 22:56:01
10:20:34,19.26,0.0,167,321643,卖盘,600089,2025-10-17 22:56:01
10:20:37,19.25,-0.01,480,924435,卖盘,600089,2025-10-17 22:56:01
10:20:40,19.26,0.01,252,485208,买盘,600089,2025-10-17 22:56:01
10:20:43,19.25,-0.01,121,232978,卖盘,600089,2025-10-17 22:56:01
10:20:46,19.26,0.01,367,706540,买盘,600089,2025-10-17 22:56:01
10:20:49,19.25,-0.01,1877,3612110,卖盘,600089,2025-10-17 22:56:01
10:20:52,19.25,0.0,135,259872,买盘,600089,2025-10-17 22:56:01
10:20:55,19.25,0.0,217,417685,买盘,600089,2025-10-17 22:56:01
10:20:58,19.25,0.0,209,402133,买盘,600089,2025-10-17 22:56:01
10:21:01,19.25,0.0,298,573489,买盘,600089,2025-10-17 22:56:01
10:21:04,19.25,0.0,129,248308,买盘,600089,2025-10-17 22:56:01
10:21:07,19.24,-0.01,385,741095,卖盘,600089,2025-10-17 22:56:01
10:21:10,19.25,0.01,105,202120,中性盘,600089,2025-10-17 22:56:01
10:21:13,19.26,0.01,166,319617,买盘,600089,2025-10-17 22:56:01
10:21:16,19.25,-0.01,242,465046,卖盘,600089,2025-10-17 22:56:01
10:21:19,19.25,0.0,157,302265,卖盘,600089,2025-10-17 22:56:01
10:21:22,19.25,0.0,111,213706,买盘,600089,2025-10-17 22:56:01
10:21:25,19.25,0.0,212,408155,卖盘,600089,2025-10-17 22:56:01
10:21:28,19.27,0.02,155,298381,买盘,600089,2025-10-17 22:56:01
10:21:31,19.26,-0.01,109,209905,中性盘,600089,2025-10-17 22:56:01
10:21:34,19.27,0.01,153,294755,买盘,600089,2025-10-17 22:56:01
10:21:37,19.27,0.0,255,491488,卖盘,600089,2025-10-17 22:56:01
10:21:40,19.27,0.0,354,682298,卖盘,600089,2025-10-17 22:56:01
10:21:43,19.27,0.0,12,23124,买盘,600089,2025-10-17 22:56:01
10:21:46,19.27,0.0,199,383516,买盘,600089,2025-10-17 22:56:01
10:21:49,19.27,0.0,411,791847,卖盘,600089,2025-10-17 22:56:01
10:21:52,19.27,0.0,692,1333870,买盘,600089,2025-10-17 22:56:01
10:21:55,19.27,0.0,50,96358,卖盘,600089,2025-10-17 22:56:01
10:21:58,19.27,0.0,81,156104,卖盘,600089,2025-10-17 22:56:01
10:22:01,19.27,0.0,352,678469,卖盘,600089,2025-10-17 22:56:01
10:22:04,19.28,0.01,351,676653,买盘,600089,2025-10-17 22:56:01
10:22:07,19.28,0.0,208,401021,买盘,600089,2025-10-17 22:56:01
10:22:10,19.27,-0.01,752,1448548,卖盘,600089,2025-10-17 22:56:01
10:22:13,19.27,0.0,535,1030558,买盘,600089,2025-10-17 22:56:01
10:22:16,19.27,0.0,253,487479,买盘,600089,2025-10-17 22:56:01
10:22:19,19.27,0.0,348,670775,买盘,600089,2025-10-17 22:56:01
10:22:22,19.28,0.01,185,356513,买盘,600089,2025-10-17 22:56:01
10:22:25,19.28,0.0,117,225492,买盘,600089,2025-10-17 22:56:01
10:22:28,19.28,0.0,132,254496,买盘,600089,2025-10-17 22:56:01
10:22:31,19.28,0.0,140,269922,卖盘,600089,2025-10-17 22:56:01
10:22:34,19.29,0.01,565,1089847,买盘,600089,2025-10-17 22:56:01
10:22:37,19.32,0.03,3687,7114904,买盘,600089,2025-10-17 22:56:01
10:22:40,19.32,0.0,205,396060,买盘,600089,2025-10-17 22:56:01
10:22:43,19.32,0.0,83,160410,买盘,600089,2025-10-17 22:56:01
10:22:46,19.33,0.01,40,77296,买盘,600089,2025-10-17 22:56:01
10:22:49,19.33,0.0,85,165067,买盘,600089,2025-10-17 22:56:01
10:22:52,19.34,0.01,312,603288,买盘,600089,2025-10-17 22:56:01
10:22:55,19.33,-0.01,262,505734,卖盘,600089,2025-10-17 22:56:01
10:22:58,19.34,0.01,2333,4512939,买盘,600089,2025-10-17 22:56:01
10:23:01,19.32,-0.02,763,1474658,卖盘,600089,2025-10-17 22:56:01
10:23:04,19.31,-0.01,452,872732,卖盘,600089,2025-10-17 22:56:01
10:23:07,19.31,0.0,492,949557,买盘,600089,2025-10-17 22:56:01
10:23:10,19.29,-0.02,165,318408,卖盘,600089,2025-10-17 22:56:01
10:23:13,19.29,0.0,790,1523425,卖盘,600089,2025-10-17 22:56:01
10:23:16,19.29,0.0,215,414675,卖盘,600089,2025-10-17 22:56:01
10:23:19,19.29,0.0,486,937522,卖盘,600089,2025-10-17 22:56:01
10:23:22,19.29,0.0,434,836866,买盘,600089,2025-10-17 22:56:01
10:23:25,19.28,-0.01,55,106088,卖盘,600089,2025-10-17 22:56:01
10:23:28,19.29,0.01,152,293145,买盘,600089,2025-10-17 22:56:01
10:23:31,19.29,0.0,380,732820,买盘,600089,2025-10-17 22:56:01
10:23:34,19.28,-0.01,46,88724,卖盘,600089,2025-10-17 22:56:01
10:23:37,19.27,-0.01,699,1347224,卖盘,600089,2025-10-17 22:56:01
10:23:40,19.27,0.0,525,1011482,卖盘,600089,2025-10-17 22:56:01
10:23:43,19.27,0.0,473,911253,卖盘,600089,2025-10-17 22:56:01
10:23:46,19.27,0.0,151,290979,买盘,600089,2025-10-17 22:56:01
10:23:49,19.27,0.0,398,766913,卖盘,600089,2025-10-17 22:56:01
10:23:52,19.27,0.0,47,90581,买盘,600089,2025-10-17 22:56:01
10:23:55,19.28,0.01,31,59755,买盘,600089,2025-10-17 22:56:01
10:23:58,19.28,0.0,211,406699,买盘,600089,2025-10-17 22:56:01
10:24:01,19.28,0.0,491,946649,卖盘,600089,2025-10-17 22:56:01
10:24:04,19.27,-0.01,561,1081158,卖盘,600089,2025-10-17 22:56:01
10:24:07,19.27,0.0,179,344824,卖盘,600089,2025-10-17 22:56:01
10:24:10,19.27,0.0,484,932342,买盘,600089,2025-10-17 22:56:01
10:24:13,19.26,-0.01,161,310193,卖盘,600089,2025-10-17 22:56:01
10:24:16,19.27,0.01,166,319777,买盘,600089,2025-10-17 22:56:01
10:24:19,19.27,0.0,48,92496,卖盘,600089,2025-10-17 22:56:01
10:24:22,19.28,0.01,95,183118,买盘,600089,2025-10-17 22:56:01
10:24:25,19.28,0.0,148,285281,买盘,600089,2025-10-17 22:56:01
10:24:28,19.27,-0.01,255,491480,卖盘,600089,2025-10-17 22:56:01
10:24:31,19.28,0.01,215,414338,买盘,600089,2025-10-17 22:56:01
10:24:34,19.28,0.0,51,98321,买盘,600089,2025-10-17 22:56:01
10:24:37,19.29,0.01,109,210175,买盘,600089,2025-10-17 22:56:01
10:24:40,19.28,-0.01,231,445372,卖盘,600089,2025-10-17 22:56:01
10:24:43,19.27,-0.01,64,123390,卖盘,600089,2025-10-17 22:56:01
10:24:46,19.27,0.0,149,287168,卖盘,600089,2025-10-17 22:56:01
10:24:49,19.27,0.0,563,1084963,卖盘,600089,2025-10-17 22:56:01
10:24:52,19.27,0.0,133,256321,卖盘,600089,2025-10-17 22:56:01
10:24:55,19.27,0.0,343,660981,卖盘,600089,2025-10-17 22:56:01
10:24:58,19.27,0.0,144,277494,卖盘,600089,2025-10-17 22:56:01
10:25:01,19.28,0.01,129,248605,买盘,600089,2025-10-17 22:56:01
10:25:04,19.27,-0.01,252,485729,卖盘,600089,2025-10-17 22:56:01
10:25:07,19.27,0.0,242,466568,卖盘,600089,2025-10-17 22:56:01
10:25:10,19.27,0.0,582,1121710,卖盘,600089,2025-10-17 22:56:01
10:25:13,19.28,0.01,34,65548,买盘,600089,2025-10-17 22:56:01
10:25:16,19.27,-0.01,62,119475,卖盘,600089,2025-10-17 22:56:01
10:25:19,19.28,0.01,119,229412,买盘,600089,2025-10-17 22:56:01
10:25:22,19.28,0.0,214,412555,买盘,600089,2025-10-17 22:56:01
10:25:25,19.27,-0.01,195,375857,卖盘,600089,2025-10-17 22:56:01
10:25:28,19.27,0.0,188,361373,卖盘,600089,2025-10-17 22:56:01
10:25:31,19.28,0.01,141,271828,买盘,600089,2025-10-17 22:56:01
10:25:34,19.28,0.0,80,154258,卖盘,600089,2025-10-17 22:56:01
10:25:37,19.28,0.0,49,94481,卖盘,600089,2025-10-17 22:56:01
10:25:40,19.28,0.0,267,514805,卖盘,600089,2025-10-17 22:56:01
10:25:43,19.28,0.0,451,870188,买盘,600089,2025-10-17 22:56:01
10:25:46,19.28,0.0,122,235241,卖盘,600089,2025-10-17 22:56:01
10:25:49,19.29,0.01,117,225632,买盘,600089,2025-10-17 22:56:01
10:25:52,19.3,0.01,913,1761909,买盘,600089,2025-10-17 22:56:01
10:25:55,19.31,0.01,68,131271,买盘,600089,2025-10-17 22:56:01
10:25:58,19.32,0.01,122,234550,买盘,600089,2025-10-17 22:56:01
10:26:01,19.31,-0.01,118,227949,卖盘,600089,2025-10-17 22:56:01
10:26:04,19.3,-0.01,884,1705414,卖盘,600089,2025-10-17 22:56:01
10:26:07,19.29,-0.01,446,860187,卖盘,600089,2025-10-17 22:56:01
10:26:10,19.28,-0.01,500,963357,卖盘,600089,2025-10-17 22:56:01
10:26:13,19.29,0.01,1818,3503729,买盘,600089,2025-10-17 22:56:01
10:26:16,19.31,0.02,64,123547,买盘,600089,2025-10-17 22:56:01
10:26:19,19.29,-0.02,324,624746,买盘,600089,2025-10-17 22:56:01
10:26:22,19.29,0.0,22,42434,卖盘,600089,2025-10-17 22:56:01
10:26:25,19.31,0.02,195,376492,买盘,600089,2025-10-17 22:56:01
10:26:28,19.3,-0.01,262,505440,卖盘,600089,2025-10-17 22:56:01
10:26:31,19.31,0.01,88,169809,买盘,600089,2025-10-17 22:56:01
10:26:34,19.31,0.0,38,73396,卖盘,600089,2025-10-17 22:56:01
10:26:37,19.3,-0.01,98,189166,卖盘,600089,2025-10-17 22:56:01
10:26:40,19.3,0.0,55,106150,卖盘,600089,2025-10-17 22:56:01
10:26:43,19.3,0.0,46,88780,买盘,600089,2025-10-17 22:56:01
10:26:46,19.3,0.0,262,505866,买盘,600089,2025-10-17 22:56:01
10:26:49,19.3,0.0,103,198784,买盘,600089,2025-10-17 22:56:01
10:26:52,19.3,0.0,282,544210,买盘,600089,2025-10-17 22:56:01
10:26:55,19.3,0.0,85,164062,卖盘,600089,2025-10-17 22:56:01
10:26:58,19.31,0.01,9,17373,买盘,600089,2025-10-17 22:56:01
10:27:01,19.3,-0.01,78,150596,卖盘,600089,2025-10-17 22:56:01
10:27:04,19.31,0.01,442,853479,买盘,600089,2025-10-17 22:56:01
10:27:07,19.31,0.0,170,328431,卖盘,600089,2025-10-17 22:56:01
10:27:10,19.33,0.02,136,262828,买盘,600089,2025-10-17 22:56:01
10:27:13,19.32,-0.01,100,193228,卖盘,600089,2025-10-17 22:56:01
10:27:16,19.34,0.02,181,349737,买盘,600089,2025-10-17 22:56:01
10:27:19,19.34,0.0,68,131487,买盘,600089,2025-10-17 22:56:01
10:27:22,19.35,0.01,275,532132,买盘,600089,2025-10-17 22:56:01
10:27:25,19.36,0.01,568,1100874,买盘,600089,2025-10-17 22:56:01
10:27:28,19.36,0.0,195,377530,卖盘,600089,2025-10-17 22:56:01
10:27:31,19.36,0.0,173,335124,卖盘,600089,2025-10-17 22:56:01
10:27:34,19.39,0.03,1344,2605434,买盘,600089,2025-10-17 22:56:01
10:27:37,19.39,0.0,841,1630736,卖盘,600089,2025-10-17 22:56:01
10:27:40,19.39,0.0,268,519615,买盘,600089,2025-10-17 22:56:01
10:27:43,19.4,0.01,139,269636,买盘,600089,2025-10-17 22:56:01
10:27:46,19.4,0.0,283,549009,买盘,600089,2025-10-17 22:56:01
10:27:49,19.4,0.0,283,548649,买盘,600089,2025-10-17 22:56:01
10:27:52,19.42,0.02,96,186270,买盘,600089,2025-10-17 22:56:01
10:27:55,19.42,0.0,699,1356259,买盘,600089,2025-10-17 22:56:01
10:27:58,19.41,-0.01,626,1215253,买盘,600089,2025-10-17 22:56:01
10:28:01,19.41,0.0,818,1587065,买盘,600089,2025-10-17 22:56:01
10:28:04,19.41,0.0,647,1255388,买盘,600089,2025-10-17 22:56:01
10:28:07,19.42,0.01,917,1779628,买盘,600089,2025-10-17 22:56:01
10:28:10,19.39,-0.03,513,995575,卖盘,600089,2025-10-17 22:56:01
10:28:13,19.39,0.0,802,1556575,买盘,600089,2025-10-17 22:56:01
10:28:16,19.41,0.02,177,343340,买盘,600089,2025-10-17 22:56:01
10:28:19,19.4,-0.01,279,541276,买盘,600089,2025-10-17 22:56:01
10:28:22,19.4,0.0,198,384152,卖盘,600089,2025-10-17 22:56:01
10:28:25,19.4,0.0,368,713954,买盘,600089,2025-10-17 22:56:01
10:28:28,19.41,0.01,109,211479,买盘,600089,2025-10-17 22:56:01
10:28:31,19.41,0.0,582,1129100,买盘,600089,2025-10-17 22:56:01
10:28:34,19.4,-0.01,157,304632,卖盘,600089,2025-10-17 22:56:01
10:28:37,19.4,0.0,314,609241,买盘,600089,2025-10-17 22:56:01
10:28:40,19.41,0.01,330,640166,买盘,600089,2025-10-17 22:56:01
10:28:43,19.4,-0.01,444,861573,卖盘,600089,2025-10-17 22:56:01
10:28:46,19.4,0.0,214,415183,买盘,600089,2025-10-17 22:56:01
10:28:49,19.41,0.01,209,405495,买盘,600089,2025-10-17 22:56:01
10:28:52,19.4,-0.01,212,411389,卖盘,600089,2025-10-17 22:56:01
10:28:55,19.41,0.01,466,904612,买盘,600089,2025-10-17 22:56:01
10:28:58,19.39,-0.02,1149,2228462,卖盘,600089,2025-10-17 22:56:01
10:29:01,19.36,-0.03,1250,2421029,卖盘,600089,2025-10-17 22:56:01
10:29:04,19.34,-0.02,257,497180,卖盘,600089,2025-10-17 22:56:01
10:29:07,19.34,0.0,211,408017,买盘,600089,2025-10-17 22:56:01
10:29:10,19.34,0.0,141,272708,买盘,600089,2025-10-17 22:56:01
10:29:13,19.36,0.02,78,150887,买盘,600089,2025-10-17 22:56:01
10:29:16,19.36,0.0,82,158688,买盘,600089,2025-10-17 22:56:01
10:29:19,19.35,-0.01,268,518755,卖盘,600089,2025-10-17 22:56:01
10:29:22,19.35,0.0,1135,2197245,买盘,600089,2025-10-17 22:56:01
10:29:25,19.35,0.0,811,1568619,卖盘,600089,2025-10-17 22:56:01
10:29:28,19.34,-0.01,790,1528773,中性盘,600089,2025-10-17 22:56:01
10:29:31,19.35,0.01,46,89014,买盘,600089,2025-10-17 22:56:01
10:29:34,19.34,-0.01,279,539618,卖盘,600089,2025-10-17 22:56:01
10:29:37,19.33,-0.01,172,332594,卖盘,600089,2025-10-17 22:56:01
10:29:40,19.35,0.02,128,247622,买盘,600089,2025-10-17 22:56:01
10:29:43,19.35,0.0,25,48369,买盘,600089,2025-10-17 22:56:01
10:29:46,19.36,0.01,76,147116,买盘,600089,2025-10-17 22:56:01
10:29:49,19.3,-0.06,3344,6457089,卖盘,600089,2025-10-17 22:56:01
10:29:52,19.35,0.05,1395,2692369,买盘,600089,2025-10-17 22:56:01
10:29:55,19.34,-0.01,268,518256,卖盘,600089,2025-10-17 22:56:01
10:29:58,19.31,-0.03,239,461325,中性盘,600089,2025-10-17 22:56:01
10:30:01,19.29,-0.02,1117,2154264,卖盘,600089,2025-10-17 22:56:01
10:30:04,19.29,0.0,324,624995,买盘,600089,2025-10-17 22:56:01
10:30:07,19.3,0.01,359,692603,买盘,600089,2025-10-17 22:56:01
10:30:10,19.3,0.0,42,81036,买盘,600089,2025-10-17 22:56:01
10:30:13,19.3,0.0,97,187132,买盘,600089,2025-10-17 22:56:01
10:30:16,19.3,0.0,78,150533,卖盘,600089,2025-10-17 22:56:01
10:30:19,19.31,0.01,40,77228,买盘,600089,2025-10-17 22:56:01
10:30:22,19.31,0.0,215,415095,买盘,600089,2025-10-17 22:56:01
10:30:25,19.31,0.0,4037,7778960,卖盘,600089,2025-10-17 22:56:01
10:30:28,19.3,-0.01,85,164089,卖盘,600089,2025-10-17 22:56:01
10:30:31,19.33,0.03,65,125571,买盘,600089,2025-10-17 22:56:01
10:30:34,19.31,-0.02,16,30896,卖盘,600089,2025-10-17 22:56:01
10:30:37,19.3,-0.01,334,645309,卖盘,600089,2025-10-17 22:56:01
10:30:40,19.32,0.02,45,86926,买盘,600089,2025-10-17 22:56:01
10:30:43,19.32,0.0,8,15456,买盘,600089,2025-10-17 22:56:01
10:30:46,19.3,-0.02,206,397038,卖盘,600089,2025-10-17 22:56:01
10:30:49,19.31,0.01,21,40545,中性盘,600089,2025-10-17 22:56:01
10:30:52,19.32,0.01,1148,2216101,买盘,600089,2025-10-17 22:56:01
10:30:55,19.31,-0.01,233,450324,卖盘,600089,2025-10-17 22:56:01
10:30:58,19.31,0.0,72,139077,卖盘,600089,2025-10-17 22:56:01
10:31:01,19.32,0.01,614,1185755,买盘,600089,2025-10-17 22:56:01
10:31:04,19.32,0.0,243,469056,买盘,600089,2025-10-17 22:56:01
10:31:07,19.31,-0.01,132,254953,卖盘,600089,2025-10-17 22:56:01
10:31:10,19.32,0.01,121,233717,买盘,600089,2025-10-17 22:56:01
10:31:13,19.32,0.0,100,192954,买盘,600089,2025-10-17 22:56:01
10:31:16,19.32,0.0,122,235693,买盘,600089,2025-10-17 22:56:01
10:31:19,19.31,-0.01,181,349623,卖盘,600089,2025-10-17 22:56:01
10:31:22,19.33,0.02,318,614063,买盘,600089,2025-10-17 22:56:01
10:31:25,19.31,-0.02,33,63754,卖盘,600089,2025-10-17 22:56:01
10:31:28,19.32,0.01,114,220249,卖盘,600089,2025-10-17 22:56:01
10:31:31,19.32,0.0,83,160368,卖盘,600089,2025-10-17 22:56:01
10:31:34,19.32,0.0,216,417119,卖盘,600089,2025-10-17 22:56:01
10:31:37,19.32,0.0,111,214513,买盘,600089,2025-10-17 22:56:01
10:31:40,19.34,0.02,77,148734,买盘,600089,2025-10-17 22:56:01
10:31:43,19.34,0.0,169,326795,买盘,600089,2025-10-17 22:56:01
10:31:46,19.35,0.01,157,303612,买盘,600089,2025-10-17 22:56:01
10:31:49,19.35,0.0,43,83204,买盘,600089,2025-10-17 22:56:01
10:31:52,19.35,0.0,128,247616,买盘,600089,2025-10-17 22:56:01
10:31:55,19.36,0.01,127,245802,买盘,600089,2025-10-17 22:56:01
10:31:58,19.37,0.01,175,338879,买盘,600089,2025-10-17 22:56:01
10:32:01,19.36,-0.01,48,92932,卖盘,600089,2025-10-17 22:56:01
10:32:04,19.35,-0.01,672,1300929,卖盘,600089,2025-10-17 22:56:01
10:32:07,19.34,-0.01,490,947748,卖盘,600089,2025-10-17 22:56:01
10:32:10,19.34,0.0,571,1104551,买盘,600089,2025-10-17 22:56:01
10:32:13,19.34,0.0,184,355870,买盘,600089,2025-10-17 22:56:01
10:32:16,19.34,0.0,105,203104,卖盘,600089,2025-10-17 22:56:01
10:32:19,19.34,0.0,225,435167,卖盘,600089,2025-10-17 22:56:01
10:32:22,19.33,-0.01,432,835633,卖盘,600089,2025-10-17 22:56:01
10:32:25,19.35,0.02,425,821358,买盘,600089,2025-10-17 22:56:01
10:32:28,19.34,-0.01,82,157728,卖盘,600089,2025-10-17 22:56:01
10:32:31,19.33,-0.01,314,606995,卖盘,600089,2025-10-17 22:56:01
10:32:34,19.35,0.02,258,498959,买盘,600089,2025-10-17 22:56:01
10:32:37,19.35,0.0,55,106425,卖盘,600089,2025-10-17 22:56:01
10:32:40,19.36,0.01,25,48383,买盘,600089,2025-10-17 22:56:01
10:32:43,19.36,0.0,48,92912,买盘,600089,2025-10-17 22:56:01
10:32:46,19.36,0.0,211,408472,中性盘,600089,2025-10-17 22:56:01
10:32:49,19.37,0.01,148,286668,买盘,600089,2025-10-17 22:56:01
10:32:52,19.37,0.0,55,106535,卖盘,600089,2025-10-17 22:56:01
10:32:55,19.37,0.0,112,216917,卖盘,600089,2025-10-17 22:56:01
10:32:58,19.37,0.0,313,606168,买盘,600089,2025-10-17 22:56:01
10:33:01,19.35,-0.02,540,1045490,卖盘,600089,2025-10-17 22:56:01
10:33:04,19.34,-0.01,1126,2175884,卖盘,600089,2025-10-17 22:56:01
10:33:07,19.32,-0.02,121,233920,卖盘,600089,2025-10-17 22:56:01
10:33:10,19.34,0.02,155,298687,买盘,600089,2025-10-17 22:56:01
10:33:13,19.34,0.0,133,257274,卖盘,600089,2025-10-17 22:56:01
10:33:16,19.34,0.0,197,380063,卖盘,600089,2025-10-17 22:56:01
10:33:19,19.34,0.0,280,540495,买盘,600089,2025-10-17 22:56:01
10:33:22,19.36,0.02,69,133556,买盘,600089,2025-10-17 22:56:01
10:33:25,19.36,0.0,162,313631,买盘,600089,2025-10-17 22:56:01
10:33:28,19.35,-0.01,302,584479,卖盘,600089,2025-10-17 22:56:01
10:33:31,19.37,0.02,92,177929,买盘,600089,2025-10-17 22:56:01
10:33:34,19.36,-0.01,236,457003,卖盘,600089,2025-10-17 22:56:01
10:33:37,19.34,-0.02,396,766349,卖盘,600089,2025-10-17 22:56:01
10:33:40,19.33,-0.01,542,1048902,卖盘,600089,2025-10-17 22:56:01
10:33:43,19.35,0.02,146,282292,买盘,600089,2025-10-17 22:56:01
10:33:46,19.33,-0.02,173,334462,卖盘,600089,2025-10-17 22:56:01
10:33:49,19.34,0.01,67,129550,买盘,600089,2025-10-17 22:56:01
10:33:52,19.34,0.0,33,63822,买盘,600089,2025-10-17 22:56:01
10:33:55,19.34,0.0,196,379014,买盘,600089,2025-10-17 22:56:01
10:33:58,19.33,-0.01,130,251349,卖盘,600089,2025-10-17 22:56:01
10:34:01,19.33,0.0,219,423371,卖盘,600089,2025-10-17 22:56:01
10:34:04,19.33,0.0,140,270695,卖盘,600089,2025-10-17 22:56:01
10:34:07,19.34,0.01,95,183663,买盘,600089,2025-10-17 22:56:01
10:34:10,19.33,-0.01,139,268783,卖盘,600089,2025-10-17 22:56:01
10:34:13,19.34,0.01,208,402076,买盘,600089,2025-10-17 22:56:01
10:34:16,19.34,0.0,127,246200,卖盘,600089,2025-10-17 22:56:01
10:34:19,19.35,0.01,85,164450,买盘,600089,2025-10-17 22:56:01
10:34:22,19.35,0.0,74,143171,买盘,600089,2025-10-17 22:56:01
10:34:25,19.35,0.0,511,988783,买盘,600089,2025-10-17 22:56:01
10:34:28,19.35,0.0,71,137385,卖盘,600089,2025-10-17 22:56:01
10:34:31,19.36,0.01,15,29032,买盘,600089,2025-10-17 22:56:01
10:34:34,19.35,-0.01,76,147089,卖盘,600089,2025-10-17 22:56:01
10:34:37,19.36,0.01,87,168366,买盘,600089,2025-10-17 22:56:01
10:34:40,19.36,0.0,11,21294,买盘,600089,2025-10-17 22:56:01
10:34:43,19.37,0.01,38,73569,买盘,600089,2025-10-17 22:56:01
10:34:46,19.37,0.0,134,259493,买盘,600089,2025-10-17 22:56:01
10:34:49,19.37,0.0,324,627521,买盘,600089,2025-10-17 22:56:01
10:34:52,19.37,0.0,168,325413,买盘,600089,2025-10-17 22:56:01
10:34:55,19.37,0.0,71,137562,卖盘,600089,2025-10-17 22:56:01
10:34:58,19.4,0.03,1190,2307230,买盘,600089,2025-10-17 22:56:01
10:35:01,19.4,0.0,914,1773235,卖盘,600089,2025-10-17 22:56:01
10:35:04,19.4,0.0,753,1460831,卖盘,600089,2025-10-17 22:56:01
10:35:07,19.4,0.0,399,774862,卖盘,600089,2025-10-17 22:56:01
10:35:10,19.42,0.02,125,241839,买盘,600089,2025-10-17 22:56:01
10:35:13,19.42,0.0,172,333734,买盘,600089,2025-10-17 22:56:01
10:35:16,19.42,0.0,105,203837,买盘,600089,2025-10-17 22:56:01
10:35:19,19.42,0.0,427,828675,买盘,600089,2025-10-17 22:56:01
10:35:22,19.41,-0.01,228,442577,卖盘,600089,2025-10-17 22:56:01
10:35:25,19.41,0.0,437,848364,买盘,600089,2025-10-17 22:56:01
10:35:28,19.42,0.01,344,668756,买盘,600089,2025-10-17 22:56:01
10:35:31,19.4,-0.02,828,1606945,卖盘,600089,2025-10-17 22:56:01
10:35:34,19.4,0.0,412,799375,买盘,600089,2025-10-17 22:56:01
10:35:37,19.4,0.0,134,259943,买盘,600089,2025-10-17 22:56:01
10:35:40,19.4,0.0,508,985338,买盘,600089,2025-10-17 22:56:01
10:35:43,19.39,-0.01,180,349034,卖盘,600089,2025-10-17 22:56:01
10:35:46,19.39,0.0,135,261848,买盘,600089,2025-10-17 22:56:01
10:35:49,19.39,0.0,53,102764,卖盘,600089,2025-10-17 22:56:01
10:35:52,19.38,-0.01,95,184197,卖盘,600089,2025-10-17 22:56:01
10:35:55,19.39,0.01,135,261737,买盘,600089,2025-10-17 22:56:01
10:35:58,19.39,0.0,164,317934,买盘,600089,2025-10-17 22:56:01
10:36:01,19.38,-0.01,2476,4800918,卖盘,600089,2025-10-17 22:56:01
10:36:04,19.38,0.0,1981,3839183,卖盘,600089,2025-10-17 22:56:01
10:36:07,19.38,0.0,186,360324,买盘,600089,2025-10-17 22:56:01
10:36:10,19.36,-0.02,153,296463,卖盘,600089,2025-10-17 22:56:01
10:36:13,19.38,0.02,96,186014,买盘,600089,2025-10-17 22:56:01
10:36:16,19.37,-0.01,238,460933,中性盘,600089,2025-10-17 22:56:01
10:36:19,19.38,0.01,127,246109,买盘,600089,2025-10-17 22:56:01
10:36:22,19.38,0.0,43,83335,卖盘,600089,2025-10-17 22:56:01
10:36:25,19.38,0.0,23,44595,卖盘,600089,2025-10-17 22:56:01
10:36:28,19.39,0.01,68,131820,买盘,600089,2025-10-17 22:56:01
10:36:31,19.39,0.0,175,339165,买盘,600089,2025-10-17 22:56:01
10:36:34,19.38,-0.01,171,331538,卖盘,600089,2025-10-17 22:56:01
10:36:37,19.39,0.01,101,195835,买盘,600089,2025-10-17 22:56:01
10:36:40,19.4,0.01,123,238519,买盘,600089,2025-10-17 22:56:01
10:36:43,19.4,0.0,23,44617,买盘,600089,2025-10-17 22:56:01
10:36:46,19.39,-0.01,153,296749,卖盘,600089,2025-10-17 22:56:01
10:36:49,19.39,0.0,34,65940,卖盘,600089,2025-10-17 22:56:01
10:36:52,19.39,0.0,167,323972,卖盘,600089,2025-10-17 22:56:01
10:36:55,19.4,0.01,28,54309,买盘,600089,2025-10-17 22:56:01
10:36:58,19.4,0.0,99,192035,买盘,600089,2025-10-17 22:56:01
10:37:01,19.39,-0.01,614,1190611,卖盘,600089,2025-10-17 22:56:01
10:37:04,19.39,0.0,233,451942,卖盘,600089,2025-10-17 22:56:01
10:37:07,19.4,0.01,238,461694,买盘,600089,2025-10-17 22:56:01
10:37:10,19.4,0.0,67,129980,卖盘,600089,2025-10-17 22:56:01
10:37:13,19.4,0.0,161,312209,卖盘,600089,2025-10-17 22:56:01
10:37:16,19.41,0.01,135,262001,买盘,600089,2025-10-17 22:56:01
10:37:19,19.41,0.0,100,194067,买盘,600089,2025-10-17 22:56:01
10:37:22,19.41,0.0,285,553095,买盘,600089,2025-10-17 22:56:01
10:37:25,19.41,0.0,93,180516,卖盘,600089,2025-10-17 22:56:01
10:37:28,19.42,0.01,318,617330,买盘,600089,2025-10-17 22:56:01
10:37:31,19.41,-0.01,157,304841,卖盘,600089,2025-10-17 22:56:01
10:37:34,19.41,0.0,145,281524,卖盘,600089,2025-10-17 22:56:01
10:37:37,19.42,0.01,380,737892,买盘,600089,2025-10-17 22:56:01
10:37:40,19.42,0.0,246,477843,卖盘,600089,2025-10-17 22:56:01
10:37:43,19.42,0.0,207,402056,卖盘,600089,2025-10-17 22:56:01
10:37:46,19.42,0.0,351,681587,买盘,600089,2025-10-17 22:56:01
10:37:49,19.42,0.0,323,627231,买盘,600089,2025-10-17 22:56:01
10:37:52,19.41,-0.01,267,518429,卖盘,600089,2025-10-17 22:56:01
10:37:55,19.41,0.0,206,399838,买盘,600089,2025-10-17 22:56:01
10:37:58,19.41,0.0,115,223202,买盘,600089,2025-10-17 22:56:01
10:38:01,19.41,0.0,599,1162385,买盘,600089,2025-10-17 22:56:01
10:38:04,19.4,-0.01,368,713971,卖盘,600089,2025-10-17 22:56:01
10:38:07,19.4,0.0,122,236718,买盘,600089,2025-10-17 22:56:01
10:38:10,19.41,0.01,205,397784,买盘,600089,2025-10-17 22:56:01
10:38:13,19.4,-0.01,169,327889,卖盘,600089,2025-10-17 22:56:01
10:38:16,19.4,0.0,202,391883,买盘,600089,2025-10-17 22:56:01
10:38:19,19.4,0.0,92,178468,买盘,600089,2025-10-17 22:56:01
10:38:22,19.4,0.0,133,258021,买盘,600089,2025-10-17 22:56:01
10:38:25,19.4,0.0,32,62080,卖盘,600089,2025-10-17 22:56:01
10:38:28,19.41,0.01,231,448247,买盘,600089,2025-10-17 22:56:01
10:38:31,19.41,0.0,237,459132,买盘,600089,2025-10-17 22:56:01
10:38:34,19.41,0.0,466,904204,卖盘,600089,2025-10-17 22:56:01
10:38:37,19.41,0.0,130,252327,卖盘,600089,2025-10-17 22:56:01
10:38:40,19.41,0.0,142,275588,卖盘,600089,2025-10-17 22:56:01
10:38:43,19.41,0.0,94,182526,买盘,600089,2025-10-17 22:56:01
10:38:46,19.42,0.01,114,221349,买盘,600089,2025-10-17 22:56:01
10:38:49,19.42,0.0,613,1189986,买盘,600089,2025-10-17 22:56:01
10:38:52,19.41,-0.01,167,324264,卖盘,600089,2025-10-17 22:56:01
10:38:55,19.42,0.01,30,58254,买盘,600089,2025-10-17 22:56:01
10:38:58,19.42,0.0,278,539730,买盘,600089,2025-10-17 22:56:01
10:39:01,19.42,0.0,383,743720,买盘,600089,2025-10-17 22:56:01
10:39:04,19.43,0.01,222,431243,买盘,600089,2025-10-17 22:56:01
10:39:07,19.44,0.01,182,353790,买盘,600089,2025-10-17 22:56:01
10:39:10,19.44,0.0,230,447101,买盘,600089,2025-10-17 22:56:01
10:39:13,19.44,0.0,251,487862,买盘,600089,2025-10-17 22:56:01
10:39:16,19.44,0.0,59,114703,卖盘,600089,2025-10-17 22:56:01
10:39:19,19.44,0.0,103,200272,卖盘,600089,2025-10-17 22:56:01
10:39:22,19.44,0.0,144,279972,卖盘,600089,2025-10-17 22:56:01
10:39:25,19.45,0.01,231,449225,买盘,600089,2025-10-17 22:56:01
10:39:28,19.44,-0.01,109,211921,卖盘,600089,2025-10-17 22:56:01
10:39:31,19.44,0.0,260,505626,卖盘,600089,2025-10-17 22:56:01
10:39:34,19.44,0.0,436,847999,卖盘,600089,2025-10-17 22:56:01
10:39:37,19.45,0.01,300,583330,买盘,600089,2025-10-17 22:56:01
10:39:40,19.45,0.0,154,299484,买盘,600089,2025-10-17 22:56:01
10:39:43,19.45,0.0,499,970505,买盘,600089,2025-10-17 22:56:01
10:39:46,19.45,0.0,275,534834,买盘,600089,2025-10-17 22:56:01
10:39:49,19.45,0.0,131,254790,买盘,600089,2025-10-17 22:56:01
10:39:52,19.46,0.01,76,147833,买盘,600089,2025-10-17 22:56:01
10:39:55,19.47,0.01,346,673314,买盘,600089,2025-10-17 22:56:01
10:39:58,19.47,0.0,47,91481,买盘,600089,2025-10-17 22:56:01
10:40:01,19.47,0.0,1560,3035962,买盘,600089,2025-10-17 22:56:01
10:40:04,19.46,-0.01,585,1138774,卖盘,600089,2025-10-17 22:56:01
10:40:07,19.47,0.01,186,362105,买盘,600089,2025-10-17 22:56:01
10:40:10,19.47,0.0,138,267625,买盘,600089,2025-10-17 22:56:01
10:40:13,19.47,0.0,359,698963,卖盘,600089,2025-10-17 22:56:01
10:40:16,19.48,0.01,65,126574,买盘,600089,2025-10-17 22:56:01
10:40:19,19.47,-0.01,81,157739,卖盘,600089,2025-10-17 22:56:01
10:40:22,19.48,0.01,484,942822,买盘,600089,2025-10-17 22:56:01
10:40:25,19.48,0.0,423,823709,买盘,600089,2025-10-17 22:56:01
10:40:28,19.47,-0.01,548,1067233,卖盘,600089,2025-10-17 22:56:01
10:40:31,19.48,0.01,596,1161009,买盘,600089,2025-10-17 22:56:01
10:40:34,19.47,-0.01,298,580260,卖盘,600089,2025-10-17 22:56:01
10:40:37,19.47,0.0,747,1454925,买盘,600089,2025-10-17 22:56:01
10:40:40,19.48,0.01,184,358316,买盘,600089,2025-10-17 22:56:01
10:40:43,19.48,0.0,278,541470,买盘,600089,2025-10-17 22:56:01
10:40:46,19.48,0.0,137,266851,买盘,600089,2025-10-17 22:56:01
10:40:49,19.48,0.0,611,1190239,买盘,600089,2025-10-17 22:56:01
10:40:52,19.48,0.0,9,17532,卖盘,600089,2025-10-17 22:56:01
10:40:55,19.49,0.01,111,216327,买盘,600089,2025-10-17 22:56:01
10:40:58,19.49,0.0,858,1672175,买盘,600089,2025-10-17 22:56:01
10:41:01,19.49,0.0,209,407407,卖盘,600089,2025-10-17 22:56:01
10:41:04,19.5,0.01,517,1007752,买盘,600089,2025-10-17 22:56:01
10:41:07,19.5,0.0,1276,2488756,买盘,600089,2025-10-17 22:56:01
10:41:10,19.5,0.0,28,54619,卖盘,600089,2025-10-17 22:56:01
10:41:13,19.52,0.02,197,384489,买盘,600089,2025-10-17 22:56:01
10:41:16,19.51,-0.01,445,868308,卖盘,600089,2025-10-17 22:56:01
10:41:19,19.51,0.0,573,1118464,买盘,600089,2025-10-17 22:56:01
10:41:22,19.5,-0.01,844,1645346,卖盘,600089,2025-10-17 22:56:01
10:41:25,19.49,-0.01,536,1044995,卖盘,600089,2025-10-17 22:56:01
10:41:28,19.48,-0.01,341,664490,卖盘,600089,2025-10-17 22:56:01
10:41:31,19.47,-0.01,359,699317,卖盘,600089,2025-10-17 22:56:01
10:41:34,19.48,0.01,1325,2582001,买盘,600089,2025-10-17 22:56:01
10:41:37,19.48,0.0,531,1033999,买盘,600089,2025-10-17 22:56:01
10:41:40,19.48,0.0,209,407051,买盘,600089,2025-10-17 22:56:01
10:41:43,19.48,0.0,54,104383,买盘,600089,2025-10-17 22:56:01
10:41:46,19.47,-0.01,330,643380,卖盘,600089,2025-10-17 22:56:01
10:41:49,19.47,0.0,65,126555,买盘,600089,2025-10-17 22:56:01
10:41:52,19.46,-0.01,56,108985,卖盘,600089,2025-10-17 22:56:01
10:41:55,19.46,0.0,1113,2166687,卖盘,600089,2025-10-17 22:56:01
10:41:58,19.44,-0.02,840,1633502,卖盘,600089,2025-10-17 22:56:01
10:42:01,19.45,0.01,171,332698,买盘,600089,2025-10-17 22:56:01
10:42:04,19.43,-0.02,77,149691,卖盘,600089,2025-10-17 22:56:01
10:42:07,19.43,0.0,119,231354,卖盘,600089,2025-10-17 22:56:01
10:42:10,19.45,0.02,1258,2447866,买盘,600089,2025-10-17 22:56:01
10:42:13,19.47,0.02,1360,2646797,买盘,600089,2025-10-17 22:56:01
10:42:16,19.48,0.01,598,1165564,中性盘,600089,2025-10-17 22:56:01
10:42:19,19.51,0.03,377,735931,买盘,600089,2025-10-17 22:56:01
10:42:22,19.51,0.0,410,800874,买盘,600089,2025-10-17 22:56:01
10:42:25,19.52,0.01,202,394439,中性盘,600089,2025-10-17 22:56:01
10:42:28,19.55,0.03,725,1417000,买盘,600089,2025-10-17 22:56:01
10:42:31,19.55,0.0,57,111448,中性盘,600089,2025-10-17 22:56:01
10:42:34,19.54,-0.01,311,608213,卖盘,600089,2025-10-17 22:56:01
10:42:37,19.54,0.0,451,881539,卖盘,600089,2025-10-17 22:56:01
10:42:40,19.55,0.01,600,1172757,买盘,600089,2025-10-17 22:56:01
10:42:43,19.54,-0.01,149,291252,卖盘,600089,2025-10-17 22:56:01
10:42:46,19.55,0.01,323,631458,买盘,600089,2025-10-17 22:56:01
10:42:49,19.55,0.0,373,729178,卖盘,600089,2025-10-17 22:56:01
10:42:52,19.54,-0.01,1232,2409311,卖盘,600089,2025-10-17 22:56:01
10:42:55,19.55,0.01,478,934381,买盘,600089,2025-10-17 22:56:01
10:42:58,19.53,-0.02,501,979166,卖盘,600089,2025-10-17 22:56:01
10:43:01,19.52,-0.01,1030,2011647,卖盘,600089,2025-10-17 22:56:01
10:43:04,19.51,-0.01,653,1274416,卖盘,600089,2025-10-17 22:56:01
10:43:07,19.5,-0.01,670,1306474,卖盘,600089,2025-10-17 22:56:01
10:43:10,19.48,-0.02,138,268977,卖盘,600089,2025-10-17 22:56:01
10:43:13,19.46,-0.02,126,245389,卖盘,600089,2025-10-17 22:56:01
10:43:16,19.45,-0.01,91,177126,卖盘,600089,2025-10-17 22:56:01
10:43:19,19.46,0.01,485,943398,买盘,600089,2025-10-17 22:56:01
10:43:22,19.45,-0.01,124,241213,卖盘,600089,2025-10-17 22:56:01
10:43:25,19.45,0.0,162,315244,买盘,600089,2025-10-17 22:56:01
10:43:28,19.48,0.03,147,286167,买盘,600089,2025-10-17 22:56:01
10:43:31,19.48,0.0,61,118705,买盘,600089,2025-10-17 22:56:01
10:43:34,19.48,0.0,106,206412,买盘,600089,2025-10-17 22:56:01
10:43:37,19.47,-0.01,148,288202,中性盘,600089,2025-10-17 22:56:01
10:43:40,19.47,0.0,130,253076,买盘,600089,2025-10-17 22:56:01
10:43:43,19.47,0.0,77,149901,买盘,600089,2025-10-17 22:56:01
10:43:46,19.47,0.0,178,346485,买盘,600089,2025-10-17 22:56:01
10:43:49,19.46,-0.01,151,293856,卖盘,600089,2025-10-17 22:56:01
10:43:52,19.45,-0.01,65,126467,卖盘,600089,2025-10-17 22:56:01
10:43:55,19.46,0.01,207,402884,买盘,600089,2025-10-17 22:56:01
10:43:58,19.46,0.0,679,1320730,买盘,600089,2025-10-17 22:56:01
10:44:01,19.45,-0.01,286,556346,卖盘,600089,2025-10-17 22:56:01
10:44:04,19.45,0.0,89,173176,卖盘,600089,2025-10-17 22:56:01
10:44:07,19.44,-0.01,137,266347,卖盘,600089,2025-10-17 22:56:01
10:44:10,19.46,0.02,161,313184,买盘,600089,2025-10-17 22:56:01
10:44:13,19.45,-0.01,186,361846,中性盘,600089,2025-10-17 22:56:01
10:44:16,19.45,0.0,100,194501,卖盘,600089,2025-10-17 22:56:01
10:44:19,19.44,-0.01,73,141985,卖盘,600089,2025-10-17 22:56:01
10:44:22,19.45,0.01,16,31117,买盘,600089,2025-10-17 22:56:01
10:44:25,19.44,-0.01,147,285813,卖盘,600089,2025-10-17 22:56:01
10:44:28,19.43,-0.01,81,157448,卖盘,600089,2025-10-17 22:56:01
10:44:31,19.43,0.0,39,75779,卖盘,600089,2025-10-17 22:56:01
10:44:34,19.43,0.0,268,520784,卖盘,600089,2025-10-17 22:56:01
10:44:37,19.41,-0.02,238,462280,卖盘,600089,2025-10-17 22:56:01
10:44:40,19.42,0.01,35,67980,中性盘,600089,2025-10-17 22:56:01
10:44:43,19.42,0.0,66,128151,卖盘,600089,2025-10-17 22:56:01
10:44:46,19.42,0.0,253,491121,卖盘,600089,2025-10-17 22:56:01
10:44:49,19.42,0.0,39,75717,买盘,600089,2025-10-17 22:56:01
10:44:52,19.41,-0.01,458,889609,卖盘,600089,2025-10-17 22:56:01
10:44:55,19.42,0.01,89,172862,卖盘,600089,2025-10-17 22:56:01
10:44:58,19.41,-0.01,43,83491,卖盘,600089,2025-10-17 22:56:01
10:45:01,19.41,0.0,185,359117,卖盘,600089,2025-10-17 22:56:01
10:45:04,19.4,-0.01,364,706379,卖盘,600089,2025-10-17 22:56:01
10:45:07,19.41,0.01,10,19410,买盘,600089,2025-10-17 22:56:01
10:45:10,19.4,-0.01,46,89299,卖盘,600089,2025-10-17 22:56:01
10:45:13,19.41,0.01,152,294907,买盘,600089,2025-10-17 22:56:01
10:45:16,19.4,-0.01,589,1142692,卖盘,600089,2025-10-17 22:56:01
10:45:19,19.4,0.0,66,128034,卖盘,600089,2025-10-17 22:56:01
10:45:22,19.41,0.01,58,112543,买盘,600089,2025-10-17 22:56:01
10:45:25,19.39,-0.02,85,164888,卖盘,600089,2025-10-17 22:56:01
10:45:28,19.4,0.01,117,226923,买盘,600089,2025-10-17 22:56:01
10:45:31,19.4,0.0,28,54319,买盘,600089,2025-10-17 22:56:01
10:45:34,19.4,0.0,197,382160,买盘,600089,2025-10-17 22:56:01
10:45:37,19.39,-0.01,1238,2400625,卖盘,600089,2025-10-17 22:56:01
10:45:40,19.39,0.0,257,498202,买盘,600089,2025-10-17 22:56:01
10:45:43,19.39,0.0,78,151192,买盘,600089,2025-10-17 22:56:01
10:45:46,19.39,0.0,123,238401,买盘,600089,2025-10-17 22:56:01
10:45:49,19.38,-0.01,164,317918,卖盘,600089,2025-10-17 22:56:01
10:45:52,19.38,0.0,37,71727,卖盘,600089,2025-10-17 22:56:01
10:45:55,19.38,0.0,292,565955,卖盘,600089,2025-10-17 22:56:01
10:45:58,19.39,0.01,140,271330,买盘,600089,2025-10-17 22:56:01
10:46:01,19.36,-0.03,1391,2694830,卖盘,600089,2025-10-17 22:56:01
10:46:04,19.37,0.01,71,137494,买盘,600089,2025-10-17 22:56:01
10:46:07,19.37,0.0,87,168509,买盘,600089,2025-10-17 22:56:01
10:46:10,19.36,-0.01,152,294342,卖盘,600089,2025-10-17 22:56:01
10:46:13,19.36,0.0,25,48420,卖盘,600089,2025-10-17 22:56:01
10:46:16,19.36,0.0,83,160706,卖盘,600089,2025-10-17 22:56:01
10:46:19,19.37,0.01,188,364145,买盘,600089,2025-10-17 22:56:01
10:46:22,19.38,0.01,178,344706,买盘,600089,2025-10-17 22:56:01
10:46:25,19.39,0.01,651,1261159,买盘,600089,2025-10-17 22:56:01
10:46:28,19.4,0.01,666,1291344,买盘,600089,2025-10-17 22:56:01
10:46:31,19.4,0.0,63,122247,卖盘,600089,2025-10-17 22:56:01
10:46:34,19.4,0.0,39,75660,卖盘,600089,2025-10-17 22:56:01
10:46:37,19.41,0.01,45,87305,买盘,600089,2025-10-17 22:56:01
10:46:40,19.41,0.0,130,252345,买盘,600089,2025-10-17 22:56:01
10:46:43,19.42,0.01,4,7765,买盘,600089,2025-10-17 22:56:01
10:46:46,19.42,0.0,42,81555,买盘,600089,2025-10-17 22:56:01
10:46:49,19.42,0.0,49,95143,买盘,600089,2025-10-17 22:56:01
10:46:52,19.42,0.0,157,304886,卖盘,600089,2025-10-17 22:56:01
10:46:55,19.43,0.01,143,277779,买盘,600089,2025-10-17 22:56:01
10:46:58,19.42,-0.01,50,97123,卖盘,600089,2025-10-17 22:56:01
10:47:01,19.41,-0.01,270,524202,卖盘,600089,2025-10-17 22:56:01
10:47:04,19.42,0.01,1005,1950159,买盘,600089,2025-10-17 22:56:01
10:47:07,19.4,-0.02,41,79505,卖盘,600089,2025-10-17 22:56:01
10:47:10,19.4,0.0,98,190099,买盘,600089,2025-10-17 22:56:01
10:47:13,19.38,-0.02,70,135692,卖盘,600089,2025-10-17 22:56:01
10:47:16,19.39,0.01,166,321737,买盘,600089,2025-10-17 22:56:01
10:47:19,19.38,-0.01,342,662799,卖盘,600089,2025-10-17 22:56:01
10:47:22,19.38,0.0,57,110455,买盘,600089,2025-10-17 22:56:01
10:47:25,19.38,0.0,872,1688640,买盘,600089,2025-10-17 22:56:01
10:47:28,19.38,0.0,146,282861,买盘,600089,2025-10-17 22:56:01
10:47:31,19.39,0.01,46,89545,买盘,600089,2025-10-17 22:56:01
10:47:34,19.39,0.0,9,17454,卖盘,600089,2025-10-17 22:56:01
10:47:37,19.39,0.0,194,376166,卖盘,600089,2025-10-17 22:56:01
10:47:40,19.39,0.0,29,56231,卖盘,600089,2025-10-17 22:56:01
10:47:43,19.39,0.0,91,176450,卖盘,600089,2025-10-17 22:56:01
10:47:46,19.39,0.0,33,63211,卖盘,600089,2025-10-17 22:56:01
10:47:49,19.39,0.0,90,174510,买盘,600089,2025-10-17 22:56:01
10:47:52,19.39,0.0,195,378158,买盘,600089,2025-10-17 22:56:01
10:47:55,19.38,-0.01,12,23262,卖盘,600089,2025-10-17 22:56:01
10:47:58,19.38,0.0,13,25199,卖盘,600089,2025-10-17 22:56:01
10:48:01,19.38,0.0,200,387631,卖盘,600089,2025-10-17 22:56:01
10:48:04,19.38,0.0,54,104656,卖盘,600089,2025-10-17 22:56:01
10:48:07,19.39,0.01,123,238414,买盘,600089,2025-10-17 22:56:01
10:48:10,19.38,-0.01,24,46528,卖盘,600089,2025-10-17 22:56:01
10:48:13,19.39,0.01,233,451580,买盘,600089,2025-10-17 22:56:01
10:48:16,19.38,-0.01,172,333343,卖盘,600089,2025-10-17 22:56:01
10:48:19,19.38,0.0,29,56202,买盘,600089,2025-10-17 22:56:01
10:48:22,19.37,-0.01,117,226686,卖盘,600089,2025-10-17 22:56:01
10:48:25,19.38,0.01,239,462975,买盘,600089,2025-10-17 22:56:01
10:48:28,19.38,0.0,85,164687,买盘,600089,2025-10-17 22:56:01
10:48:31,19.37,-0.01,152,294471,卖盘,600089,2025-10-17 22:56:01
10:48:34,19.38,0.01,85,164704,买盘,600089,2025-10-17 22:56:01
10:48:37,19.38,0.0,85,164691,买盘,600089,2025-10-17 22:56:01
10:48:40,19.38,0.0,135,261630,买盘,600089,2025-10-17 22:56:01
10:48:43,19.39,0.01,74,143421,买盘,600089,2025-10-17 22:56:01
10:48:46,19.39,0.0,86,166722,买盘,600089,2025-10-17 22:56:01
10:48:49,19.38,-0.01,91,176378,卖盘,600089,2025-10-17 22:56:01
10:48:52,19.39,0.01,80,155050,买盘,600089,2025-10-17 22:56:01
10:48:55,19.38,-0.01,270,523270,卖盘,600089,2025-10-17 22:56:01
10:48:58,19.38,0.0,824,1596750,买盘,600089,2025-10-17 22:56:01
10:49:01,19.38,0.0,83,160820,买盘,600089,2025-10-17 22:56:01
10:49:04,19.38,0.0,265,513429,卖盘,600089,2025-10-17 22:56:01
10:49:07,19.39,0.01,141,273310,买盘,600089,2025-10-17 22:56:01
10:49:10,19.39,0.0,72,139567,买盘,600089,2025-10-17 22:56:01
10:49:13,19.38,-0.01,102,197749,卖盘,600089,2025-10-17 22:56:01
10:49:16,19.39,0.01,61,118241,买盘,600089,2025-10-17 22:56:01
10:49:19,19.39,0.0,14,27146,卖盘,600089,2025-10-17 22:56:01
10:49:22,19.39,0.0,126,244314,卖盘,600089,2025-10-17 22:56:01
10:49:25,19.4,0.01,522,1012170,买盘,600089,2025-10-17 22:56:01
10:49:28,19.4,0.0,35,67960,卖盘,600089,2025-10-17 22:56:01
10:49:31,19.42,0.02,142,275764,买盘,600089,2025-10-17 22:56:01
10:49:34,19.42,0.0,26,50456,卖盘,600089,2025-10-17 22:56:01
10:49:37,19.44,0.02,686,1333628,买盘,600089,2025-10-17 22:56:01
10:49:40,19.43,-0.01,27,52475,中性盘,600089,2025-10-17 22:56:01
10:49:43,19.42,-0.01,102,198109,卖盘,600089,2025-10-17 22:56:01
10:49:46,19.42,0.0,48,93235,卖盘,600089,2025-10-17 22:56:01
10:49:49,19.43,0.01,116,225447,中性盘,600089,2025-10-17 22:56:01
10:49:52,19.44,0.01,149,289588,买盘,600089,2025-10-17 22:56:01
10:49:55,19.44,0.0,81,157379,买盘,600089,2025-10-17 22:56:01
10:49:58,19.41,-0.03,204,396161,卖盘,600089,2025-10-17 22:56:01
10:50:01,19.4,-0.01,89,172680,卖盘,600089,2025-10-17 22:56:01
10:50:04,19.4,0.0,32,62086,卖盘,600089,2025-10-17 22:56:01
10:50:07,19.41,0.01,507,984211,买盘,600089,2025-10-17 22:56:01
10:50:10,19.41,0.0,85,164994,卖盘,600089,2025-10-17 22:56:01
10:50:13,19.41,0.0,89,172749,卖盘,600089,2025-10-17 22:56:01
10:50:19,19.41,0.0,29,56315,卖盘,600089,2025-10-17 22:56:01
10:50:22,19.42,0.01,29,56316,买盘,600089,2025-10-17 22:56:01
10:50:25,19.42,0.0,63,122317,买盘,600089,2025-10-17 22:56:01
10:50:28,19.41,-0.01,1116,2166166,卖盘,600089,2025-10-17 22:56:01
10:50:31,19.41,0.0,531,1030597,卖盘,600089,2025-10-17 22:56:01
10:50:34,19.41,0.0,419,812879,买盘,600089,2025-10-17 22:56:01
10:50:37,19.41,0.0,89,172745,买盘,600089,2025-10-17 22:56:01
10:50:40,19.41,0.0,66,128101,卖盘,600089,2025-10-17 22:56:01
10:50:43,19.41,0.0,19,36874,买盘,600089,2025-10-17 22:56:01
10:50:46,19.4,-0.01,635,1231782,卖盘,600089,2025-10-17 22:56:01
10:50:49,19.41,0.01,10,19405,中性盘,600089,2025-10-17 22:56:01
10:50:52,19.4,-0.01,101,196059,卖盘,600089,2025-10-17 22:56:01
10:50:55,19.4,0.0,28,54317,买盘,600089,2025-10-17 22:56:01
10:50:58,19.4,0.0,34,65956,买盘,600089,2025-10-17 22:56:01
10:51:01,19.4,0.0,59,114481,卖盘,600089,2025-10-17 22:56:01
10:51:04,19.4,0.0,14,27160,卖盘,600089,2025-10-17 22:56:01
10:51:07,19.41,0.01,28,54348,中性盘,600089,2025-10-17 22:56:01
10:51:10,19.41,0.0,74,143683,卖盘,600089,2025-10-17 22:56:01
10:51:13,19.41,0.0,19,36880,卖盘,600089,2025-10-17 22:56:01
10:51:16,19.42,0.01,34,65996,买盘,600089,2025-10-17 22:56:01
10:51:19,19.41,-0.01,117,227097,卖盘,600089,2025-10-17 22:56:01
10:51:22,19.41,0.0,23,44643,买盘,600089,2025-10-17 22:56:01
