时间,成交价,价格变动,成交量,成交额,买卖盘性质,股票代码,采集时间
09:25:01,66.85,0.01,1145,7653456,买盘,600276,2025-10-17 22:22:52
09:30:01,66.9,0.05,38,254218,买盘,600276,2025-10-17 22:22:52
09:30:04,66.94,0.04,134,897283,买盘,600276,2025-10-17 22:22:52
09:30:07,66.94,0.0,220,1473454,卖盘,600276,2025-10-17 22:22:52
09:30:10,67.1,0.16,307,2054210,买盘,600276,2025-10-17 22:22:52
09:30:13,66.96,-0.14,376,2517152,卖盘,600276,2025-10-17 22:22:52
09:30:16,67.0,0.04,151,1010863,买盘,600276,2025-10-17 22:22:52
09:30:19,67.1,0.1,135,904473,买盘,600276,2025-10-17 22:22:52
09:30:22,66.96,-0.14,232,1554658,卖盘,600276,2025-10-17 22:22:52
09:30:25,66.97,0.01,235,1574496,中性盘,600276,2025-10-17 22:22:52
09:30:28,67.02,0.05,197,1320048,买盘,600276,2025-10-17 22:22:52
09:30:31,67.0,-0.02,241,1615052,卖盘,600276,2025-10-17 22:22:52
09:30:34,67.2,0.2,245,1644085,买盘,600276,2025-10-17 22:22:52
09:30:37,67.0,-0.2,188,1261420,卖盘,600276,2025-10-17 22:22:52
09:30:40,67.1,0.1,81,543693,中性盘,600276,2025-10-17 22:22:52
09:30:43,67.18,0.08,170,1141522,买盘,600276,2025-10-17 22:22:52
09:30:46,67.18,0.0,105,705095,买盘,600276,2025-10-17 22:22:52
09:30:49,67.1,-0.08,247,1659014,卖盘,600276,2025-10-17 22:22:52
09:30:52,67.25,0.15,136,913789,买盘,600276,2025-10-17 22:22:52
09:30:55,67.26,0.01,178,1197012,买盘,600276,2025-10-17 22:22:52
09:30:58,67.35,0.09,105,706942,买盘,600276,2025-10-17 22:22:52
09:31:01,67.37,0.02,210,1413495,买盘,600276,2025-10-17 22:22:52
09:31:04,67.35,-0.02,192,1293169,卖盘,600276,2025-10-17 22:22:52
09:31:07,67.36,0.01,592,3987068,买盘,600276,2025-10-17 22:22:52
09:31:10,67.37,0.01,424,2856964,买盘,600276,2025-10-17 22:22:52
09:31:13,67.37,0.0,308,2074877,卖盘,600276,2025-10-17 22:22:52
09:31:16,67.36,-0.01,94,633114,中性盘,600276,2025-10-17 22:22:52
09:31:19,67.37,0.01,178,1198778,买盘,600276,2025-10-17 22:22:52
09:31:22,67.3,-0.07,261,1756561,卖盘,600276,2025-10-17 22:22:52
09:31:25,67.23,-0.07,247,1661321,卖盘,600276,2025-10-17 22:22:52
09:31:28,67.21,-0.02,386,2593807,卖盘,600276,2025-10-17 22:22:52
09:31:31,67.14,-0.07,41,275308,卖盘,600276,2025-10-17 22:22:52
09:31:34,67.11,-0.03,127,852403,卖盘,600276,2025-10-17 22:22:52
09:31:37,67.06,-0.05,143,959016,卖盘,600276,2025-10-17 22:22:52
09:31:40,67.07,0.01,179,1200549,买盘,600276,2025-10-17 22:22:52
09:31:43,67.06,-0.01,105,703982,卖盘,600276,2025-10-17 22:22:52
09:31:46,67.07,0.01,184,1233864,买盘,600276,2025-10-17 22:22:52
09:31:49,67.07,0.0,106,711094,中性盘,600276,2025-10-17 22:22:52
09:31:52,67.11,0.04,334,2241706,买盘,600276,2025-10-17 22:22:52
09:31:55,67.17,0.06,89,597649,买盘,600276,2025-10-17 22:22:52
09:31:58,67.17,0.0,59,396261,卖盘,600276,2025-10-17 22:22:52
09:32:01,67.2,0.03,145,974327,买盘,600276,2025-10-17 22:22:52
09:32:04,67.17,-0.03,77,517297,卖盘,600276,2025-10-17 22:22:52
09:32:07,67.17,0.0,225,1511523,买盘,600276,2025-10-17 22:22:52
09:32:10,67.1,-0.07,279,1873379,卖盘,600276,2025-10-17 22:22:52
09:32:13,67.07,-0.03,242,1623566,卖盘,600276,2025-10-17 22:22:52
09:32:16,67.1,0.03,91,610415,买盘,600276,2025-10-17 22:22:52
09:32:19,67.07,-0.03,210,1408834,中性盘,600276,2025-10-17 22:22:52
09:32:22,67.15,0.08,527,3538478,买盘,600276,2025-10-17 22:22:52
09:32:25,67.12,-0.03,366,2457250,卖盘,600276,2025-10-17 22:22:52
09:32:28,67.16,0.04,104,698317,买盘,600276,2025-10-17 22:22:52
09:32:31,67.15,-0.01,445,2987922,卖盘,600276,2025-10-17 22:22:52
09:32:34,67.15,0.0,183,1228790,买盘,600276,2025-10-17 22:22:52
09:32:37,67.15,0.0,257,1725975,买盘,600276,2025-10-17 22:22:52
09:32:40,67.12,-0.03,219,1470605,卖盘,600276,2025-10-17 22:22:52
09:32:43,67.13,0.01,45,302100,中性盘,600276,2025-10-17 22:22:52
09:32:46,67.12,-0.01,52,349105,卖盘,600276,2025-10-17 22:22:52
09:32:49,67.13,0.01,217,1456638,买盘,600276,2025-10-17 22:22:52
09:32:52,67.09,-0.04,104,698022,卖盘,600276,2025-10-17 22:22:52
09:32:55,67.07,-0.02,237,1589847,卖盘,600276,2025-10-17 22:22:52
09:32:58,67.04,-0.03,20,134110,卖盘,600276,2025-10-17 22:22:52
09:33:01,67.07,0.03,79,529600,买盘,600276,2025-10-17 22:22:52
09:33:04,67.12,0.05,227,1522795,买盘,600276,2025-10-17 22:22:52
09:33:07,67.08,-0.04,160,1073627,卖盘,600276,2025-10-17 22:22:52
09:33:10,67.09,0.01,177,1188525,中性盘,600276,2025-10-17 22:22:52
09:33:13,67.09,0.0,108,724781,卖盘,600276,2025-10-17 22:22:52
09:33:16,67.15,0.06,67,449621,买盘,600276,2025-10-17 22:22:52
09:33:19,67.11,-0.04,221,1484644,中性盘,600276,2025-10-17 22:22:52
09:33:22,67.12,0.01,79,530134,中性盘,600276,2025-10-17 22:22:52
09:33:25,67.14,0.02,133,892789,买盘,600276,2025-10-17 22:22:52
09:33:28,67.02,-0.12,445,2984332,卖盘,600276,2025-10-17 22:22:52
09:33:31,67.07,0.05,139,931649,买盘,600276,2025-10-17 22:22:52
09:33:34,67.02,-0.05,71,475780,中性盘,600276,2025-10-17 22:22:52
09:33:37,67.02,0.0,147,984916,买盘,600276,2025-10-17 22:22:52
09:33:40,67.02,0.0,95,636744,卖盘,600276,2025-10-17 22:22:52
09:33:43,67.0,-0.02,137,918170,卖盘,600276,2025-10-17 22:22:52
09:33:46,67.0,0.0,128,857665,卖盘,600276,2025-10-17 22:22:52
09:33:49,66.99,-0.01,161,1078485,买盘,600276,2025-10-17 22:22:52
09:33:52,66.98,-0.01,44,294717,卖盘,600276,2025-10-17 22:22:52
09:33:55,66.94,-0.04,246,1647716,卖盘,600276,2025-10-17 22:22:52
09:33:58,66.96,0.02,44,294672,买盘,600276,2025-10-17 22:22:52
09:34:01,66.96,0.0,30,200843,买盘,600276,2025-10-17 22:22:52
09:34:04,66.94,-0.02,37,247683,卖盘,600276,2025-10-17 22:22:52
09:34:07,66.94,0.0,61,408275,买盘,600276,2025-10-17 22:22:52
09:34:10,66.94,0.0,102,682773,买盘,600276,2025-10-17 22:22:52
09:34:13,66.94,0.0,71,475173,买盘,600276,2025-10-17 22:22:52
09:34:16,66.93,-0.01,229,1533155,中性盘,600276,2025-10-17 22:22:52
09:34:19,66.94,0.01,30,200839,卖盘,600276,2025-10-17 22:22:52
09:34:22,66.96,0.02,58,388304,中性盘,600276,2025-10-17 22:22:52
09:34:25,66.99,0.03,49,328239,买盘,600276,2025-10-17 22:22:52
09:34:28,66.96,-0.03,73,488970,卖盘,600276,2025-10-17 22:22:52
09:34:31,66.99,0.03,29,194256,买盘,600276,2025-10-17 22:22:52
09:34:34,67.0,0.01,40,267944,买盘,600276,2025-10-17 22:22:52
09:34:37,66.99,-0.01,40,267934,卖盘,600276,2025-10-17 22:22:52
09:34:40,66.96,-0.03,63,421962,卖盘,600276,2025-10-17 22:22:52
09:34:43,67.0,0.04,76,511814,买盘,600276,2025-10-17 22:22:52
09:34:46,66.98,-0.02,107,716689,卖盘,600276,2025-10-17 22:22:52
09:34:49,67.0,0.02,74,495681,买盘,600276,2025-10-17 22:22:52
09:34:52,66.98,-0.02,36,241159,中性盘,600276,2025-10-17 22:22:52
09:34:55,66.99,0.01,67,448835,买盘,600276,2025-10-17 22:22:52
09:34:58,67.0,0.01,44,294790,买盘,600276,2025-10-17 22:22:52
09:35:01,67.0,0.0,34,227795,买盘,600276,2025-10-17 22:22:52
09:35:04,66.99,-0.01,125,837407,卖盘,600276,2025-10-17 22:22:52
09:35:07,66.93,-0.06,324,2169506,卖盘,600276,2025-10-17 22:22:52
09:35:10,66.92,-0.01,129,863398,卖盘,600276,2025-10-17 22:22:52
09:35:13,66.9,-0.02,44,294478,卖盘,600276,2025-10-17 22:22:52
09:35:16,66.9,0.0,39,260935,卖盘,600276,2025-10-17 22:22:52
09:35:19,66.9,0.0,188,1257742,卖盘,600276,2025-10-17 22:22:52
09:35:22,66.88,-0.02,78,520409,卖盘,600276,2025-10-17 22:22:52
09:35:25,66.79,-0.09,1241,8296384,卖盘,600276,2025-10-17 22:22:52
09:35:28,66.79,0.0,46,307341,中性盘,600276,2025-10-17 22:22:52
09:35:31,66.8,0.01,177,1182323,中性盘,600276,2025-10-17 22:22:52
09:35:34,66.79,-0.01,109,728071,卖盘,600276,2025-10-17 22:22:52
09:35:37,66.79,0.0,109,728046,买盘,600276,2025-10-17 22:22:52
09:35:40,66.79,0.0,97,647877,卖盘,600276,2025-10-17 22:22:52
09:35:43,66.77,-0.02,28,187009,卖盘,600276,2025-10-17 22:22:52
09:35:46,66.77,0.0,37,247043,买盘,600276,2025-10-17 22:22:52
09:35:49,66.77,0.0,119,794501,卖盘,600276,2025-10-17 22:22:52
09:35:52,66.77,0.0,160,1068366,卖盘,600276,2025-10-17 22:22:52
09:35:55,66.78,0.01,343,2290756,买盘,600276,2025-10-17 22:22:52
09:35:58,66.79,0.01,148,988427,卖盘,600276,2025-10-17 22:22:52
09:36:01,66.78,-0.01,38,253775,卖盘,600276,2025-10-17 22:22:52
09:36:04,66.78,0.0,74,494107,买盘,600276,2025-10-17 22:22:52
09:36:07,66.78,0.0,157,1048783,买盘,600276,2025-10-17 22:22:52
09:36:10,66.78,0.0,78,520907,卖盘,600276,2025-10-17 22:22:52
09:36:13,66.78,0.0,99,661141,卖盘,600276,2025-10-17 22:22:52
09:36:16,66.78,0.0,46,307195,卖盘,600276,2025-10-17 22:22:52
09:36:19,66.78,0.0,145,969778,买盘,600276,2025-10-17 22:22:52
09:36:22,66.79,0.01,241,1609449,中性盘,600276,2025-10-17 22:22:52
09:36:25,66.79,0.0,46,307316,卖盘,600276,2025-10-17 22:22:52
09:36:28,66.79,0.0,124,826670,卖盘,600276,2025-10-17 22:22:52
09:36:31,66.82,0.03,182,1217083,买盘,600276,2025-10-17 22:22:52
09:36:34,66.78,-0.04,65,434058,卖盘,600276,2025-10-17 22:22:52
09:36:37,66.77,-0.01,31,206994,卖盘,600276,2025-10-17 22:22:52
09:36:40,66.78,0.01,116,774506,买盘,600276,2025-10-17 22:22:52
09:36:43,66.77,-0.01,22,146895,卖盘,600276,2025-10-17 22:22:52
09:36:46,66.77,0.0,53,353842,买盘,600276,2025-10-17 22:22:52
09:36:49,66.75,-0.02,15,100137,卖盘,600276,2025-10-17 22:22:52
09:36:52,66.71,-0.04,121,807526,卖盘,600276,2025-10-17 22:22:52
09:36:55,66.7,-0.01,139,927274,卖盘,600276,2025-10-17 22:22:52
09:36:58,66.66,-0.04,70,466688,卖盘,600276,2025-10-17 22:22:52
09:37:01,66.65,-0.01,55,366718,卖盘,600276,2025-10-17 22:22:52
09:37:04,66.65,0.0,159,1059892,卖盘,600276,2025-10-17 22:22:52
09:37:07,66.65,0.0,220,1466472,买盘,600276,2025-10-17 22:22:52
09:37:10,66.67,0.02,206,1372882,买盘,600276,2025-10-17 22:22:52
09:37:13,66.7,0.03,83,553409,买盘,600276,2025-10-17 22:22:52
09:37:16,66.66,-0.04,152,1013780,卖盘,600276,2025-10-17 22:22:52
09:37:19,66.71,0.05,40,266831,买盘,600276,2025-10-17 22:22:52
09:37:22,66.7,-0.01,59,393598,卖盘,600276,2025-10-17 22:22:52
09:37:25,66.7,0.0,51,340192,卖盘,600276,2025-10-17 22:22:52
09:37:28,66.71,0.01,145,967252,中性盘,600276,2025-10-17 22:22:52
09:37:31,66.7,-0.01,72,480384,卖盘,600276,2025-10-17 22:22:52
09:37:34,66.71,0.01,92,613702,买盘,600276,2025-10-17 22:22:52
09:37:37,66.7,-0.01,87,582945,卖盘,600276,2025-10-17 22:22:52
09:37:40,66.72,0.02,102,680412,买盘,600276,2025-10-17 22:22:52
09:37:43,66.72,0.0,91,607318,卖盘,600276,2025-10-17 22:22:52
09:37:46,66.72,0.0,267,1782087,卖盘,600276,2025-10-17 22:22:52
09:37:49,66.8,0.08,297,1982852,买盘,600276,2025-10-17 22:22:52
09:37:52,66.8,0.0,39,260455,卖盘,600276,2025-10-17 22:22:52
09:37:55,66.8,0.0,123,821259,卖盘,600276,2025-10-17 22:22:52
09:37:58,66.8,0.0,69,460918,卖盘,600276,2025-10-17 22:22:52
09:38:01,66.74,-0.06,186,1242080,卖盘,600276,2025-10-17 22:22:52
09:38:04,66.75,0.01,71,473892,卖盘,600276,2025-10-17 22:22:52
09:38:07,66.72,-0.03,238,1587577,卖盘,600276,2025-10-17 22:22:52
09:38:10,66.7,-0.02,45,300080,买盘,600276,2025-10-17 22:22:52
09:38:13,66.66,-0.04,133,886644,卖盘,600276,2025-10-17 22:22:52
09:38:16,66.66,0.0,206,1373039,卖盘,600276,2025-10-17 22:22:52
09:38:19,66.65,-0.01,24,159936,中性盘,600276,2025-10-17 22:22:52
09:38:22,66.65,0.0,60,399853,买盘,600276,2025-10-17 22:22:52
09:38:25,66.62,-0.03,142,945993,卖盘,600276,2025-10-17 22:22:52
09:38:28,66.62,0.0,164,1092777,中性盘,600276,2025-10-17 22:22:52
09:38:31,66.62,0.0,163,1085727,卖盘,600276,2025-10-17 22:22:52
09:38:34,66.62,0.0,80,532897,卖盘,600276,2025-10-17 22:22:52
09:38:37,66.61,-0.01,74,492968,卖盘,600276,2025-10-17 22:22:52
09:38:40,66.61,0.0,89,592821,卖盘,600276,2025-10-17 22:22:52
09:38:43,66.6,-0.01,162,1078983,卖盘,600276,2025-10-17 22:22:52
09:38:46,66.6,0.0,62,412915,卖盘,600276,2025-10-17 22:22:52
09:38:49,66.6,0.0,275,1831669,买盘,600276,2025-10-17 22:22:52
09:38:52,66.56,-0.04,451,3003568,卖盘,600276,2025-10-17 22:22:52
09:38:55,66.6,0.04,413,2751165,买盘,600276,2025-10-17 22:22:52
09:38:58,66.61,0.01,47,313089,中性盘,600276,2025-10-17 22:22:52
09:39:01,66.6,-0.01,147,978858,卖盘,600276,2025-10-17 22:22:52
09:39:04,66.6,0.0,114,759195,买盘,600276,2025-10-17 22:22:52
09:39:07,66.6,0.0,68,452819,买盘,600276,2025-10-17 22:22:52
09:39:10,66.59,-0.01,211,1405558,卖盘,600276,2025-10-17 22:22:52
09:39:13,66.61,0.02,113,752541,中性盘,600276,2025-10-17 22:22:52
09:39:16,66.61,0.0,58,386396,卖盘,600276,2025-10-17 22:22:52
09:39:19,66.61,0.0,197,1312384,卖盘,600276,2025-10-17 22:22:52
09:39:22,66.61,0.0,138,919462,卖盘,600276,2025-10-17 22:22:52
09:39:25,66.62,0.01,264,1758493,中性盘,600276,2025-10-17 22:22:52
09:39:28,66.62,0.0,75,499668,卖盘,600276,2025-10-17 22:22:52
09:39:31,66.62,0.0,141,939294,卖盘,600276,2025-10-17 22:22:52
09:39:34,66.66,0.04,80,533052,买盘,600276,2025-10-17 22:22:52
09:39:37,66.66,0.0,87,579901,买盘,600276,2025-10-17 22:22:52
09:39:40,66.65,-0.01,45,302585,中性盘,600276,2025-10-17 22:22:52
09:39:43,66.66,0.01,37,246643,买盘,600276,2025-10-17 22:22:52
09:39:46,66.62,-0.04,78,519805,卖盘,600276,2025-10-17 22:22:52
09:39:49,66.62,0.0,103,686389,卖盘,600276,2025-10-17 22:22:52
09:39:52,66.64,0.02,23,153262,中性盘,600276,2025-10-17 22:22:52
09:39:55,66.64,0.0,130,866244,买盘,600276,2025-10-17 22:22:52
09:39:58,66.64,0.0,52,346532,卖盘,600276,2025-10-17 22:22:52
09:40:01,66.64,0.0,81,539791,卖盘,600276,2025-10-17 22:22:52
09:40:04,66.63,-0.01,210,1399661,卖盘,600276,2025-10-17 22:22:52
09:40:07,66.64,0.01,483,3217783,中性盘,600276,2025-10-17 22:22:52
09:40:10,66.64,0.0,465,3098750,买盘,600276,2025-10-17 22:22:52
09:40:13,66.63,-0.01,222,1479349,中性盘,600276,2025-10-17 22:22:52
09:40:16,66.62,-0.01,67,446371,卖盘,600276,2025-10-17 22:22:52
09:40:19,66.63,0.01,153,1019361,买盘,600276,2025-10-17 22:22:52
09:40:22,66.62,-0.01,71,472977,中性盘,600276,2025-10-17 22:22:52
09:40:25,66.64,0.02,73,486382,买盘,600276,2025-10-17 22:22:52
09:40:28,66.63,-0.01,45,299822,卖盘,600276,2025-10-17 22:22:52
09:40:31,66.64,0.01,37,246536,买盘,600276,2025-10-17 22:22:52
09:40:34,66.63,-0.01,23,153248,买盘,600276,2025-10-17 22:22:52
09:40:37,66.63,0.0,16,106604,卖盘,600276,2025-10-17 22:22:52
09:40:40,66.63,0.0,32,213216,卖盘,600276,2025-10-17 22:22:52
09:40:43,66.63,0.0,342,2279084,买盘,600276,2025-10-17 22:22:52
09:40:46,66.64,0.01,53,353249,卖盘,600276,2025-10-17 22:22:52
09:40:49,66.62,-0.02,98,652985,卖盘,600276,2025-10-17 22:22:52
09:40:52,66.66,0.04,139,926284,买盘,600276,2025-10-17 22:22:52
09:40:55,66.64,-0.02,70,466531,卖盘,600276,2025-10-17 22:22:52
09:40:58,66.64,0.0,26,173294,卖盘,600276,2025-10-17 22:22:52
09:41:01,66.63,-0.01,37,246567,卖盘,600276,2025-10-17 22:22:52
09:41:04,66.67,0.04,66,439889,买盘,600276,2025-10-17 22:22:52
09:41:07,66.64,-0.03,99,660042,卖盘,600276,2025-10-17 22:22:52
09:41:10,66.64,0.0,63,419908,卖盘,600276,2025-10-17 22:22:52
09:41:13,66.67,0.03,106,706616,买盘,600276,2025-10-17 22:22:52
09:41:16,66.68,0.01,58,386629,卖盘,600276,2025-10-17 22:22:52
09:41:19,66.73,0.05,61,408261,买盘,600276,2025-10-17 22:22:52
09:41:22,66.76,0.03,38,253619,买盘,600276,2025-10-17 22:22:52
09:41:25,66.81,0.05,73,487519,买盘,600276,2025-10-17 22:22:52
09:41:28,66.82,0.01,11,73502,中性盘,600276,2025-10-17 22:22:52
09:41:31,66.85,0.03,8,53474,买盘,600276,2025-10-17 22:22:52
09:41:34,66.9,0.05,215,1437852,买盘,600276,2025-10-17 22:22:52
09:41:37,66.9,0.0,131,876167,卖盘,600276,2025-10-17 22:22:52
09:41:40,66.92,0.02,41,274311,买盘,600276,2025-10-17 22:22:52
09:41:43,66.92,0.0,107,715997,买盘,600276,2025-10-17 22:22:52
09:41:46,66.93,0.01,34,227563,买盘,600276,2025-10-17 22:22:52
09:41:49,66.92,-0.01,91,609025,卖盘,600276,2025-10-17 22:22:52
09:41:52,66.92,0.0,87,582272,卖盘,600276,2025-10-17 22:22:52
09:41:55,66.91,-0.01,114,762720,卖盘,600276,2025-10-17 22:22:52
09:41:58,66.93,0.02,61,408313,买盘,600276,2025-10-17 22:22:52
09:42:01,66.91,-0.02,16,107058,中性盘,600276,2025-10-17 22:22:52
09:42:04,66.87,-0.04,104,695781,卖盘,600276,2025-10-17 22:22:52
09:42:07,66.93,0.06,79,528727,买盘,600276,2025-10-17 22:22:52
09:42:10,66.91,-0.02,57,381168,中性盘,600276,2025-10-17 22:22:52
09:42:13,66.92,0.01,75,501845,中性盘,600276,2025-10-17 22:22:52
09:42:16,66.91,-0.01,122,816196,卖盘,600276,2025-10-17 22:22:52
09:42:19,66.9,-0.01,155,1037037,卖盘,600276,2025-10-17 22:22:52
09:42:22,66.92,0.02,268,1793046,买盘,600276,2025-10-17 22:22:52
09:42:25,66.93,0.01,275,1840817,买盘,600276,2025-10-17 22:22:52
09:42:28,66.93,0.0,272,1820824,中性盘,600276,2025-10-17 22:22:52
09:42:31,66.94,0.01,70,468694,中性盘,600276,2025-10-17 22:22:52
09:42:34,66.96,0.02,20,133922,买盘,600276,2025-10-17 22:22:52
09:42:37,66.99,0.03,48,321531,买盘,600276,2025-10-17 22:22:52
09:42:40,66.98,-0.01,29,194194,中性盘,600276,2025-10-17 22:22:52
09:42:43,66.98,0.0,170,1138587,买盘,600276,2025-10-17 22:22:52
09:42:46,66.99,0.01,27,180882,买盘,600276,2025-10-17 22:22:52
09:42:49,67.0,0.01,275,1842461,买盘,600276,2025-10-17 22:22:52
09:42:52,67.0,0.0,190,1272897,买盘,600276,2025-10-17 22:22:52
09:42:55,67.03,0.03,57,381940,买盘,600276,2025-10-17 22:22:52
09:42:58,67.01,-0.02,21,140742,卖盘,600276,2025-10-17 22:22:52
09:43:01,67.06,0.05,88,589807,买盘,600276,2025-10-17 22:22:52
09:43:04,67.01,-0.05,56,375292,卖盘,600276,2025-10-17 22:22:52
09:43:07,67.04,0.03,58,388759,买盘,600276,2025-10-17 22:22:52
09:43:10,67.08,0.04,143,959197,买盘,600276,2025-10-17 22:22:52
09:43:13,67.11,0.03,219,1469127,买盘,600276,2025-10-17 22:22:52
09:43:16,67.16,0.05,159,1067593,买盘,600276,2025-10-17 22:22:52
09:43:19,67.18,0.02,136,913460,买盘,600276,2025-10-17 22:22:52
09:43:22,67.2,0.02,100,672027,买盘,600276,2025-10-17 22:22:52
09:43:25,67.2,0.0,37,248664,卖盘,600276,2025-10-17 22:22:52
09:43:28,67.22,0.02,111,746167,买盘,600276,2025-10-17 22:22:52
09:43:31,67.26,0.04,44,295814,买盘,600276,2025-10-17 22:22:52
09:43:34,67.22,-0.04,84,564914,卖盘,600276,2025-10-17 22:22:52
09:43:37,67.22,0.0,180,1209975,买盘,600276,2025-10-17 22:22:52
09:43:40,67.14,-0.08,275,1847582,卖盘,600276,2025-10-17 22:22:52
09:43:43,67.07,-0.07,115,771659,卖盘,600276,2025-10-17 22:22:52
09:43:46,67.13,0.06,44,295170,买盘,600276,2025-10-17 22:22:52
09:43:49,67.06,-0.07,95,637104,卖盘,600276,2025-10-17 22:22:52
09:43:52,66.96,-0.1,306,2049957,卖盘,600276,2025-10-17 22:22:52
09:43:55,66.96,0.0,88,589406,买盘,600276,2025-10-17 22:22:52
09:43:58,66.98,0.02,130,871458,中性盘,600276,2025-10-17 22:22:52
09:44:01,66.96,-0.02,63,422081,卖盘,600276,2025-10-17 22:22:52
09:44:04,67.01,0.05,47,315020,中性盘,600276,2025-10-17 22:22:52
09:44:07,67.0,-0.01,38,254591,卖盘,600276,2025-10-17 22:22:52
09:44:10,66.94,-0.06,78,522424,卖盘,600276,2025-10-17 22:22:52
09:44:13,66.94,0.0,98,656253,卖盘,600276,2025-10-17 22:22:52
09:44:16,66.94,0.0,65,435240,买盘,600276,2025-10-17 22:22:52
09:44:19,66.94,0.0,84,562514,卖盘,600276,2025-10-17 22:22:52
09:44:22,66.94,0.0,43,287864,卖盘,600276,2025-10-17 22:22:52
09:44:25,66.94,0.0,112,749673,卖盘,600276,2025-10-17 22:22:52
09:44:28,66.94,0.0,40,267727,买盘,600276,2025-10-17 22:22:52
09:44:31,66.92,-0.02,55,368106,卖盘,600276,2025-10-17 22:22:52
09:44:34,66.92,0.0,27,180714,中性盘,600276,2025-10-17 22:22:52
09:44:37,66.91,-0.01,67,448352,卖盘,600276,2025-10-17 22:22:52
09:44:40,66.92,0.01,71,475089,买盘,600276,2025-10-17 22:22:52
09:44:43,66.9,-0.02,18,120436,卖盘,600276,2025-10-17 22:22:52
09:44:46,66.9,0.0,133,889839,卖盘,600276,2025-10-17 22:22:52
09:44:49,66.9,0.0,79,528499,买盘,600276,2025-10-17 22:22:52
09:44:52,66.9,0.0,109,729123,卖盘,600276,2025-10-17 22:22:52
09:44:55,66.88,-0.02,105,702356,卖盘,600276,2025-10-17 22:22:52
09:44:58,66.9,0.02,50,334486,买盘,600276,2025-10-17 22:22:52
09:45:01,66.89,-0.01,32,214040,中性盘,600276,2025-10-17 22:22:52
09:45:04,66.87,-0.02,75,501680,卖盘,600276,2025-10-17 22:22:52
09:45:07,66.88,0.01,42,280894,买盘,600276,2025-10-17 22:22:52
09:45:10,66.86,-0.02,39,260821,卖盘,600276,2025-10-17 22:22:52
09:45:13,66.87,0.01,34,227350,买盘,600276,2025-10-17 22:22:52
09:45:16,66.87,0.0,162,1083011,买盘,600276,2025-10-17 22:22:52
09:45:19,66.83,-0.04,19,126980,卖盘,600276,2025-10-17 22:22:52
09:45:22,66.95,0.12,422,2823103,买盘,600276,2025-10-17 22:22:52
09:45:25,66.94,-0.01,103,689660,卖盘,600276,2025-10-17 22:22:52
09:45:28,66.9,-0.04,86,575749,卖盘,600276,2025-10-17 22:22:52
09:45:31,66.94,0.04,42,282419,买盘,600276,2025-10-17 22:22:52
09:45:34,66.94,0.0,60,401534,买盘,600276,2025-10-17 22:22:52
09:45:37,66.94,0.0,68,455133,买盘,600276,2025-10-17 22:22:52
09:45:40,66.88,-0.06,56,374678,卖盘,600276,2025-10-17 22:22:52
09:45:43,66.87,-0.01,160,1070132,卖盘,600276,2025-10-17 22:22:52
09:45:46,66.88,0.01,58,387852,买盘,600276,2025-10-17 22:22:52
09:45:49,66.85,-0.03,45,300906,卖盘,600276,2025-10-17 22:22:52
09:45:52,66.85,0.0,29,193905,卖盘,600276,2025-10-17 22:22:52
09:45:55,66.85,0.0,34,227344,卖盘,600276,2025-10-17 22:22:52
09:45:58,66.85,0.0,8,53478,买盘,600276,2025-10-17 22:22:52
09:46:01,66.82,-0.03,41,274012,卖盘,600276,2025-10-17 22:22:52
09:46:04,66.83,0.01,54,360825,中性盘,600276,2025-10-17 22:22:52
09:46:07,66.8,-0.03,24,160324,卖盘,600276,2025-10-17 22:22:52
09:46:10,66.76,-0.04,41,273856,卖盘,600276,2025-10-17 22:22:52
09:46:13,66.72,-0.04,57,380586,卖盘,600276,2025-10-17 22:22:52
09:46:16,66.69,-0.03,53,353576,卖盘,600276,2025-10-17 22:22:52
09:46:19,66.66,-0.03,124,825388,卖盘,600276,2025-10-17 22:22:52
09:46:22,66.63,-0.03,59,393215,卖盘,600276,2025-10-17 22:22:52
09:46:25,66.61,-0.02,81,539634,卖盘,600276,2025-10-17 22:22:52
09:46:28,66.59,-0.02,185,1232122,卖盘,600276,2025-10-17 22:22:52
09:46:31,66.6,0.01,109,725851,买盘,600276,2025-10-17 22:22:52
09:46:34,66.59,-0.01,94,625880,卖盘,600276,2025-10-17 22:22:52
09:46:37,66.57,-0.02,27,179745,卖盘,600276,2025-10-17 22:22:52
09:46:40,66.55,-0.02,209,1390997,卖盘,600276,2025-10-17 22:22:52
09:46:43,66.54,-0.01,29,192988,卖盘,600276,2025-10-17 22:22:52
09:46:46,66.54,0.0,85,565427,买盘,600276,2025-10-17 22:22:52
09:46:49,66.49,-0.05,513,3411449,卖盘,600276,2025-10-17 22:22:52
09:46:52,66.48,-0.01,68,452110,卖盘,600276,2025-10-17 22:22:52
09:46:55,66.46,-0.02,199,1322989,卖盘,600276,2025-10-17 22:22:52
09:46:58,66.46,0.0,186,1236437,卖盘,600276,2025-10-17 22:22:52
09:47:01,66.45,-0.01,86,571511,卖盘,600276,2025-10-17 22:22:52
09:47:04,66.45,0.0,108,717574,买盘,600276,2025-10-17 22:22:52
09:47:07,66.44,-0.01,101,670973,卖盘,600276,2025-10-17 22:22:52
09:47:10,66.49,0.05,578,3840765,买盘,600276,2025-10-17 22:22:52
09:47:13,66.47,-0.02,490,3258633,卖盘,600276,2025-10-17 22:22:52
09:47:16,66.5,0.03,125,831313,卖盘,600276,2025-10-17 22:22:52
09:47:19,66.56,0.06,341,2268474,买盘,600276,2025-10-17 22:22:52
09:47:22,66.57,0.01,82,545867,买盘,600276,2025-10-17 22:22:52
09:47:25,66.57,0.0,19,126489,中性盘,600276,2025-10-17 22:22:52
09:47:28,66.57,0.0,95,632533,卖盘,600276,2025-10-17 22:22:52
09:47:31,66.58,0.01,35,233004,买盘,600276,2025-10-17 22:22:52
09:47:34,66.56,-0.02,182,1211618,卖盘,600276,2025-10-17 22:22:52
09:47:37,66.58,0.02,79,525999,买盘,600276,2025-10-17 22:22:52
09:47:40,66.55,-0.03,68,452609,卖盘,600276,2025-10-17 22:22:52
09:47:43,66.55,0.0,77,512372,买盘,600276,2025-10-17 22:22:52
09:47:46,66.52,-0.03,45,299389,卖盘,600276,2025-10-17 22:22:52
09:47:49,66.53,0.01,243,1616811,中性盘,600276,2025-10-17 22:22:52
09:47:52,66.52,-0.01,31,206223,卖盘,600276,2025-10-17 22:22:52
09:47:55,66.53,0.01,89,592058,中性盘,600276,2025-10-17 22:22:52
09:47:58,66.55,0.02,317,2109359,买盘,600276,2025-10-17 22:22:52
09:48:01,66.56,0.01,152,1011264,买盘,600276,2025-10-17 22:22:52
09:48:04,66.55,-0.01,30,199635,卖盘,600276,2025-10-17 22:22:52
09:48:07,66.54,-0.01,66,439258,卖盘,600276,2025-10-17 22:22:52
09:48:10,66.54,0.0,62,412558,卖盘,600276,2025-10-17 22:22:52
09:48:13,66.5,-0.04,169,1123964,卖盘,600276,2025-10-17 22:22:52
09:48:16,66.49,-0.01,136,904358,卖盘,600276,2025-10-17 22:22:52
09:48:19,66.49,0.0,15,99741,中性盘,600276,2025-10-17 22:22:52
09:48:22,66.48,-0.01,131,870892,卖盘,600276,2025-10-17 22:22:52
09:48:25,66.48,0.0,69,458715,卖盘,600276,2025-10-17 22:22:52
09:48:28,66.46,-0.02,43,285837,卖盘,600276,2025-10-17 22:22:52
09:48:31,66.58,0.12,617,4103926,买盘,600276,2025-10-17 22:22:52
09:48:34,66.54,-0.04,75,499197,卖盘,600276,2025-10-17 22:22:52
09:48:37,66.58,0.04,45,299396,买盘,600276,2025-10-17 22:22:52
09:48:40,66.58,0.0,133,885015,买盘,600276,2025-10-17 22:22:52
09:48:43,66.61,0.03,183,1218784,买盘,600276,2025-10-17 22:22:52
09:48:46,66.58,-0.03,91,605967,卖盘,600276,2025-10-17 22:22:52
09:48:49,66.61,0.03,26,173175,买盘,600276,2025-10-17 22:22:52
09:48:52,66.55,-0.06,106,705723,卖盘,600276,2025-10-17 22:22:52
09:48:55,66.57,0.02,17,113178,卖盘,600276,2025-10-17 22:22:52
09:48:58,66.59,0.02,24,159786,买盘,600276,2025-10-17 22:22:52
09:49:01,66.6,0.01,152,1012253,买盘,600276,2025-10-17 22:22:52
09:49:04,66.58,-0.02,120,799175,卖盘,600276,2025-10-17 22:22:52
09:49:07,66.58,0.0,76,506041,中性盘,600276,2025-10-17 22:22:52
09:49:10,66.57,-0.01,59,392912,卖盘,600276,2025-10-17 22:22:52
09:49:13,66.59,0.02,91,605946,卖盘,600276,2025-10-17 22:22:52
09:49:16,66.59,0.0,68,452766,买盘,600276,2025-10-17 22:22:52
09:49:19,66.57,-0.02,41,272974,卖盘,600276,2025-10-17 22:22:52
09:49:22,66.58,0.01,31,206377,中性盘,600276,2025-10-17 22:22:52
09:49:25,66.57,-0.01,70,466018,卖盘,600276,2025-10-17 22:22:52
09:49:28,66.6,0.03,292,1944198,买盘,600276,2025-10-17 22:22:52
09:49:31,66.61,0.01,67,446329,中性盘,600276,2025-10-17 22:22:52
09:49:34,66.63,0.02,87,579449,买盘,600276,2025-10-17 22:22:52
09:49:37,66.6,-0.03,89,592826,卖盘,600276,2025-10-17 22:22:52
09:49:40,66.61,0.01,36,239808,卖盘,600276,2025-10-17 22:22:52
09:49:43,66.6,-0.01,87,579425,卖盘,600276,2025-10-17 22:22:52
09:49:46,66.58,-0.02,49,326266,卖盘,600276,2025-10-17 22:22:52
09:49:49,66.58,0.0,53,352839,中性盘,600276,2025-10-17 22:22:52
09:49:52,66.58,0.0,97,645968,买盘,600276,2025-10-17 22:22:52
09:49:55,66.57,-0.01,49,326231,卖盘,600276,2025-10-17 22:22:52
09:49:58,66.58,0.01,57,379422,买盘,600276,2025-10-17 22:22:52
09:50:01,66.55,-0.03,72,479238,卖盘,600276,2025-10-17 22:22:52
09:50:04,66.5,-0.05,239,1589849,卖盘,600276,2025-10-17 22:22:52
09:50:07,66.48,-0.02,76,505282,卖盘,600276,2025-10-17 22:22:52
09:50:10,66.47,-0.01,39,259277,卖盘,600276,2025-10-17 22:22:52
09:50:13,66.46,-0.01,33,219316,卖盘,600276,2025-10-17 22:22:52
09:50:16,66.45,-0.01,48,318995,卖盘,600276,2025-10-17 22:22:52
09:50:19,66.45,0.0,140,930321,卖盘,600276,2025-10-17 22:22:52
09:50:22,66.44,-0.01,6,39867,卖盘,600276,2025-10-17 22:22:52
09:50:25,66.43,-0.01,137,910184,卖盘,600276,2025-10-17 22:22:52
09:50:28,66.43,0.0,57,378638,买盘,600276,2025-10-17 22:22:52
09:50:31,66.47,0.04,359,2385235,买盘,600276,2025-10-17 22:22:52
09:50:34,66.43,-0.04,136,903784,卖盘,600276,2025-10-17 22:22:52
09:50:37,66.47,0.04,155,1030029,买盘,600276,2025-10-17 22:22:52
09:50:40,66.46,-0.01,41,272496,卖盘,600276,2025-10-17 22:22:52
09:50:43,66.46,0.0,32,212685,买盘,600276,2025-10-17 22:22:52
09:50:46,66.46,0.0,63,418661,买盘,600276,2025-10-17 22:22:52
09:50:49,66.45,-0.01,91,604753,卖盘,600276,2025-10-17 22:22:52
09:50:52,66.43,-0.02,154,1023116,卖盘,600276,2025-10-17 22:22:52
09:50:55,66.42,-0.01,23,152810,卖盘,600276,2025-10-17 22:22:52
09:50:58,66.42,0.0,151,1002916,卖盘,600276,2025-10-17 22:22:52
09:51:01,66.38,-0.04,603,4003968,卖盘,600276,2025-10-17 22:22:52
09:51:04,66.37,-0.01,121,803310,卖盘,600276,2025-10-17 22:22:52
09:51:07,66.44,0.07,310,2058401,买盘,600276,2025-10-17 22:22:52
09:51:10,66.43,-0.01,1765,11713404,卖盘,600276,2025-10-17 22:22:52
09:51:13,66.45,0.02,173,1149197,卖盘,600276,2025-10-17 22:22:52
09:51:16,66.42,-0.03,13,86347,卖盘,600276,2025-10-17 22:22:52
09:51:19,66.39,-0.03,90,597681,卖盘,600276,2025-10-17 22:22:52
09:51:22,66.42,0.03,56,371834,买盘,600276,2025-10-17 22:22:52
09:51:25,66.42,0.0,613,4069984,买盘,600276,2025-10-17 22:22:52
09:51:28,66.4,-0.02,174,1155455,卖盘,600276,2025-10-17 22:22:52
09:51:31,66.4,0.0,59,391744,买盘,600276,2025-10-17 22:22:52
09:51:34,66.41,0.01,87,577754,买盘,600276,2025-10-17 22:22:52
09:51:37,66.4,-0.01,52,345305,卖盘,600276,2025-10-17 22:22:52
09:51:40,66.4,0.0,47,312091,卖盘,600276,2025-10-17 22:22:52
09:51:43,66.39,-0.01,46,305438,卖盘,600276,2025-10-17 22:22:52
09:51:46,66.39,0.0,43,285489,卖盘,600276,2025-10-17 22:22:52
09:51:49,66.4,0.01,112,743616,买盘,600276,2025-10-17 22:22:52
09:51:52,66.4,0.0,329,2184920,卖盘,600276,2025-10-17 22:22:52
09:51:55,66.4,0.0,177,1174995,卖盘,600276,2025-10-17 22:22:52
09:51:58,66.4,0.0,10,66400,买盘,600276,2025-10-17 22:22:52
09:52:01,66.39,-0.01,67,444863,卖盘,600276,2025-10-17 22:22:52
09:52:04,66.5,0.11,590,3918034,买盘,600276,2025-10-17 22:22:52
09:52:07,66.44,-0.06,300,1994341,卖盘,600276,2025-10-17 22:22:52
09:52:10,66.45,0.01,36,239293,中性盘,600276,2025-10-17 22:22:52
09:52:13,66.48,0.03,78,518448,买盘,600276,2025-10-17 22:22:52
09:52:16,66.47,-0.01,50,332449,卖盘,600276,2025-10-17 22:22:52
09:52:19,66.55,0.08,318,2113300,买盘,600276,2025-10-17 22:22:52
09:52:22,66.55,0.0,105,698888,买盘,600276,2025-10-17 22:22:52
09:52:25,66.58,0.03,85,566009,买盘,600276,2025-10-17 22:22:52
09:52:28,66.59,0.01,72,479363,中性盘,600276,2025-10-17 22:22:52
09:52:31,66.59,0.0,55,366234,卖盘,600276,2025-10-17 22:22:52
09:52:34,66.58,-0.01,27,179785,卖盘,600276,2025-10-17 22:22:52
09:52:37,66.56,-0.02,67,446063,卖盘,600276,2025-10-17 22:22:52
09:52:40,66.55,-0.01,123,818921,卖盘,600276,2025-10-17 22:22:52
09:52:43,66.56,0.01,170,1130931,中性盘,600276,2025-10-17 22:22:52
09:52:46,66.44,-0.12,129,857633,卖盘,600276,2025-10-17 22:22:52
09:52:49,66.54,0.1,27,179670,卖盘,600276,2025-10-17 22:22:52
09:52:52,66.52,-0.02,22,146358,中性盘,600276,2025-10-17 22:22:52
09:52:55,66.5,-0.02,42,279368,卖盘,600276,2025-10-17 22:22:52
09:52:58,66.51,0.01,109,724987,中性盘,600276,2025-10-17 22:22:52
09:53:01,66.51,0.0,108,718394,卖盘,600276,2025-10-17 22:22:52
09:53:04,66.51,0.0,94,625192,卖盘,600276,2025-10-17 22:22:52
09:53:07,66.46,-0.05,73,485379,卖盘,600276,2025-10-17 22:22:52
09:53:10,66.51,0.05,28,186131,买盘,600276,2025-10-17 22:22:52
09:53:13,66.45,-0.06,13,86389,卖盘,600276,2025-10-17 22:22:52
09:53:16,66.49,0.04,68,451874,买盘,600276,2025-10-17 22:22:52
09:53:19,66.48,-0.01,34,226055,中性盘,600276,2025-10-17 22:22:52
09:53:22,66.4,-0.08,168,1116180,卖盘,600276,2025-10-17 22:22:52
09:53:25,66.41,0.01,201,1334814,买盘,600276,2025-10-17 22:22:52
09:53:28,66.4,-0.01,91,601751,卖盘,600276,2025-10-17 22:22:52
09:53:31,66.35,-0.05,135,898644,卖盘,600276,2025-10-17 22:22:52
09:53:34,66.39,0.04,73,484545,买盘,600276,2025-10-17 22:22:52
09:53:37,66.39,0.0,58,384865,卖盘,600276,2025-10-17 22:22:52
09:53:40,66.37,-0.02,5,33188,卖盘,600276,2025-10-17 22:22:52
09:53:43,66.38,0.01,32,212420,买盘,600276,2025-10-17 22:22:52
09:53:46,66.37,-0.01,29,192500,卖盘,600276,2025-10-17 22:22:52
09:53:49,66.37,0.0,21,139385,买盘,600276,2025-10-17 22:22:52
09:53:52,66.36,-0.01,171,1134635,卖盘,600276,2025-10-17 22:22:52
09:53:55,66.33,-0.03,54,358194,卖盘,600276,2025-10-17 22:22:52
09:53:58,66.3,-0.03,430,2851128,卖盘,600276,2025-10-17 22:22:52
09:54:01,66.26,-0.04,177,1173136,卖盘,600276,2025-10-17 22:22:52
09:54:04,66.21,-0.05,173,1146045,卖盘,600276,2025-10-17 22:22:52
09:54:07,66.2,-0.01,210,1390271,卖盘,600276,2025-10-17 22:22:52
09:54:10,66.17,-0.03,237,1568409,卖盘,600276,2025-10-17 22:22:52
09:54:13,66.18,0.01,289,1913128,买盘,600276,2025-10-17 22:22:52
09:54:16,66.15,-0.03,247,1634928,卖盘,600276,2025-10-17 22:22:52
09:54:19,66.17,0.02,231,1528861,中性盘,600276,2025-10-17 22:22:52
09:54:22,66.23,0.06,85,562573,中性盘,600276,2025-10-17 22:22:52
09:54:25,66.24,0.01,124,821023,买盘,600276,2025-10-17 22:22:52
09:54:28,66.25,0.01,217,1436724,买盘,600276,2025-10-17 22:22:52
09:54:31,66.2,-0.05,34,225179,卖盘,600276,2025-10-17 22:22:52
09:54:34,66.26,0.06,150,993535,买盘,600276,2025-10-17 22:22:52
09:54:37,66.24,-0.02,122,807893,卖盘,600276,2025-10-17 22:22:52
09:54:40,66.22,-0.02,42,278071,卖盘,600276,2025-10-17 22:22:52
09:54:43,66.2,-0.02,36,238318,卖盘,600276,2025-10-17 22:22:52
09:54:46,66.2,0.0,63,417014,买盘,600276,2025-10-17 22:22:52
09:54:49,66.18,-0.02,98,648677,卖盘,600276,2025-10-17 22:22:52
09:54:52,66.18,0.0,602,3981934,卖盘,600276,2025-10-17 22:22:52
09:54:55,66.18,0.0,28,185302,买盘,600276,2025-10-17 22:22:52
09:54:58,66.14,-0.04,62,410105,卖盘,600276,2025-10-17 22:22:52
09:55:01,66.14,0.0,256,1693480,买盘,600276,2025-10-17 22:22:52
09:55:04,66.15,0.01,558,3693331,中性盘,600276,2025-10-17 22:22:52
09:55:07,66.2,0.05,871,5764371,买盘,600276,2025-10-17 22:22:52
09:55:10,66.2,0.0,369,2444522,买盘,600276,2025-10-17 22:22:52
09:55:13,66.16,-0.04,208,1377648,卖盘,600276,2025-10-17 22:22:52
09:55:16,66.16,0.0,179,1184478,卖盘,600276,2025-10-17 22:22:52
09:55:19,66.16,0.0,101,670920,卖盘,600276,2025-10-17 22:22:52
09:55:22,66.19,0.03,206,1360478,买盘,600276,2025-10-17 22:22:52
09:55:25,66.21,0.02,155,1026290,买盘,600276,2025-10-17 22:22:52
09:55:28,66.21,0.0,33,218554,卖盘,600276,2025-10-17 22:22:52
09:55:31,66.21,0.0,79,523232,卖盘,600276,2025-10-17 22:22:52
09:55:34,66.22,0.01,68,450311,卖盘,600276,2025-10-17 22:22:52
09:55:37,66.21,-0.01,26,172179,卖盘,600276,2025-10-17 22:22:52
09:55:40,66.21,0.0,45,297984,卖盘,600276,2025-10-17 22:22:52
09:55:43,66.21,0.0,81,536340,卖盘,600276,2025-10-17 22:22:52
09:55:46,66.21,0.0,63,417123,买盘,600276,2025-10-17 22:22:52
09:55:49,66.24,0.03,80,529798,买盘,600276,2025-10-17 22:22:52
09:55:52,66.23,-0.01,32,211937,卖盘,600276,2025-10-17 22:22:52
09:55:55,66.24,0.01,37,246403,买盘,600276,2025-10-17 22:22:52
09:55:58,66.24,0.0,273,1808015,买盘,600276,2025-10-17 22:22:52
09:56:01,66.24,0.0,49,324603,卖盘,600276,2025-10-17 22:22:52
09:56:04,66.24,0.0,59,390870,卖盘,600276,2025-10-17 22:22:52
09:56:07,66.26,0.02,45,298139,买盘,600276,2025-10-17 22:22:52
09:56:10,66.28,0.02,4,26506,买盘,600276,2025-10-17 22:22:52
09:56:13,66.26,-0.02,123,814913,卖盘,600276,2025-10-17 22:22:52
09:56:16,66.26,0.0,62,410876,买盘,600276,2025-10-17 22:22:52
09:56:19,66.29,0.03,36,238518,买盘,600276,2025-10-17 22:22:52
09:56:22,66.26,-0.03,44,291542,卖盘,600276,2025-10-17 22:22:52
09:56:25,66.29,0.03,30,198808,买盘,600276,2025-10-17 22:22:52
09:56:28,66.27,-0.02,19,125948,卖盘,600276,2025-10-17 22:22:52
09:56:31,66.3,0.03,34,225393,买盘,600276,2025-10-17 22:22:52
09:56:34,66.29,-0.01,73,483958,卖盘,600276,2025-10-17 22:22:52
09:56:37,66.3,0.01,43,285072,中性盘,600276,2025-10-17 22:22:52
09:56:40,66.29,-0.01,122,808682,卖盘,600276,2025-10-17 22:22:52
09:56:43,66.29,0.0,90,596576,买盘,600276,2025-10-17 22:22:52
09:56:46,66.27,-0.02,53,351256,卖盘,600276,2025-10-17 22:22:52
09:56:49,66.21,-0.06,335,2219190,卖盘,600276,2025-10-17 22:22:52
09:56:52,66.21,0.0,256,1693383,卖盘,600276,2025-10-17 22:22:52
09:56:55,66.21,0.0,38,251546,买盘,600276,2025-10-17 22:22:52
09:56:58,66.2,-0.01,66,436859,中性盘,600276,2025-10-17 22:22:52
09:57:01,66.19,-0.01,276,1827003,卖盘,600276,2025-10-17 22:22:52
09:57:04,66.2,0.01,61,403872,中性盘,600276,2025-10-17 22:22:52
09:57:07,66.21,0.01,43,284799,中性盘,600276,2025-10-17 22:22:52
09:57:10,66.21,0.0,26,172185,中性盘,600276,2025-10-17 22:22:52
09:57:13,66.28,0.07,41,272972,买盘,600276,2025-10-17 22:22:52
09:57:16,66.31,0.03,227,1505287,买盘,600276,2025-10-17 22:22:52
09:57:19,66.33,0.02,115,762778,买盘,600276,2025-10-17 22:22:52
09:57:22,66.37,0.04,344,2282211,买盘,600276,2025-10-17 22:22:52
09:57:25,66.37,0.0,64,424861,中性盘,600276,2025-10-17 22:22:52
09:57:28,66.37,0.0,36,238950,卖盘,600276,2025-10-17 22:22:52
09:57:31,66.4,0.03,56,371984,卖盘,600276,2025-10-17 22:22:52
09:57:34,66.4,0.0,55,365240,卖盘,600276,2025-10-17 22:22:52
09:57:37,66.45,0.05,38,252445,买盘,600276,2025-10-17 22:22:52
09:57:40,66.38,-0.07,259,1719508,卖盘,600276,2025-10-17 22:22:52
09:57:43,66.38,0.0,40,265503,买盘,600276,2025-10-17 22:22:52
09:57:46,66.37,-0.01,117,776271,中性盘,600276,2025-10-17 22:22:52
09:57:49,66.38,0.01,131,869467,中性盘,600276,2025-10-17 22:22:52
09:57:52,66.36,-0.02,73,484450,卖盘,600276,2025-10-17 22:22:52
09:57:55,66.35,-0.01,41,272017,买盘,600276,2025-10-17 22:22:52
09:57:58,66.3,-0.05,284,1883580,卖盘,600276,2025-10-17 22:22:52
09:58:01,66.25,-0.05,80,530141,卖盘,600276,2025-10-17 22:22:52
09:58:04,66.25,0.0,49,324650,卖盘,600276,2025-10-17 22:22:52
09:58:07,66.25,0.0,59,390791,卖盘,600276,2025-10-17 22:22:52
09:58:10,66.25,0.0,81,536493,买盘,600276,2025-10-17 22:22:52
09:58:13,66.25,0.0,27,178879,卖盘,600276,2025-10-17 22:22:52
09:58:16,66.26,0.01,183,1212269,买盘,600276,2025-10-17 22:22:52
09:58:19,66.25,-0.01,130,860985,卖盘,600276,2025-10-17 22:22:52
09:58:22,66.22,-0.03,108,715124,中性盘,600276,2025-10-17 22:22:52
09:58:25,66.21,-0.01,25,165525,卖盘,600276,2025-10-17 22:22:52
09:58:28,66.19,-0.02,235,1555703,卖盘,600276,2025-10-17 22:22:52
09:58:31,66.16,-0.03,285,1885716,卖盘,600276,2025-10-17 22:22:52
09:58:34,66.18,0.02,75,496305,买盘,600276,2025-10-17 22:22:52
09:58:37,66.16,-0.02,169,1118389,卖盘,600276,2025-10-17 22:22:52
09:58:40,66.22,0.06,114,754792,买盘,600276,2025-10-17 22:22:52
09:58:43,66.22,0.0,314,2082247,卖盘,600276,2025-10-17 22:22:52
09:58:46,66.22,0.0,102,675649,卖盘,600276,2025-10-17 22:22:52
09:58:49,66.22,0.0,80,529679,买盘,600276,2025-10-17 22:22:52
09:58:52,66.22,0.0,93,615714,买盘,600276,2025-10-17 22:22:52
09:58:55,66.22,0.0,60,397292,买盘,600276,2025-10-17 22:22:52
09:58:58,66.22,0.0,109,721714,买盘,600276,2025-10-17 22:22:52
09:59:01,66.2,-0.02,50,330996,卖盘,600276,2025-10-17 22:22:52
09:59:04,66.22,0.02,25,165521,买盘,600276,2025-10-17 22:22:52
09:59:07,66.21,-0.01,134,887033,中性盘,600276,2025-10-17 22:22:52
09:59:10,66.19,-0.02,64,423668,卖盘,600276,2025-10-17 22:22:52
09:59:13,66.2,0.01,70,463518,卖盘,600276,2025-10-17 22:22:52
09:59:16,66.2,0.0,35,231711,买盘,600276,2025-10-17 22:22:52
09:59:19,66.2,0.0,92,609060,卖盘,600276,2025-10-17 22:22:52
09:59:22,66.22,0.02,30,198666,中性盘,600276,2025-10-17 22:22:52
09:59:25,66.22,0.0,21,139094,卖盘,600276,2025-10-17 22:22:52
09:59:28,66.23,0.01,18,119232,中性盘,600276,2025-10-17 22:22:52
09:59:31,66.23,0.0,99,655718,卖盘,600276,2025-10-17 22:22:52
09:59:34,66.23,0.0,74,490115,卖盘,600276,2025-10-17 22:22:52
09:59:37,66.27,0.04,10,66235,买盘,600276,2025-10-17 22:22:52
09:59:40,66.24,-0.03,52,344439,卖盘,600276,2025-10-17 22:22:52
09:59:43,66.25,0.01,44,291590,卖盘,600276,2025-10-17 22:22:52
09:59:46,66.28,0.03,23,152395,买盘,600276,2025-10-17 22:22:52
09:59:49,66.28,0.0,75,497166,卖盘,600276,2025-10-17 22:22:52
09:59:52,66.3,0.02,46,304943,中性盘,600276,2025-10-17 22:22:52
09:59:55,66.3,0.0,31,205530,卖盘,600276,2025-10-17 22:22:52
09:59:58,66.3,0.0,190,1259422,卖盘,600276,2025-10-17 22:22:52
10:00:01,66.26,-0.04,65,430700,中性盘,600276,2025-10-17 22:22:52
10:00:04,66.22,-0.04,79,523219,卖盘,600276,2025-10-17 22:22:52
10:00:07,66.23,0.01,45,298040,卖盘,600276,2025-10-17 22:22:52
10:00:10,66.21,-0.02,40,264877,卖盘,600276,2025-10-17 22:22:52
10:00:13,66.2,-0.01,202,1337121,卖盘,600276,2025-10-17 22:22:52
10:00:16,66.21,0.01,86,569295,买盘,600276,2025-10-17 22:22:52
10:00:19,66.2,-0.01,82,542824,中性盘,600276,2025-10-17 22:22:52
10:00:22,66.17,-0.03,367,2427988,卖盘,600276,2025-10-17 22:22:52
10:00:25,66.2,0.03,143,946505,买盘,600276,2025-10-17 22:22:52
10:00:28,66.17,-0.03,33,218398,卖盘,600276,2025-10-17 22:22:52
10:00:31,66.16,-0.01,98,648473,卖盘,600276,2025-10-17 22:22:52
10:00:34,66.16,0.0,71,469735,卖盘,600276,2025-10-17 22:22:52
10:00:37,66.16,0.0,47,310919,卖盘,600276,2025-10-17 22:22:52
10:00:40,66.16,0.0,31,205071,买盘,600276,2025-10-17 22:22:52
10:00:43,66.14,-0.02,107,707788,卖盘,600276,2025-10-17 22:22:52
10:00:46,66.16,0.02,253,1673368,买盘,600276,2025-10-17 22:22:52
10:00:49,66.1,-0.06,314,2076393,卖盘,600276,2025-10-17 22:22:52
10:00:52,66.12,0.02,52,343735,中性盘,600276,2025-10-17 22:22:52
10:00:55,66.1,-0.02,188,1242704,卖盘,600276,2025-10-17 22:22:52
10:00:58,66.1,0.0,62,409841,卖盘,600276,2025-10-17 22:22:52
10:01:01,66.1,0.0,176,1163457,卖盘,600276,2025-10-17 22:22:52
10:01:04,66.1,0.0,157,1037741,卖盘,600276,2025-10-17 22:22:52
10:01:07,66.09,-0.01,94,621208,卖盘,600276,2025-10-17 22:22:52
10:01:10,66.05,-0.04,190,1255325,卖盘,600276,2025-10-17 22:22:52
10:01:13,66.05,0.0,143,944539,卖盘,600276,2025-10-17 22:22:52
10:01:16,66.06,0.01,139,918148,中性盘,600276,2025-10-17 22:22:52
10:01:19,66.05,-0.01,108,713323,中性盘,600276,2025-10-17 22:22:52
10:01:22,66.04,-0.01,2775,18317067,卖盘,600276,2025-10-17 22:22:52
10:01:25,66.04,0.0,256,1691072,卖盘,600276,2025-10-17 22:22:52
10:01:28,66.01,-0.03,176,1162000,卖盘,600276,2025-10-17 22:22:52
10:01:31,66.01,0.0,153,1010088,卖盘,600276,2025-10-17 22:22:52
10:01:34,66.0,-0.01,392,2587252,卖盘,600276,2025-10-17 22:22:52
10:01:37,66.0,0.0,310,2045751,买盘,600276,2025-10-17 22:22:52
10:01:40,65.95,-0.05,105,692642,卖盘,600276,2025-10-17 22:22:52
10:01:43,65.95,0.0,229,1510535,卖盘,600276,2025-10-17 22:22:52
10:01:46,66.0,0.05,500,3299400,买盘,600276,2025-10-17 22:22:52
10:01:49,66.03,0.03,163,1076388,中性盘,600276,2025-10-17 22:22:52
10:01:52,66.04,0.01,134,884779,中性盘,600276,2025-10-17 22:22:52
10:01:55,66.09,0.05,474,3129287,买盘,600276,2025-10-17 22:22:52
10:01:58,66.05,-0.04,249,1644091,中性盘,600276,2025-10-17 22:22:52
10:02:01,66.04,-0.01,29,191543,卖盘,600276,2025-10-17 22:22:52
10:02:04,66.03,-0.01,326,2151788,卖盘,600276,2025-10-17 22:22:52
10:02:07,66.05,0.02,215,1419281,买盘,600276,2025-10-17 22:22:52
10:02:10,66.09,0.04,1541,10169760,买盘,600276,2025-10-17 22:22:52
10:02:13,66.05,-0.04,289,1908386,卖盘,600276,2025-10-17 22:22:52
10:02:16,66.06,0.01,120,792655,中性盘,600276,2025-10-17 22:22:52
10:02:19,66.16,0.1,701,4633095,买盘,600276,2025-10-17 22:22:52
10:02:22,66.14,-0.02,179,1183965,卖盘,600276,2025-10-17 22:22:52
10:02:25,66.14,0.0,92,608286,卖盘,600276,2025-10-17 22:22:52
10:02:28,66.14,0.0,42,277714,买盘,600276,2025-10-17 22:22:52
10:02:31,66.09,-0.05,119,786634,卖盘,600276,2025-10-17 22:22:52
10:02:34,66.14,0.05,92,608237,中性盘,600276,2025-10-17 22:22:52
10:02:37,66.09,-0.05,81,535422,卖盘,600276,2025-10-17 22:22:52
10:02:40,66.09,0.0,64,423086,卖盘,600276,2025-10-17 22:22:52
10:02:43,66.1,0.01,8,52900,中性盘,600276,2025-10-17 22:22:52
10:02:46,66.14,0.04,31,204914,买盘,600276,2025-10-17 22:22:52
10:02:49,66.11,-0.03,73,482552,卖盘,600276,2025-10-17 22:22:52
10:02:52,66.1,-0.01,46,304161,卖盘,600276,2025-10-17 22:22:52
10:02:55,66.11,0.01,48,317321,中性盘,600276,2025-10-17 22:22:52
10:02:58,66.11,0.0,42,277667,卖盘,600276,2025-10-17 22:22:52
10:03:01,66.13,0.02,66,436358,中性盘,600276,2025-10-17 22:22:52
10:03:04,66.07,-0.06,260,1718428,卖盘,600276,2025-10-17 22:22:52
10:03:07,66.08,0.01,111,733590,买盘,600276,2025-10-17 22:22:52
10:03:10,66.06,-0.02,70,462507,卖盘,600276,2025-10-17 22:22:52
10:03:13,66.05,-0.01,141,931262,卖盘,600276,2025-10-17 22:22:52
10:03:16,66.05,0.0,68,449139,买盘,600276,2025-10-17 22:22:52
10:03:19,66.0,-0.05,181,1194929,卖盘,600276,2025-10-17 22:22:52
10:03:22,65.97,-0.03,441,2909726,卖盘,600276,2025-10-17 22:22:52
10:03:25,65.95,-0.02,103,679401,卖盘,600276,2025-10-17 22:22:52
10:03:28,65.98,0.03,501,3306541,买盘,600276,2025-10-17 22:22:52
10:03:31,65.97,-0.01,46,303457,卖盘,600276,2025-10-17 22:22:52
10:03:34,65.98,0.01,143,943639,卖盘,600276,2025-10-17 22:22:52
10:03:37,65.97,-0.01,50,329915,卖盘,600276,2025-10-17 22:22:52
10:03:40,65.97,0.0,57,376075,卖盘,600276,2025-10-17 22:22:52
10:03:43,65.97,0.0,328,2163000,卖盘,600276,2025-10-17 22:22:52
10:03:46,65.97,0.0,100,659704,卖盘,600276,2025-10-17 22:22:52
10:03:49,65.9,-0.07,233,1535818,卖盘,600276,2025-10-17 22:22:52
10:03:52,65.9,0.0,46,303300,卖盘,600276,2025-10-17 22:22:52
10:03:55,65.9,0.0,162,1067969,卖盘,600276,2025-10-17 22:22:52
10:03:58,65.9,0.0,129,850166,买盘,600276,2025-10-17 22:22:52
10:04:01,65.9,0.0,116,764426,卖盘,600276,2025-10-17 22:22:52
10:04:04,65.91,0.01,187,1232306,中性盘,600276,2025-10-17 22:22:52
10:04:07,65.9,-0.01,61,402042,卖盘,600276,2025-10-17 22:22:52
10:04:10,65.91,0.01,65,428592,中性盘,600276,2025-10-17 22:22:52
10:04:13,65.93,0.02,89,586813,中性盘,600276,2025-10-17 22:22:52
10:04:16,65.9,-0.03,156,1028241,卖盘,600276,2025-10-17 22:22:52
10:04:19,65.93,0.03,109,718628,买盘,600276,2025-10-17 22:22:52
10:04:22,65.92,-0.01,184,1213083,卖盘,600276,2025-10-17 22:22:52
10:04:25,65.97,0.05,166,1094356,买盘,600276,2025-10-17 22:22:52
10:04:28,65.96,-0.01,58,382546,卖盘,600276,2025-10-17 22:22:52
10:04:31,65.96,0.0,94,619984,卖盘,600276,2025-10-17 22:22:52
10:04:34,65.95,-0.01,23,151707,中性盘,600276,2025-10-17 22:22:52
10:04:37,65.94,-0.01,51,336330,卖盘,600276,2025-10-17 22:22:52
10:04:40,65.93,-0.01,73,481433,卖盘,600276,2025-10-17 22:22:52
10:04:43,65.96,0.03,143,943209,买盘,600276,2025-10-17 22:22:52
10:04:46,65.96,0.0,170,1121120,买盘,600276,2025-10-17 22:22:52
10:04:49,65.96,0.0,164,1081766,买盘,600276,2025-10-17 22:22:52
10:04:52,65.96,0.0,65,428770,卖盘,600276,2025-10-17 22:22:52
10:04:55,65.96,0.0,70,461685,卖盘,600276,2025-10-17 22:22:52
10:04:58,65.96,0.0,61,402448,卖盘,600276,2025-10-17 22:22:52
10:05:01,66.03,0.07,190,1256602,买盘,600276,2025-10-17 22:22:52
10:05:04,66.05,0.02,46,303698,买盘,600276,2025-10-17 22:22:52
10:05:07,66.01,-0.04,106,699694,卖盘,600276,2025-10-17 22:22:52
10:05:10,66.02,0.01,13,85818,买盘,600276,2025-10-17 22:22:52
10:05:13,66.02,0.0,41,270664,卖盘,600276,2025-10-17 22:22:52
10:05:16,66.03,0.01,160,1056260,买盘,600276,2025-10-17 22:22:52
10:05:19,66.04,0.01,102,673595,买盘,600276,2025-10-17 22:22:52
10:05:22,66.06,0.02,47,310435,买盘,600276,2025-10-17 22:22:52
10:05:25,66.03,-0.03,96,633918,卖盘,600276,2025-10-17 22:22:52
10:05:28,66.01,-0.02,80,528129,卖盘,600276,2025-10-17 22:22:52
10:05:31,65.96,-0.05,143,943685,卖盘,600276,2025-10-17 22:22:52
10:05:34,65.96,0.0,50,329902,卖盘,600276,2025-10-17 22:22:52
10:05:37,65.99,0.03,24,158377,买盘,600276,2025-10-17 22:22:52
10:05:40,65.98,-0.01,21,138568,卖盘,600276,2025-10-17 22:22:52
10:05:43,66.0,0.02,43,283754,买盘,600276,2025-10-17 22:22:52
10:05:46,65.99,-0.01,82,541077,买盘,600276,2025-10-17 22:22:52
10:05:49,65.99,0.0,76,501465,买盘,600276,2025-10-17 22:22:52
10:05:52,65.99,0.0,32,211158,卖盘,600276,2025-10-17 22:22:52
10:05:55,65.99,0.0,14,92386,卖盘,600276,2025-10-17 22:22:52
10:05:58,65.99,0.0,89,587322,卖盘,600276,2025-10-17 22:22:52
10:06:01,65.95,-0.04,377,2486619,卖盘,600276,2025-10-17 22:22:52
10:06:04,65.95,0.0,277,1826362,买盘,600276,2025-10-17 22:22:52
10:06:07,65.93,-0.02,149,982560,卖盘,600276,2025-10-17 22:22:52
10:06:10,65.93,0.0,112,738491,卖盘,600276,2025-10-17 22:22:52
10:06:13,65.95,0.02,85,560374,买盘,600276,2025-10-17 22:22:52
10:06:16,65.93,-0.02,55,362645,中性盘,600276,2025-10-17 22:22:52
10:06:19,65.95,0.02,27,178009,中性盘,600276,2025-10-17 22:22:52
10:06:22,65.93,-0.02,14,92312,卖盘,600276,2025-10-17 22:22:52
10:06:25,65.96,0.03,191,1259763,中性盘,600276,2025-10-17 22:22:52
10:06:28,65.96,0.0,66,435302,买盘,600276,2025-10-17 22:22:52
10:06:31,65.97,0.01,76,501356,中性盘,600276,2025-10-17 22:22:52
10:06:34,65.97,0.0,52,342989,买盘,600276,2025-10-17 22:22:52
10:06:37,65.96,-0.01,59,389157,卖盘,600276,2025-10-17 22:22:52
10:06:40,65.95,-0.01,51,336320,中性盘,600276,2025-10-17 22:22:52
10:06:43,65.93,-0.02,68,448424,卖盘,600276,2025-10-17 22:22:52
10:06:46,65.96,0.03,136,896915,买盘,600276,2025-10-17 22:22:52
10:06:49,65.95,-0.01,76,501246,卖盘,600276,2025-10-17 22:22:52
10:06:52,65.93,-0.02,168,1107827,卖盘,600276,2025-10-17 22:22:52
10:06:55,65.94,0.01,38,250542,买盘,600276,2025-10-17 22:22:52
10:06:58,65.93,-0.01,33,217571,卖盘,600276,2025-10-17 22:22:52
10:07:01,65.93,0.0,81,534039,卖盘,600276,2025-10-17 22:22:52
10:07:04,65.92,-0.01,36,237311,中性盘,600276,2025-10-17 22:22:52
10:07:07,65.92,0.0,30,197735,买盘,600276,2025-10-17 22:22:52
10:07:10,65.91,-0.01,48,316374,卖盘,600276,2025-10-17 22:22:52
10:07:13,65.91,0.0,97,639367,卖盘,600276,2025-10-17 22:22:52
10:07:16,65.91,0.0,49,322919,买盘,600276,2025-10-17 22:22:52
10:07:19,65.9,-0.01,31,204304,卖盘,600276,2025-10-17 22:22:52
10:07:22,65.9,0.0,84,553581,卖盘,600276,2025-10-17 22:22:52
10:07:25,65.9,0.0,166,1093951,卖盘,600276,2025-10-17 22:22:52
10:07:28,65.9,0.0,79,520624,卖盘,600276,2025-10-17 22:22:52
10:07:31,65.9,0.0,195,1285063,卖盘,600276,2025-10-17 22:22:52
10:07:34,65.9,0.0,117,771037,卖盘,600276,2025-10-17 22:22:52
10:07:37,65.94,0.04,446,2939883,买盘,600276,2025-10-17 22:22:52
10:07:40,65.92,-0.02,208,1371517,卖盘,600276,2025-10-17 22:22:52
10:07:43,65.92,0.0,39,257110,卖盘,600276,2025-10-17 22:22:52
10:07:46,65.9,-0.02,72,474549,卖盘,600276,2025-10-17 22:22:52
10:07:49,65.91,0.01,40,263603,中性盘,600276,2025-10-17 22:22:52
10:07:52,65.91,0.0,117,771019,买盘,600276,2025-10-17 22:22:52
10:07:55,65.92,0.01,226,1489600,买盘,600276,2025-10-17 22:22:52
10:07:58,65.94,0.02,48,316439,买盘,600276,2025-10-17 22:22:52
10:08:01,65.94,0.0,74,489441,中性盘,600276,2025-10-17 22:22:52
10:08:04,65.94,0.0,66,435221,卖盘,600276,2025-10-17 22:22:52
10:08:07,65.94,0.0,367,2418151,卖盘,600276,2025-10-17 22:22:52
10:08:10,65.95,0.01,30,197852,卖盘,600276,2025-10-17 22:22:52
10:08:13,65.94,-0.01,14,92319,卖盘,600276,2025-10-17 22:22:52
10:08:16,65.93,-0.01,35,230798,卖盘,600276,2025-10-17 22:22:52
10:08:19,65.94,0.01,80,527557,买盘,600276,2025-10-17 22:22:52
10:08:22,65.94,0.0,27,178053,卖盘,600276,2025-10-17 22:22:52
10:08:25,65.95,0.01,69,454956,买盘,600276,2025-10-17 22:22:52
10:08:28,65.86,-0.09,677,4460530,卖盘,600276,2025-10-17 22:22:52
10:08:31,65.87,0.01,145,955017,买盘,600276,2025-10-17 22:22:52
10:08:34,65.87,0.0,66,434684,买盘,600276,2025-10-17 22:22:52
10:08:37,65.88,0.01,51,335965,买盘,600276,2025-10-17 22:22:52
10:08:40,65.88,0.0,22,144918,买盘,600276,2025-10-17 22:22:52
10:08:43,65.88,0.0,60,395283,卖盘,600276,2025-10-17 22:22:52
10:08:46,65.88,0.0,123,810279,卖盘,600276,2025-10-17 22:22:52
10:08:49,65.88,0.0,52,342561,卖盘,600276,2025-10-17 22:22:52
10:08:52,65.87,-0.01,29,191016,中性盘,600276,2025-10-17 22:22:52
10:08:55,65.86,-0.01,45,296381,卖盘,600276,2025-10-17 22:22:52
10:08:58,65.8,-0.06,1349,8881291,卖盘,600276,2025-10-17 22:22:52
10:09:01,65.79,-0.01,507,3335243,卖盘,600276,2025-10-17 22:22:52
10:09:04,65.77,-0.02,235,1545454,中性盘,600276,2025-10-17 22:22:52
10:09:07,65.79,0.02,723,4758283,中性盘,600276,2025-10-17 22:22:52
10:09:10,65.81,0.02,290,1908436,中性盘,600276,2025-10-17 22:22:52
10:09:13,65.82,0.01,202,1329380,中性盘,600276,2025-10-17 22:22:52
10:09:16,65.8,-0.02,227,1493648,卖盘,600276,2025-10-17 22:22:52
10:09:19,65.82,0.02,124,816008,卖盘,600276,2025-10-17 22:22:52
10:09:22,65.82,0.0,46,302704,买盘,600276,2025-10-17 22:22:52
10:09:25,65.81,-0.01,33,217188,卖盘,600276,2025-10-17 22:22:52
10:09:28,65.81,0.0,105,690993,买盘,600276,2025-10-17 22:22:52
10:09:31,65.82,0.01,76,500217,买盘,600276,2025-10-17 22:22:52
10:09:34,65.82,0.0,92,605471,买盘,600276,2025-10-17 22:22:52
10:09:37,65.82,0.0,114,750267,买盘,600276,2025-10-17 22:22:52
10:09:40,65.8,-0.02,279,1836020,卖盘,600276,2025-10-17 22:22:52
10:09:43,65.8,0.0,91,598758,中性盘,600276,2025-10-17 22:22:52
10:09:46,65.8,0.0,23,151343,卖盘,600276,2025-10-17 22:22:52
10:09:49,65.79,-0.01,28,184221,卖盘,600276,2025-10-17 22:22:52
10:09:52,65.79,0.0,96,631472,卖盘,600276,2025-10-17 22:22:52
10:09:55,65.79,0.0,127,835585,买盘,600276,2025-10-17 22:22:52
10:09:58,65.77,-0.02,67,440764,卖盘,600276,2025-10-17 22:22:52
10:10:01,65.76,-0.01,174,1144803,卖盘,600276,2025-10-17 22:22:52
10:10:04,65.73,-0.03,178,1170261,卖盘,600276,2025-10-17 22:22:52
10:10:07,65.75,0.02,218,1433814,卖盘,600276,2025-10-17 22:22:52
10:10:10,65.8,0.05,83,544518,买盘,600276,2025-10-17 22:22:52
10:10:13,65.82,0.02,169,1112147,买盘,600276,2025-10-17 22:22:52
10:10:16,65.75,-0.07,340,2236542,卖盘,600276,2025-10-17 22:22:52
10:10:19,65.82,0.07,125,822813,中性盘,600276,2025-10-17 22:22:52
10:10:22,65.82,0.0,30,197454,中性盘,600276,2025-10-17 22:22:52
10:10:25,65.82,0.0,15,98729,买盘,600276,2025-10-17 22:22:52
10:10:28,65.81,-0.01,16,105283,买盘,600276,2025-10-17 22:22:52
10:10:31,65.81,0.0,12,78975,买盘,600276,2025-10-17 22:22:52
10:10:34,65.81,0.0,58,381670,买盘,600276,2025-10-17 22:22:52
10:10:37,65.82,0.01,53,348789,买盘,600276,2025-10-17 22:22:52
10:10:40,65.82,0.0,108,710737,买盘,600276,2025-10-17 22:22:52
10:10:43,65.81,-0.01,144,947575,卖盘,600276,2025-10-17 22:22:52
10:10:46,65.81,0.0,30,197403,买盘,600276,2025-10-17 22:22:52
10:10:49,65.82,0.01,56,368529,买盘,600276,2025-10-17 22:22:52
10:10:52,65.82,0.0,21,138206,买盘,600276,2025-10-17 22:22:52
10:10:55,65.8,-0.02,56,368543,卖盘,600276,2025-10-17 22:22:52
10:10:58,65.81,0.01,18,118459,中性盘,600276,2025-10-17 22:22:52
10:11:01,65.76,-0.05,899,5914979,卖盘,600276,2025-10-17 22:22:52
10:11:04,65.78,0.02,351,2308353,买盘,600276,2025-10-17 22:22:52
10:11:07,65.8,0.02,33,217056,买盘,600276,2025-10-17 22:22:52
10:11:10,65.81,0.01,185,1217239,买盘,600276,2025-10-17 22:22:52
10:11:13,65.88,0.07,542,3569140,买盘,600276,2025-10-17 22:22:52
10:11:16,65.88,0.0,116,764238,卖盘,600276,2025-10-17 22:22:52
10:11:19,65.89,0.01,33,217361,中性盘,600276,2025-10-17 22:22:52
10:11:22,65.88,-0.01,61,401842,卖盘,600276,2025-10-17 22:22:52
10:11:25,65.88,0.0,118,777243,买盘,600276,2025-10-17 22:22:52
10:11:28,65.86,-0.02,56,368816,卖盘,600276,2025-10-17 22:22:52
10:11:31,65.86,0.0,78,513648,买盘,600276,2025-10-17 22:22:52
10:11:34,65.88,0.02,72,474216,买盘,600276,2025-10-17 22:22:52
10:11:37,65.88,0.0,48,316224,买盘,600276,2025-10-17 22:22:52
10:11:40,65.87,-0.01,34,223964,卖盘,600276,2025-10-17 22:22:52
10:11:43,65.87,0.0,21,138321,买盘,600276,2025-10-17 22:22:52
10:11:46,65.82,-0.05,282,1856928,卖盘,600276,2025-10-17 22:22:52
10:11:49,65.84,0.02,67,441033,买盘,600276,2025-10-17 22:22:52
10:11:52,65.83,-0.01,19,125086,卖盘,600276,2025-10-17 22:22:52
10:11:55,65.85,0.02,11,72417,买盘,600276,2025-10-17 22:22:52
10:11:58,65.85,0.0,53,348901,买盘,600276,2025-10-17 22:22:52
10:12:01,65.82,-0.03,127,836004,卖盘,600276,2025-10-17 22:22:52
10:12:04,65.8,-0.02,304,2000269,卖盘,600276,2025-10-17 22:22:52
10:12:07,65.76,-0.04,169,1112088,卖盘,600276,2025-10-17 22:22:52
10:12:10,65.76,0.0,73,480063,卖盘,600276,2025-10-17 22:22:52
10:12:13,65.73,-0.03,245,1610755,卖盘,600276,2025-10-17 22:22:52
10:12:16,65.73,0.0,49,322105,卖盘,600276,2025-10-17 22:22:52
10:12:19,65.73,0.0,70,460076,卖盘,600276,2025-10-17 22:22:52
10:12:22,65.72,-0.01,43,282614,卖盘,600276,2025-10-17 22:22:52
10:12:25,65.73,0.01,123,808358,买盘,600276,2025-10-17 22:22:52
10:12:28,65.72,-0.01,777,5105715,买盘,600276,2025-10-17 22:22:52
10:12:31,65.71,-0.01,409,2687537,卖盘,600276,2025-10-17 22:22:52
10:12:34,65.68,-0.03,83,545297,卖盘,600276,2025-10-17 22:22:52
10:12:37,65.73,0.05,373,2451238,买盘,600276,2025-10-17 22:22:52
10:12:40,65.75,0.02,132,867503,买盘,600276,2025-10-17 22:22:52
10:12:43,65.74,-0.01,163,1070873,卖盘,600276,2025-10-17 22:22:52
10:12:46,65.76,0.02,60,394489,买盘,600276,2025-10-17 22:22:52
10:12:49,65.75,-0.01,81,532660,卖盘,600276,2025-10-17 22:22:52
10:12:52,65.74,-0.01,61,401038,卖盘,600276,2025-10-17 22:22:52
10:12:55,65.75,0.01,20,131499,中性盘,600276,2025-10-17 22:22:52
10:12:58,65.76,0.01,42,276159,买盘,600276,2025-10-17 22:22:52
10:13:01,65.73,-0.03,34,223527,卖盘,600276,2025-10-17 22:22:52
10:13:04,65.81,0.08,112,736841,买盘,600276,2025-10-17 22:22:52
10:13:07,65.81,0.0,496,3261797,卖盘,600276,2025-10-17 22:22:52
10:13:10,65.81,0.0,78,513330,卖盘,600276,2025-10-17 22:22:52
10:13:13,65.85,0.04,88,579245,买盘,600276,2025-10-17 22:22:52
10:13:16,65.85,0.0,22,144861,买盘,600276,2025-10-17 22:22:52
10:13:19,65.85,0.0,71,467504,买盘,600276,2025-10-17 22:22:52
10:13:22,65.85,0.0,89,586115,买盘,600276,2025-10-17 22:22:52
10:13:25,65.86,0.01,36,237054,买盘,600276,2025-10-17 22:22:52
10:13:28,65.86,0.0,29,190982,买盘,600276,2025-10-17 22:22:52
10:13:31,65.86,0.0,22,144902,卖盘,600276,2025-10-17 22:22:52
10:13:34,65.86,0.0,42,276628,卖盘,600276,2025-10-17 22:22:52
10:13:37,65.86,0.0,29,191000,卖盘,600276,2025-10-17 22:22:52
10:13:40,65.86,0.0,119,783721,买盘,600276,2025-10-17 22:22:52
10:13:43,65.86,0.0,27,177814,买盘,600276,2025-10-17 22:22:52
10:13:46,65.87,0.01,157,1033998,卖盘,600276,2025-10-17 22:22:52
10:13:49,65.87,0.0,132,869444,卖盘,600276,2025-10-17 22:22:52
10:13:52,65.87,0.0,44,289827,买盘,600276,2025-10-17 22:22:52
10:13:55,65.9,0.03,60,395247,买盘,600276,2025-10-17 22:22:52
10:13:58,65.89,-0.01,7,46128,中性盘,600276,2025-10-17 22:22:52
10:14:01,65.9,0.01,94,619422,买盘,600276,2025-10-17 22:22:52
10:14:04,65.92,0.02,146,962215,买盘,600276,2025-10-17 22:22:52
10:14:07,65.87,-0.05,982,6470861,卖盘,600276,2025-10-17 22:22:52
10:14:10,65.87,0.0,162,1066847,买盘,600276,2025-10-17 22:22:52
10:14:13,65.87,0.0,40,263517,中性盘,600276,2025-10-17 22:22:52
10:14:16,65.91,0.04,128,845872,买盘,600276,2025-10-17 22:22:52
10:14:19,65.9,-0.01,34,221407,卖盘,600276,2025-10-17 22:22:52
10:14:22,65.91,0.01,73,483695,买盘,600276,2025-10-17 22:22:52
10:14:25,65.89,-0.02,76,500897,卖盘,600276,2025-10-17 22:22:52
10:14:28,65.91,0.02,19,125245,中性盘,600276,2025-10-17 22:22:52
10:14:31,65.91,0.0,19,125233,卖盘,600276,2025-10-17 22:22:52
10:14:34,65.92,0.01,141,929451,买盘,600276,2025-10-17 22:22:52
10:14:37,65.92,0.0,4,26368,卖盘,600276,2025-10-17 22:22:52
10:14:40,65.95,0.03,110,725332,买盘,600276,2025-10-17 22:22:52
10:14:43,65.95,0.0,64,421997,买盘,600276,2025-10-17 22:22:52
10:14:46,65.97,0.02,156,1027516,买盘,600276,2025-10-17 22:22:52
10:14:49,65.97,0.0,13,85743,买盘,600276,2025-10-17 22:22:52
10:14:52,65.97,0.0,43,283679,买盘,600276,2025-10-17 22:22:52
10:14:55,65.98,0.01,72,474963,买盘,600276,2025-10-17 22:22:52
10:14:58,65.91,-0.07,379,2500293,卖盘,600276,2025-10-17 22:22:52
10:15:01,65.92,0.01,110,725255,买盘,600276,2025-10-17 22:22:52
10:15:04,65.96,0.04,38,250579,买盘,600276,2025-10-17 22:22:52
10:15:07,65.96,0.0,20,131888,买盘,600276,2025-10-17 22:22:52
10:15:10,65.96,0.0,29,191268,买盘,600276,2025-10-17 22:22:52
10:15:13,65.96,0.0,50,329795,卖盘,600276,2025-10-17 22:22:52
10:15:16,65.96,0.0,45,296804,中性盘,600276,2025-10-17 22:22:52
10:15:19,65.91,-0.05,386,2544664,卖盘,600276,2025-10-17 22:22:52
10:15:22,65.89,-0.02,73,480973,中性盘,600276,2025-10-17 22:22:52
10:15:25,65.91,0.02,29,191065,买盘,600276,2025-10-17 22:22:52
10:15:28,65.91,0.0,47,309729,买盘,600276,2025-10-17 22:22:52
10:15:31,65.94,0.03,299,1970781,买盘,600276,2025-10-17 22:22:52
10:15:34,65.94,0.0,82,540709,卖盘,600276,2025-10-17 22:22:52
10:15:37,65.95,0.01,20,131888,买盘,600276,2025-10-17 22:22:52
10:15:40,65.94,-0.01,19,125294,卖盘,600276,2025-10-17 22:22:52
10:15:43,65.94,0.0,31,204441,卖盘,600276,2025-10-17 22:22:52
10:15:46,65.96,0.02,13,85737,买盘,600276,2025-10-17 22:22:52
10:15:49,65.95,-0.01,69,455039,卖盘,600276,2025-10-17 22:22:52
10:15:52,65.94,-0.01,15,98923,卖盘,600276,2025-10-17 22:22:52
10:15:55,65.89,-0.05,157,1034867,卖盘,600276,2025-10-17 22:22:52
10:15:58,65.9,0.01,24,158150,中性盘,600276,2025-10-17 22:22:52
10:16:01,65.89,-0.01,36,237225,中性盘,600276,2025-10-17 22:22:52
10:16:04,65.89,0.0,28,184565,中性盘,600276,2025-10-17 22:22:52
10:16:07,65.9,0.01,28,184576,中性盘,600276,2025-10-17 22:22:52
10:16:10,65.92,0.02,4,26368,卖盘,600276,2025-10-17 22:22:52
10:16:13,65.93,0.01,40,263689,买盘,600276,2025-10-17 22:22:52
10:16:16,65.95,0.02,72,474762,买盘,600276,2025-10-17 22:22:52
10:16:19,65.95,0.0,39,257146,买盘,600276,2025-10-17 22:22:52
10:16:22,65.94,-0.01,55,362692,卖盘,600276,2025-10-17 22:22:52
10:16:25,65.93,-0.01,44,290095,卖盘,600276,2025-10-17 22:22:52
10:16:28,65.95,0.02,54,356051,买盘,600276,2025-10-17 22:22:52
10:16:31,65.93,-0.02,34,224189,卖盘,600276,2025-10-17 22:22:52
10:16:34,65.94,0.01,22,145050,买盘,600276,2025-10-17 22:22:52
10:16:37,65.94,0.0,21,138482,卖盘,600276,2025-10-17 22:22:52
10:16:40,65.94,0.0,14,92316,卖盘,600276,2025-10-17 22:22:52
10:16:43,65.95,0.01,52,342905,买盘,600276,2025-10-17 22:22:52
10:16:46,65.96,0.01,25,164870,买盘,600276,2025-10-17 22:22:52
10:16:49,65.96,0.0,36,237421,买盘,600276,2025-10-17 22:22:52
10:16:52,65.9,-0.06,157,1035002,卖盘,600276,2025-10-17 22:22:52
10:16:55,65.91,0.01,171,1126783,买盘,600276,2025-10-17 22:22:52
10:16:58,65.87,-0.04,101,665455,卖盘,600276,2025-10-17 22:22:52
10:17:01,65.91,0.04,7,46134,买盘,600276,2025-10-17 22:22:52
10:17:04,65.91,0.0,12,79068,中性盘,600276,2025-10-17 22:22:52
10:17:07,65.92,0.01,5,32956,买盘,600276,2025-10-17 22:22:52
10:17:10,65.9,-0.02,119,784213,卖盘,600276,2025-10-17 22:22:52
10:17:13,65.92,0.02,12,79104,买盘,600276,2025-10-17 22:22:52
10:17:16,65.9,-0.02,49,322998,卖盘,600276,2025-10-17 22:22:52
10:17:19,65.9,0.0,109,718381,卖盘,600276,2025-10-17 22:22:52
10:17:22,65.89,-0.01,18,118600,中性盘,600276,2025-10-17 22:22:52
10:17:25,65.9,0.01,51,336082,买盘,600276,2025-10-17 22:22:52
10:17:28,65.91,0.01,3,19773,买盘,600276,2025-10-17 22:22:52
10:17:31,65.9,-0.01,5,32950,卖盘,600276,2025-10-17 22:22:52
10:17:34,65.93,0.03,142,936065,买盘,600276,2025-10-17 22:22:52
10:17:37,65.98,0.05,87,573794,买盘,600276,2025-10-17 22:22:52
10:17:40,65.96,-0.02,50,329756,中性盘,600276,2025-10-17 22:22:52
10:17:43,65.98,0.02,13,85770,买盘,600276,2025-10-17 22:22:52
10:17:46,65.98,0.0,11,72577,买盘,600276,2025-10-17 22:22:52
10:17:49,65.98,0.0,31,205960,买盘,600276,2025-10-17 22:22:52
10:17:52,65.97,-0.01,33,216283,卖盘,600276,2025-10-17 22:22:52
10:17:55,65.97,0.0,51,336417,买盘,600276,2025-10-17 22:22:52
10:17:58,65.97,0.0,115,758544,买盘,600276,2025-10-17 22:22:52
10:18:01,65.97,0.0,20,131939,买盘,600276,2025-10-17 22:22:52
10:18:04,65.98,0.01,48,318812,买盘,600276,2025-10-17 22:22:52
10:18:07,65.98,0.0,2,13197,卖盘,600276,2025-10-17 22:22:52
10:18:10,65.98,0.0,88,578520,卖盘,600276,2025-10-17 22:22:52
10:18:13,65.92,-0.06,216,1424491,卖盘,600276,2025-10-17 22:22:52
10:18:16,65.94,0.02,87,573547,买盘,600276,2025-10-17 22:22:52
10:18:19,65.91,-0.03,46,303266,卖盘,600276,2025-10-17 22:22:52
10:18:22,65.91,0.0,34,224099,卖盘,600276,2025-10-17 22:22:52
10:18:25,65.92,0.01,50,329577,买盘,600276,2025-10-17 22:22:52
10:18:28,65.92,0.0,23,151601,买盘,600276,2025-10-17 22:22:52
10:18:31,65.88,-0.04,403,2655742,卖盘,600276,2025-10-17 22:22:52
10:18:34,65.89,0.01,44,289901,中性盘,600276,2025-10-17 22:22:52
10:18:37,65.88,-0.01,8,52709,卖盘,600276,2025-10-17 22:22:52
10:18:40,65.88,0.0,8,52704,中性盘,600276,2025-10-17 22:22:52
10:18:43,65.88,0.0,26,171271,买盘,600276,2025-10-17 22:22:52
10:18:46,65.87,-0.01,23,151514,卖盘,600276,2025-10-17 22:22:52
10:18:49,65.88,0.01,47,309632,买盘,600276,2025-10-17 22:22:52
10:18:52,65.87,-0.01,46,303029,卖盘,600276,2025-10-17 22:22:52
10:18:55,65.88,0.01,22,144931,买盘,600276,2025-10-17 22:22:52
10:18:58,65.87,-0.01,85,559905,卖盘,600276,2025-10-17 22:22:52
10:19:01,65.87,0.0,12,79042,买盘,600276,2025-10-17 22:22:52
10:19:04,65.88,0.01,64,419062,买盘,600276,2025-10-17 22:22:52
10:19:07,65.89,0.01,23,151523,买盘,600276,2025-10-17 22:22:52
10:19:10,65.9,0.01,38,250399,买盘,600276,2025-10-17 22:22:52
10:19:13,65.91,0.01,2,13182,买盘,600276,2025-10-17 22:22:52
10:19:16,65.9,-0.01,27,177930,卖盘,600276,2025-10-17 22:22:52
10:19:19,65.89,-0.01,51,336012,卖盘,600276,2025-10-17 22:22:52
10:19:22,65.89,0.0,53,349263,卖盘,600276,2025-10-17 22:22:52
10:19:25,65.88,-0.01,13,85645,卖盘,600276,2025-10-17 22:22:52
10:19:28,65.87,-0.01,172,1133022,卖盘,600276,2025-10-17 22:22:52
10:19:31,65.86,-0.01,294,1936017,卖盘,600276,2025-10-17 22:22:52
10:19:34,65.86,0.0,60,395059,买盘,600276,2025-10-17 22:22:52
10:19:37,65.85,-0.01,5,32914,卖盘,600276,2025-10-17 22:22:52
10:19:40,65.82,-0.03,55,362039,卖盘,600276,2025-10-17 22:22:52
10:19:43,65.82,0.0,54,355425,买盘,600276,2025-10-17 22:22:52
10:19:46,65.82,0.0,25,164543,买盘,600276,2025-10-17 22:22:52
10:19:49,65.8,-0.02,65,427750,卖盘,600276,2025-10-17 22:22:52
10:19:52,65.81,0.01,33,217147,买盘,600276,2025-10-17 22:22:52
10:19:55,65.8,-0.01,27,177661,卖盘,600276,2025-10-17 22:22:52
10:19:58,65.8,0.0,19,125026,卖盘,600276,2025-10-17 22:22:52
10:20:01,65.81,0.01,18,118446,买盘,600276,2025-10-17 22:22:52
10:20:04,65.8,-0.01,65,427733,卖盘,600276,2025-10-17 22:22:52
10:20:07,65.8,0.0,16,105293,卖盘,600276,2025-10-17 22:22:52
10:20:10,65.81,0.01,65,427730,买盘,600276,2025-10-17 22:22:52
10:20:13,65.81,0.0,68,447532,卖盘,600276,2025-10-17 22:22:52
10:20:16,65.82,0.01,26,171109,买盘,600276,2025-10-17 22:22:52
10:20:19,65.81,-0.01,42,276406,卖盘,600276,2025-10-17 22:22:52
10:20:22,65.81,0.0,6,39485,买盘,600276,2025-10-17 22:22:52
10:20:25,65.8,-0.01,113,743667,卖盘,600276,2025-10-17 22:22:52
10:20:28,65.81,0.01,29,190848,买盘,600276,2025-10-17 22:22:52
10:20:31,65.8,-0.01,11,72387,卖盘,600276,2025-10-17 22:22:52
10:20:34,65.81,0.01,66,434299,买盘,600276,2025-10-17 22:22:52
10:20:37,65.8,-0.01,78,513248,卖盘,600276,2025-10-17 22:22:52
10:20:40,65.81,0.01,28,184258,买盘,600276,2025-10-17 22:22:52
10:20:43,65.81,0.0,99,651497,卖盘,600276,2025-10-17 22:22:52
10:20:46,65.79,-0.02,336,2210818,卖盘,600276,2025-10-17 22:22:52
10:20:49,65.77,-0.02,97,638013,卖盘,600276,2025-10-17 22:22:52
10:20:52,65.77,0.0,24,157838,买盘,600276,2025-10-17 22:22:52
10:20:55,65.76,-0.01,116,762843,卖盘,600276,2025-10-17 22:22:52
10:20:58,65.76,0.0,26,170966,买盘,600276,2025-10-17 22:22:52
10:21:01,65.75,-0.01,21,138087,卖盘,600276,2025-10-17 22:22:52
10:21:04,65.76,0.01,22,144654,买盘,600276,2025-10-17 22:22:52
10:21:07,65.76,0.0,18,118354,买盘,600276,2025-10-17 22:22:52
10:21:10,65.75,-0.01,52,341905,卖盘,600276,2025-10-17 22:22:52
10:21:13,65.75,0.0,49,322196,卖盘,600276,2025-10-17 22:22:52
10:21:16,65.75,0.0,57,374776,卖盘,600276,2025-10-17 22:22:52
10:21:19,65.75,0.0,17,111785,中性盘,600276,2025-10-17 22:22:52
10:21:22,65.76,0.01,104,683887,买盘,600276,2025-10-17 22:22:52
10:21:25,65.76,0.0,21,138089,买盘,600276,2025-10-17 22:22:52
10:21:28,65.74,-0.02,58,381348,卖盘,600276,2025-10-17 22:22:52
10:21:31,65.75,0.01,7,46025,买盘,600276,2025-10-17 22:22:52
10:21:34,65.75,0.0,22,144650,买盘,600276,2025-10-17 22:22:52
10:21:37,65.75,0.0,48,315569,买盘,600276,2025-10-17 22:22:52
10:21:40,65.74,-0.01,130,854647,卖盘,600276,2025-10-17 22:22:52
10:21:43,65.75,0.01,31,203024,买盘,600276,2025-10-17 22:22:52
10:21:46,65.75,0.0,5,32875,卖盘,600276,2025-10-17 22:22:52
10:21:49,65.75,0.0,262,1722651,卖盘,600276,2025-10-17 22:22:52
10:21:52,65.75,0.0,79,519505,买盘,600276,2025-10-17 22:22:52
10:21:55,65.77,0.02,31,203828,中性盘,600276,2025-10-17 22:22:52
10:21:58,65.77,0.0,6,39453,中性盘,600276,2025-10-17 22:22:52
10:22:01,65.81,0.04,240,1580348,买盘,600276,2025-10-17 22:22:52
10:22:04,65.81,0.0,12,78982,卖盘,600276,2025-10-17 22:22:52
10:22:07,65.81,0.0,8,52648,卖盘,600276,2025-10-17 22:22:52
10:22:10,65.79,-0.02,44,289520,卖盘,600276,2025-10-17 22:22:52
10:22:13,65.86,0.07,932,6133542,买盘,600276,2025-10-17 22:22:52
10:22:16,65.84,-0.02,77,507151,卖盘,600276,2025-10-17 22:22:52
10:22:19,65.89,0.05,20,131741,买盘,600276,2025-10-17 22:22:52
10:22:22,65.89,0.0,24,158151,卖盘,600276,2025-10-17 22:22:52
10:22:25,65.85,-0.04,58,381968,卖盘,600276,2025-10-17 22:22:52
10:22:28,65.9,0.05,71,467831,买盘,600276,2025-10-17 22:22:52
10:22:31,65.89,-0.01,38,250338,中性盘,600276,2025-10-17 22:22:52
10:22:34,65.89,0.0,16,105434,卖盘,600276,2025-10-17 22:22:52
10:22:37,65.9,0.01,5,32949,中性盘,600276,2025-10-17 22:22:52
10:22:40,65.91,0.01,28,184544,买盘,600276,2025-10-17 22:22:52
10:22:43,65.9,-0.01,40,263625,卖盘,600276,2025-10-17 22:22:52
10:22:46,65.89,-0.01,51,336082,卖盘,600276,2025-10-17 22:22:52
10:22:49,65.9,0.01,9,59318,中性盘,600276,2025-10-17 22:22:52
10:22:52,65.88,-0.02,154,1014710,卖盘,600276,2025-10-17 22:22:52
10:22:55,65.85,-0.03,77,507196,卖盘,600276,2025-10-17 22:22:52
10:22:58,65.85,0.0,56,368726,卖盘,600276,2025-10-17 22:22:52
10:23:01,65.84,-0.01,35,230449,中性盘,600276,2025-10-17 22:22:52
10:23:04,65.82,-0.02,114,750314,卖盘,600276,2025-10-17 22:22:52
10:23:07,65.77,-0.05,88,579015,卖盘,600276,2025-10-17 22:22:52
10:23:10,65.79,0.02,90,592121,买盘,600276,2025-10-17 22:22:52
10:23:13,65.77,-0.02,40,263106,卖盘,600276,2025-10-17 22:22:52
10:23:16,65.77,0.0,37,243403,卖盘,600276,2025-10-17 22:22:52
10:23:19,65.78,0.01,78,513117,中性盘,600276,2025-10-17 22:22:52
10:23:22,65.78,0.0,28,184163,买盘,600276,2025-10-17 22:22:52
10:23:25,65.79,0.01,32,210531,买盘,600276,2025-10-17 22:22:52
10:23:28,65.78,-0.01,56,368409,卖盘,600276,2025-10-17 22:22:52
10:23:31,65.79,0.01,19,125003,卖盘,600276,2025-10-17 22:22:52
10:23:34,65.79,0.0,17,111843,中性盘,600276,2025-10-17 22:22:52
10:23:37,65.79,0.0,86,565724,买盘,600276,2025-10-17 22:22:52
10:23:40,65.79,0.0,73,480106,买盘,600276,2025-10-17 22:22:52
10:23:43,65.78,-0.01,30,197324,卖盘,600276,2025-10-17 22:22:52
10:23:46,65.78,0.0,18,118403,买盘,600276,2025-10-17 22:22:52
10:23:49,65.78,0.0,19,124974,买盘,600276,2025-10-17 22:22:52
10:23:52,65.78,0.0,44,289416,买盘,600276,2025-10-17 22:22:52
10:23:55,65.77,-0.01,36,236807,卖盘,600276,2025-10-17 22:22:52
10:23:58,65.78,0.01,10,65774,中性盘,600276,2025-10-17 22:22:52
10:24:01,65.77,-0.01,74,486692,卖盘,600276,2025-10-17 22:22:52
10:24:04,65.75,-0.02,195,1282179,卖盘,600276,2025-10-17 22:22:52
10:24:07,65.74,-0.01,57,374775,卖盘,600276,2025-10-17 22:22:52
10:24:10,65.75,0.01,41,269565,买盘,600276,2025-10-17 22:22:52
10:24:13,65.74,-0.01,40,262973,卖盘,600276,2025-10-17 22:22:52
10:24:16,65.74,0.0,98,644293,卖盘,600276,2025-10-17 22:22:52
10:24:19,65.75,0.01,24,157789,买盘,600276,2025-10-17 22:22:52
10:24:22,65.76,0.01,11,72320,买盘,600276,2025-10-17 22:22:52
10:24:25,65.77,0.01,96,631333,买盘,600276,2025-10-17 22:22:52
10:24:28,65.77,0.0,8,52617,卖盘,600276,2025-10-17 22:22:52
10:24:31,65.77,0.0,3,19731,卖盘,600276,2025-10-17 22:22:52
10:24:34,65.77,0.0,18,118390,卖盘,600276,2025-10-17 22:22:52
10:24:37,65.77,0.0,8,52620,卖盘,600276,2025-10-17 22:22:52
10:24:40,65.78,0.01,16,105233,买盘,600276,2025-10-17 22:22:52
10:24:43,65.78,0.0,14,92085,买盘,600276,2025-10-17 22:22:52
10:24:46,65.77,-0.01,9,59193,卖盘,600276,2025-10-17 22:22:52
10:24:49,65.77,0.0,181,1190121,买盘,600276,2025-10-17 22:22:52
10:24:52,65.77,0.0,2,13153,买盘,600276,2025-10-17 22:22:52
10:24:55,65.77,0.0,29,190727,买盘,600276,2025-10-17 22:22:52
10:24:58,65.77,0.0,11,72345,买盘,600276,2025-10-17 22:22:52
10:25:01,65.77,0.0,74,486664,买盘,600276,2025-10-17 22:22:52
10:25:04,65.77,0.0,13,85500,买盘,600276,2025-10-17 22:22:52
10:25:07,65.77,0.0,30,197294,买盘,600276,2025-10-17 22:22:52
10:25:10,65.77,0.0,4,26306,买盘,600276,2025-10-17 22:22:52
10:25:13,65.76,-0.01,33,217021,卖盘,600276,2025-10-17 22:22:52
10:25:16,65.77,0.01,17,111793,买盘,600276,2025-10-17 22:22:52
10:25:19,65.76,-0.01,13,85488,中性盘,600276,2025-10-17 22:22:52
10:25:22,65.76,0.0,57,376128,买盘,600276,2025-10-17 22:22:52
10:25:25,65.77,0.01,8,52612,买盘,600276,2025-10-17 22:22:52
10:25:28,65.8,0.03,71,467002,买盘,600276,2025-10-17 22:22:52
10:25:31,65.83,0.03,78,512467,买盘,600276,2025-10-17 22:22:52
10:25:34,65.82,-0.01,60,394988,卖盘,600276,2025-10-17 22:22:52
10:25:37,65.84,0.02,7,46076,中性盘,600276,2025-10-17 22:22:52
10:25:40,65.86,0.02,20,131701,买盘,600276,2025-10-17 22:22:52
10:25:43,65.84,-0.02,6,39504,卖盘,600276,2025-10-17 22:22:52
10:25:46,65.86,0.02,35,230480,买盘,600276,2025-10-17 22:22:52
10:25:49,65.86,0.0,30,194932,买盘,600276,2025-10-17 22:22:52
10:25:52,65.86,0.0,4,26344,卖盘,600276,2025-10-17 22:22:52
10:25:55,65.88,0.02,50,329392,买盘,600276,2025-10-17 22:22:52
10:25:58,65.88,0.0,71,467749,卖盘,600276,2025-10-17 22:22:52
10:26:01,65.87,-0.01,24,158094,卖盘,600276,2025-10-17 22:22:52
10:26:04,65.87,0.0,80,526908,买盘,600276,2025-10-17 22:22:52
10:26:07,65.85,-0.02,19,125132,卖盘,600276,2025-10-17 22:22:52
10:26:10,65.84,-0.01,25,164640,卖盘,600276,2025-10-17 22:22:52
10:26:13,65.87,0.03,17,111968,买盘,600276,2025-10-17 22:22:52
10:26:16,65.85,-0.02,23,151480,卖盘,600276,2025-10-17 22:22:52
10:26:19,65.85,0.0,15,98775,中性盘,600276,2025-10-17 22:22:52
10:26:22,65.88,0.03,6,39524,买盘,600276,2025-10-17 22:22:52
10:26:25,65.86,-0.02,16,105394,卖盘,600276,2025-10-17 22:22:52
10:26:28,65.86,0.0,10,65851,买盘,600276,2025-10-17 22:22:52
10:26:31,65.88,0.02,36,237088,买盘,600276,2025-10-17 22:22:52
10:26:34,65.88,0.0,19,125150,买盘,600276,2025-10-17 22:22:52
10:26:37,65.88,0.0,7,46116,卖盘,600276,2025-10-17 22:22:52
10:26:40,65.89,0.01,48,316162,买盘,600276,2025-10-17 22:22:52
10:26:43,65.88,-0.01,14,92236,卖盘,600276,2025-10-17 22:22:52
10:26:46,65.89,0.01,16,105424,买盘,600276,2025-10-17 22:22:52
10:26:49,65.88,-0.01,185,1218949,卖盘,600276,2025-10-17 22:22:52
10:26:52,65.89,0.01,4,26356,买盘,600276,2025-10-17 22:22:52
10:26:55,65.9,0.01,1,6590,买盘,600276,2025-10-17 22:22:52
10:26:58,65.9,0.0,29,191086,买盘,600276,2025-10-17 22:22:52
10:27:01,65.88,-0.02,49,322850,卖盘,600276,2025-10-17 22:22:52
10:27:04,65.9,0.02,18,118612,买盘,600276,2025-10-17 22:22:52
10:27:07,65.9,0.0,19,125205,买盘,600276,2025-10-17 22:22:52
10:27:10,65.9,0.0,22,144980,买盘,600276,2025-10-17 22:22:52
10:27:13,65.9,0.0,250,1648804,买盘,600276,2025-10-17 22:22:52
10:27:16,65.9,0.0,24,158164,卖盘,600276,2025-10-17 22:22:52
10:27:19,65.93,0.03,11,72517,买盘,600276,2025-10-17 22:22:52
10:27:22,65.91,-0.02,12,79098,卖盘,600276,2025-10-17 22:22:52
10:27:25,65.94,0.03,4,26376,买盘,600276,2025-10-17 22:22:52
10:27:28,65.94,0.0,3,19782,卖盘,600276,2025-10-17 22:22:52
10:27:31,65.95,0.01,19,125300,买盘,600276,2025-10-17 22:22:52
10:27:34,65.95,0.0,36,237422,卖盘,600276,2025-10-17 22:22:52
10:27:37,65.97,0.02,54,356172,买盘,600276,2025-10-17 22:22:52
10:27:40,65.95,-0.02,27,178080,卖盘,600276,2025-10-17 22:22:52
10:27:43,65.97,0.02,87,573803,买盘,600276,2025-10-17 22:22:52
10:27:46,65.97,0.0,17,112149,卖盘,600276,2025-10-17 22:22:52
10:27:49,65.97,0.0,38,250643,买盘,600276,2025-10-17 22:22:52
10:27:52,65.97,0.0,84,554216,买盘,600276,2025-10-17 22:22:52
10:27:55,65.97,0.0,5,32985,卖盘,600276,2025-10-17 22:22:52
10:27:58,65.97,0.0,55,362896,卖盘,600276,2025-10-17 22:22:52
10:28:01,65.99,0.02,104,686198,买盘,600276,2025-10-17 22:22:52
10:28:04,65.97,-0.02,117,771835,卖盘,600276,2025-10-17 22:22:52
10:28:07,65.98,0.01,50,329851,买盘,600276,2025-10-17 22:22:52
10:28:10,66.0,0.02,114,752326,买盘,600276,2025-10-17 22:22:52
10:28:13,65.98,-0.02,20,131953,卖盘,600276,2025-10-17 22:22:52
10:28:16,65.99,0.01,51,336528,买盘,600276,2025-10-17 22:22:52
10:28:19,65.98,-0.01,26,171566,卖盘,600276,2025-10-17 22:22:52
10:28:22,66.0,0.02,65,428990,买盘,600276,2025-10-17 22:22:52
10:28:25,66.0,0.0,45,296986,买盘,600276,2025-10-17 22:22:52
10:28:28,65.98,-0.02,45,296934,卖盘,600276,2025-10-17 22:22:52
10:28:31,66.0,0.02,25,164971,买盘,600276,2025-10-17 22:22:52
10:28:34,65.99,-0.01,86,567599,中性盘,600276,2025-10-17 22:22:52
10:28:37,65.98,-0.01,51,336512,卖盘,600276,2025-10-17 22:22:52
10:28:40,65.98,0.0,13,85773,买盘,600276,2025-10-17 22:22:52
10:28:43,65.99,0.01,30,197956,买盘,600276,2025-10-17 22:22:52
10:28:46,66.0,0.01,26,171592,买盘,600276,2025-10-17 22:22:52
10:28:49,66.0,0.0,41,270599,买盘,600276,2025-10-17 22:22:52
10:28:52,66.0,0.0,6,39600,买盘,600276,2025-10-17 22:22:52
10:28:55,65.99,-0.01,121,798593,卖盘,600276,2025-10-17 22:22:52
10:28:58,65.95,-0.04,77,507962,卖盘,600276,2025-10-17 22:22:52
10:29:01,65.93,-0.02,198,1305614,卖盘,600276,2025-10-17 22:22:52
10:29:04,65.91,-0.02,98,645868,卖盘,600276,2025-10-17 22:22:52
10:29:07,65.91,0.0,25,164757,买盘,600276,2025-10-17 22:22:52
10:29:10,65.91,0.0,135,889777,买盘,600276,2025-10-17 22:22:52
10:29:13,65.92,0.01,161,1061211,买盘,600276,2025-10-17 22:22:52
10:29:16,65.91,-0.01,15,98868,卖盘,600276,2025-10-17 22:22:52
10:29:19,65.91,0.0,143,942522,卖盘,600276,2025-10-17 22:22:52
10:29:22,65.93,0.02,64,421774,买盘,600276,2025-10-17 22:22:52
10:29:25,65.95,0.02,27,177983,买盘,600276,2025-10-17 22:22:52
10:29:28,65.91,-0.04,42,276822,卖盘,600276,2025-10-17 22:22:52
10:29:31,65.9,-0.01,32,210910,卖盘,600276,2025-10-17 22:22:52
10:29:34,65.9,0.0,76,500959,卖盘,600276,2025-10-17 22:22:52
10:29:37,65.88,-0.02,474,3123607,卖盘,600276,2025-10-17 22:22:52
10:29:40,65.89,0.01,38,250355,买盘,600276,2025-10-17 22:22:52
10:29:43,65.88,-0.01,27,177891,卖盘,600276,2025-10-17 22:22:52
10:29:46,65.89,0.01,11,72471,卖盘,600276,2025-10-17 22:22:52
10:29:49,65.87,-0.02,24,158103,卖盘,600276,2025-10-17 22:22:52
10:29:52,65.9,0.03,5,32948,买盘,600276,2025-10-17 22:22:52
10:29:55,65.9,0.0,29,191102,买盘,600276,2025-10-17 22:22:52
10:29:58,65.9,0.0,11,72485,买盘,600276,2025-10-17 22:22:52
10:30:01,65.89,-0.01,13,85660,卖盘,600276,2025-10-17 22:22:52
10:30:04,65.89,0.0,45,296510,卖盘,600276,2025-10-17 22:22:52
10:30:07,65.87,-0.02,64,421623,卖盘,600276,2025-10-17 22:22:52
10:30:10,65.87,0.0,9,59277,卖盘,600276,2025-10-17 22:22:52
10:30:13,65.87,0.0,38,250297,买盘,600276,2025-10-17 22:22:52
10:30:16,65.88,0.01,46,303003,买盘,600276,2025-10-17 22:22:52
10:30:19,65.88,0.0,8,52703,买盘,600276,2025-10-17 22:22:52
10:30:22,65.89,0.01,30,197638,买盘,600276,2025-10-17 22:22:52
10:30:25,65.89,0.0,8,52705,买盘,600276,2025-10-17 22:22:52
10:30:28,65.89,0.0,42,276700,买盘,600276,2025-10-17 22:22:52
10:30:31,65.89,0.0,1,6589,买盘,600276,2025-10-17 22:22:52
10:30:34,65.88,-0.01,58,382106,卖盘,600276,2025-10-17 22:22:52
10:30:37,65.89,0.01,42,276719,买盘,600276,2025-10-17 22:22:52
10:30:40,65.89,0.0,6,39534,买盘,600276,2025-10-17 22:22:52
10:30:43,65.89,0.0,31,204258,买盘,600276,2025-10-17 22:22:52
10:30:46,65.91,0.02,77,507425,买盘,600276,2025-10-17 22:22:52
10:30:49,65.94,0.03,25,164789,买盘,600276,2025-10-17 22:22:52
10:30:52,65.93,-0.01,22,145034,卖盘,600276,2025-10-17 22:22:52
10:30:55,65.93,0.0,17,112081,卖盘,600276,2025-10-17 22:22:52
10:30:58,65.94,0.01,26,171387,买盘,600276,2025-10-17 22:22:52
10:31:01,65.93,-0.01,26,171418,卖盘,600276,2025-10-17 22:22:52
10:31:04,65.91,-0.02,46,303244,卖盘,600276,2025-10-17 22:22:52
10:31:07,65.93,0.02,35,230722,卖盘,600276,2025-10-17 22:22:52
10:31:10,65.93,0.0,16,105487,买盘,600276,2025-10-17 22:22:52
10:31:13,65.94,0.01,18,118685,买盘,600276,2025-10-17 22:22:52
10:31:16,65.94,0.0,22,145050,买盘,600276,2025-10-17 22:22:52
10:31:19,65.91,-0.03,44,290071,卖盘,600276,2025-10-17 22:22:52
10:31:22,65.9,-0.01,64,421892,卖盘,600276,2025-10-17 22:22:52
10:31:25,66.0,0.1,142,936604,买盘,600276,2025-10-17 22:22:52
10:31:28,66.02,0.02,74,489329,买盘,600276,2025-10-17 22:22:52
10:31:31,66.03,0.01,35,231053,买盘,600276,2025-10-17 22:22:52
10:31:34,66.04,0.01,21,138659,买盘,600276,2025-10-17 22:22:52
10:31:37,66.04,0.0,9,59430,买盘,600276,2025-10-17 22:22:52
10:31:40,66.03,-0.01,44,290632,卖盘,600276,2025-10-17 22:22:52
10:31:43,66.04,0.01,55,363168,卖盘,600276,2025-10-17 22:22:52
10:31:46,66.07,0.03,39,257647,买盘,600276,2025-10-17 22:22:52
10:31:49,66.07,0.0,87,574856,卖盘,600276,2025-10-17 22:22:52
10:31:52,66.07,0.0,92,607997,卖盘,600276,2025-10-17 22:22:52
10:31:55,66.13,0.06,23,152036,买盘,600276,2025-10-17 22:22:52
10:31:58,66.12,-0.01,30,198310,中性盘,600276,2025-10-17 22:22:52
10:32:01,66.12,0.0,20,132244,买盘,600276,2025-10-17 22:22:52
10:32:04,66.13,0.01,57,376906,买盘,600276,2025-10-17 22:22:52
10:32:07,66.1,-0.03,230,1521158,卖盘,600276,2025-10-17 22:22:52
10:32:10,66.1,0.0,95,628170,卖盘,600276,2025-10-17 22:22:52
10:32:13,66.13,0.03,54,357121,卖盘,600276,2025-10-17 22:22:52
10:32:16,66.13,0.0,12,79360,卖盘,600276,2025-10-17 22:22:52
10:32:19,66.17,0.04,26,171978,买盘,600276,2025-10-17 22:22:52
10:32:22,66.17,0.0,17,112473,买盘,600276,2025-10-17 22:22:52
10:32:25,66.17,0.0,52,344056,中性盘,600276,2025-10-17 22:22:52
10:32:28,66.18,0.01,43,284543,买盘,600276,2025-10-17 22:22:52
10:32:31,66.18,0.0,32,211764,买盘,600276,2025-10-17 22:22:52
10:32:34,66.19,0.01,17,112512,中性盘,600276,2025-10-17 22:22:52
10:32:37,66.19,0.0,18,119134,买盘,600276,2025-10-17 22:22:52
10:32:40,66.21,0.02,58,383898,买盘,600276,2025-10-17 22:22:52
10:32:43,66.21,0.0,15,100632,买盘,600276,2025-10-17 22:22:52
10:32:46,66.22,0.01,15,99315,买盘,600276,2025-10-17 22:22:52
10:32:49,66.21,-0.01,30,198644,卖盘,600276,2025-10-17 22:22:52
10:32:52,66.2,-0.01,70,463479,卖盘,600276,2025-10-17 22:22:52
10:32:55,66.19,-0.01,229,1514722,卖盘,600276,2025-10-17 22:22:52
10:32:58,66.18,-0.01,38,251495,卖盘,600276,2025-10-17 22:22:52
10:33:01,66.16,-0.02,195,1290324,卖盘,600276,2025-10-17 22:22:52
10:33:04,66.11,-0.05,31,204969,卖盘,600276,2025-10-17 22:22:52
10:33:07,66.11,0.0,186,1229497,卖盘,600276,2025-10-17 22:22:52
10:33:10,66.11,0.0,82,541928,买盘,600276,2025-10-17 22:22:52
10:33:13,66.1,-0.01,32,211498,买盘,600276,2025-10-17 22:22:52
10:33:16,66.1,0.0,81,535361,买盘,600276,2025-10-17 22:22:52
10:33:19,66.1,0.0,17,112375,卖盘,600276,2025-10-17 22:22:52
10:33:22,66.1,0.0,57,376776,卖盘,600276,2025-10-17 22:22:52
10:33:25,66.1,0.0,26,171857,买盘,600276,2025-10-17 22:22:52
10:33:28,66.11,0.01,20,132202,中性盘,600276,2025-10-17 22:22:52
10:33:31,66.1,-0.01,178,1176607,卖盘,600276,2025-10-17 22:22:52
10:33:34,66.1,0.0,50,330453,买盘,600276,2025-10-17 22:22:52
10:33:37,66.08,-0.02,176,1163111,卖盘,600276,2025-10-17 22:22:52
10:33:40,66.08,0.0,46,303942,买盘,600276,2025-10-17 22:22:52
10:33:43,66.07,-0.01,44,290684,中性盘,600276,2025-10-17 22:22:52
10:33:46,66.07,0.0,8,52855,买盘,600276,2025-10-17 22:22:52
10:33:49,66.06,-0.01,21,138743,卖盘,600276,2025-10-17 22:22:52
10:33:52,66.06,0.0,19,125521,卖盘,600276,2025-10-17 22:22:52
10:33:55,66.06,0.0,31,204792,卖盘,600276,2025-10-17 22:22:52
10:33:58,66.06,0.0,58,383135,卖盘,600276,2025-10-17 22:22:52
10:34:01,66.05,-0.01,37,244422,卖盘,600276,2025-10-17 22:22:52
10:34:04,66.06,0.01,32,211400,卖盘,600276,2025-10-17 22:22:52
10:34:07,66.08,0.02,39,257679,买盘,600276,2025-10-17 22:22:52
10:34:10,66.07,-0.01,33,218028,中性盘,600276,2025-10-17 22:22:52
10:34:13,66.07,0.0,45,297295,买盘,600276,2025-10-17 22:22:52
10:34:16,66.08,0.01,19,125543,买盘,600276,2025-10-17 22:22:52
10:34:19,66.09,0.01,26,171822,买盘,600276,2025-10-17 22:22:52
10:34:22,66.1,0.01,34,224694,买盘,600276,2025-10-17 22:22:52
10:34:25,66.09,-0.01,19,125551,卖盘,600276,2025-10-17 22:22:52
10:34:28,66.1,0.01,15,99143,买盘,600276,2025-10-17 22:22:52
10:34:31,66.11,0.01,13,85943,买盘,600276,2025-10-17 22:22:52
10:34:34,66.11,0.0,66,436333,买盘,600276,2025-10-17 22:22:52
10:34:37,66.14,0.03,12,79358,买盘,600276,2025-10-17 22:22:52
10:34:40,66.12,-0.02,11,72733,卖盘,600276,2025-10-17 22:22:52
10:34:43,66.12,0.0,37,244644,买盘,600276,2025-10-17 22:22:52
10:34:46,66.15,0.03,67,443123,买盘,600276,2025-10-17 22:22:52
10:34:49,66.12,-0.03,40,264504,卖盘,600276,2025-10-17 22:22:52
10:34:52,66.12,0.0,17,112397,买盘,600276,2025-10-17 22:22:52
10:34:55,66.14,0.02,43,284356,买盘,600276,2025-10-17 22:22:52
10:34:58,66.15,0.01,12,79376,买盘,600276,2025-10-17 22:22:52
10:35:01,66.15,0.0,21,138927,卖盘,600276,2025-10-17 22:22:52
10:35:04,66.16,0.01,13,86006,买盘,600276,2025-10-17 22:22:52
10:35:07,66.16,0.0,61,403664,买盘,600276,2025-10-17 22:22:52
10:35:10,66.19,0.03,13,86049,中性盘,600276,2025-10-17 22:22:52
10:35:13,66.19,0.0,10,66190,买盘,600276,2025-10-17 22:22:52
10:35:16,66.2,0.01,34,225046,买盘,600276,2025-10-17 22:22:52
10:35:19,66.19,-0.01,18,119137,买盘,600276,2025-10-17 22:22:52
10:35:22,66.21,0.02,17,112546,买盘,600276,2025-10-17 22:22:52
10:35:25,66.21,0.0,22,145647,买盘,600276,2025-10-17 22:22:52
10:35:28,66.16,-0.05,185,1224337,卖盘,600276,2025-10-17 22:22:52
10:35:31,66.15,-0.01,82,542429,卖盘,600276,2025-10-17 22:22:52
10:35:34,66.15,0.0,111,734150,买盘,600276,2025-10-17 22:22:52
10:35:37,66.17,0.02,79,522749,买盘,600276,2025-10-17 22:22:52
10:35:40,66.15,-0.02,32,211715,卖盘,600276,2025-10-17 22:22:52
10:35:43,66.16,0.01,19,125706,卖盘,600276,2025-10-17 22:22:52
10:35:46,66.17,0.01,8,52934,买盘,600276,2025-10-17 22:22:52
10:35:49,66.18,0.01,62,410242,买盘,600276,2025-10-17 22:22:52
10:35:52,66.18,0.0,36,238224,买盘,600276,2025-10-17 22:22:52
10:35:55,66.17,-0.01,48,317640,卖盘,600276,2025-10-17 22:22:52
10:35:58,66.16,-0.01,32,211732,卖盘,600276,2025-10-17 22:22:52
10:36:01,66.1,-0.06,170,1124473,卖盘,600276,2025-10-17 22:22:52
10:36:04,66.13,0.03,70,462750,中性盘,600276,2025-10-17 22:22:52
10:36:07,66.09,-0.04,79,522092,卖盘,600276,2025-10-17 22:22:52
10:36:10,66.03,-0.06,92,607826,卖盘,600276,2025-10-17 22:22:52
10:36:13,66.04,0.01,29,191495,中性盘,600276,2025-10-17 22:22:52
10:36:16,66.01,-0.03,31,204676,卖盘,600276,2025-10-17 22:22:52
10:36:19,66.04,0.03,61,402751,买盘,600276,2025-10-17 22:22:52
10:36:22,66.0,-0.04,31,204647,卖盘,600276,2025-10-17 22:22:52
10:36:25,66.01,0.01,25,165009,中性盘,600276,2025-10-17 22:22:52
10:36:28,66.01,0.0,21,138622,中性盘,600276,2025-10-17 22:22:52
10:36:31,66.0,-0.01,176,1161613,卖盘,600276,2025-10-17 22:22:52
10:36:34,66.0,0.0,99,653496,卖盘,600276,2025-10-17 22:22:52
10:36:37,66.0,0.0,10,66032,卖盘,600276,2025-10-17 22:22:52
10:36:40,66.0,0.0,28,184795,卖盘,600276,2025-10-17 22:22:52
10:36:43,66.0,0.0,26,171595,卖盘,600276,2025-10-17 22:22:52
10:36:46,66.03,0.03,139,917402,中性盘,600276,2025-10-17 22:22:52
10:36:49,66.0,-0.03,18,118812,卖盘,600276,2025-10-17 22:22:52
10:36:52,66.05,0.05,4,26420,买盘,600276,2025-10-17 22:22:52
10:36:55,66.05,0.0,4,26417,买盘,600276,2025-10-17 22:22:52
10:36:58,66.05,0.0,17,112233,买盘,600276,2025-10-17 22:22:52
10:37:01,66.04,-0.01,4,26408,买盘,600276,2025-10-17 22:22:52
10:37:04,66.04,0.0,18,118868,买盘,600276,2025-10-17 22:22:52
10:37:07,66.02,-0.02,7,46223,卖盘,600276,2025-10-17 22:22:52
10:37:10,66.04,0.02,23,151892,买盘,600276,2025-10-17 22:22:52
10:37:13,66.04,0.0,3,19812,买盘,600276,2025-10-17 22:22:52
10:37:16,66.07,0.03,42,277396,买盘,600276,2025-10-17 22:22:52
10:37:19,66.04,-0.03,5,33021,卖盘,600276,2025-10-17 22:22:52
10:37:22,66.1,0.06,9,59484,买盘,600276,2025-10-17 22:22:52
10:37:25,66.05,-0.05,6,39631,卖盘,600276,2025-10-17 22:22:52
10:37:28,66.1,0.05,3,19828,买盘,600276,2025-10-17 22:22:52
10:37:31,66.08,-0.02,2,13215,中性盘,600276,2025-10-17 22:22:52
10:37:34,66.05,-0.03,50,330281,卖盘,600276,2025-10-17 22:22:52
10:37:37,66.05,0.0,10,66052,卖盘,600276,2025-10-17 22:22:52
10:37:40,66.05,0.0,18,118884,买盘,600276,2025-10-17 22:22:52
10:37:43,66.04,-0.01,23,151897,卖盘,600276,2025-10-17 22:22:52
10:37:46,66.02,-0.02,62,409405,卖盘,600276,2025-10-17 22:22:52
10:37:49,66.03,0.01,81,534903,买盘,600276,2025-10-17 22:22:52
10:37:52,66.05,0.02,63,415924,买盘,600276,2025-10-17 22:22:52
10:37:55,66.03,-0.02,45,297172,卖盘,600276,2025-10-17 22:22:52
10:37:58,66.04,0.01,14,92458,中性盘,600276,2025-10-17 22:22:52
10:38:01,66.03,-0.01,29,191541,卖盘,600276,2025-10-17 22:22:52
10:38:04,66.02,-0.01,58,382909,卖盘,600276,2025-10-17 22:22:52
10:38:07,66.0,-0.02,34,224432,卖盘,600276,2025-10-17 22:22:52
10:38:10,66.03,0.03,41,270687,买盘,600276,2025-10-17 22:22:52
10:38:13,66.01,-0.02,58,382940,卖盘,600276,2025-10-17 22:22:52
10:38:16,66.03,0.02,46,303735,卖盘,600276,2025-10-17 22:22:52
10:38:19,66.04,0.01,2,13207,中性盘,600276,2025-10-17 22:22:52
10:38:22,66.03,-0.01,26,171681,卖盘,600276,2025-10-17 22:22:52
10:38:25,66.04,0.01,37,244351,卖盘,600276,2025-10-17 22:22:52
10:38:28,66.04,0.0,14,92477,卖盘,600276,2025-10-17 22:22:52
10:38:31,66.05,0.01,100,660749,中性盘,600276,2025-10-17 22:22:52
10:38:37,66.1,0.05,7,46253,买盘,600276,2025-10-17 22:22:52
10:38:40,66.08,-0.02,8,52850,中性盘,600276,2025-10-17 22:22:52
10:38:43,66.1,0.02,24,158594,买盘,600276,2025-10-17 22:22:52
10:38:46,66.07,-0.03,19,125550,卖盘,600276,2025-10-17 22:22:52
10:38:49,66.1,0.03,19,125567,买盘,600276,2025-10-17 22:22:52
10:38:52,66.1,0.0,12,79318,买盘,600276,2025-10-17 22:22:52
10:38:55,66.1,0.0,4,26440,买盘,600276,2025-10-17 22:22:52
10:38:58,66.1,0.0,33,218052,买盘,600276,2025-10-17 22:22:52
10:39:01,66.07,-0.03,14,92517,卖盘,600276,2025-10-17 22:22:52
10:39:04,66.09,0.02,20,132161,中性盘,600276,2025-10-17 22:22:52
10:39:07,66.07,-0.02,4,26429,卖盘,600276,2025-10-17 22:22:52
10:39:10,66.08,0.01,4,26432,买盘,600276,2025-10-17 22:22:52
10:39:13,66.06,-0.02,81,535155,卖盘,600276,2025-10-17 22:22:52
10:39:16,66.05,-0.01,130,858943,卖盘,600276,2025-10-17 22:22:52
10:39:19,66.07,0.02,39,257627,买盘,600276,2025-10-17 22:22:52
10:39:22,66.07,0.0,45,297315,卖盘,600276,2025-10-17 22:22:52
10:39:25,66.06,-0.01,10,66067,卖盘,600276,2025-10-17 22:22:52
10:39:28,66.06,0.0,11,72666,卖盘,600276,2025-10-17 22:22:52
10:39:31,66.06,0.0,27,178365,卖盘,600276,2025-10-17 22:22:52
10:39:34,66.08,0.02,42,276180,买盘,600276,2025-10-17 22:22:52
10:39:37,66.08,0.0,5,33040,卖盘,600276,2025-10-17 22:22:52
10:39:40,66.08,0.0,10,66080,卖盘,600276,2025-10-17 22:22:52
10:39:43,66.08,0.0,4,26433,卖盘,600276,2025-10-17 22:22:52
10:39:46,66.08,0.0,10,66084,卖盘,600276,2025-10-17 22:22:52
10:39:49,66.08,0.0,18,118946,卖盘,600276,2025-10-17 22:22:52
10:39:52,66.08,0.0,13,85912,卖盘,600276,2025-10-17 22:22:52
10:39:55,66.08,0.0,7,46262,中性盘,600276,2025-10-17 22:22:52
10:39:58,66.08,0.0,34,224672,卖盘,600276,2025-10-17 22:22:52
10:40:01,66.05,-0.03,38,251024,卖盘,600276,2025-10-17 22:22:52
10:40:10,66.06,0.01,101,667410,卖盘,600276,2025-10-17 22:22:52
10:40:13,66.09,0.03,3,19828,卖盘,600276,2025-10-17 22:22:52
10:40:16,66.11,0.02,40,264400,买盘,600276,2025-10-17 22:22:52
10:40:19,66.14,0.03,10,66125,买盘,600276,2025-10-17 22:22:52
10:40:22,66.14,0.0,3,19841,买盘,600276,2025-10-17 22:22:52
10:40:25,66.11,-0.03,27,178519,卖盘,600276,2025-10-17 22:22:52
10:40:28,66.11,0.0,5,33055,买盘,600276,2025-10-17 22:22:52
10:40:31,66.1,-0.01,56,370176,卖盘,600276,2025-10-17 22:22:52
10:40:34,66.16,0.06,24,158737,买盘,600276,2025-10-17 22:22:52
10:40:37,66.16,0.0,2,13231,买盘,600276,2025-10-17 22:22:52
10:40:40,66.2,0.04,98,648631,买盘,600276,2025-10-17 22:22:52
10:40:43,66.21,0.01,15,99314,买盘,600276,2025-10-17 22:22:52
10:40:46,66.21,0.0,16,105950,卖盘,600276,2025-10-17 22:22:52
10:40:49,66.25,0.04,233,1543748,买盘,600276,2025-10-17 22:22:52
10:40:52,66.24,-0.01,34,225204,中性盘,600276,2025-10-17 22:22:52
10:40:55,66.27,0.03,272,1802487,买盘,600276,2025-10-17 22:22:52
10:40:58,66.25,-0.02,40,264973,买盘,600276,2025-10-17 22:22:52
10:41:01,66.22,-0.03,152,1006443,卖盘,600276,2025-10-17 22:22:52
10:41:04,66.21,-0.01,32,211869,中性盘,600276,2025-10-17 22:22:52
10:41:07,66.22,0.01,47,311198,买盘,600276,2025-10-17 22:22:52
10:41:10,66.2,-0.02,48,317793,卖盘,600276,2025-10-17 22:22:52
10:41:13,66.21,0.01,9,59596,卖盘,600276,2025-10-17 22:22:52
10:41:16,66.21,0.0,15,99330,卖盘,600276,2025-10-17 22:22:52
10:41:19,66.22,0.01,17,112583,卖盘,600276,2025-10-17 22:22:52
10:41:22,66.22,0.0,14,92706,买盘,600276,2025-10-17 22:22:52
10:41:25,66.22,0.0,32,211904,买盘,600276,2025-10-17 22:22:52
10:41:28,66.22,0.0,23,152299,买盘,600276,2025-10-17 22:22:52
10:41:31,66.2,-0.02,10,66210,卖盘,600276,2025-10-17 22:22:52
10:41:34,66.22,0.02,33,218494,买盘,600276,2025-10-17 22:22:52
10:41:37,66.2,-0.02,20,132418,卖盘,600276,2025-10-17 22:22:52
10:41:40,66.22,0.02,9,59597,卖盘,600276,2025-10-17 22:22:52
10:41:43,66.22,0.0,11,72838,中性盘,600276,2025-10-17 22:22:52
10:41:46,66.22,0.0,8,52973,买盘,600276,2025-10-17 22:22:52
10:41:49,66.2,-0.02,31,205233,卖盘,600276,2025-10-17 22:22:52
10:41:52,66.2,0.0,156,1032806,卖盘,600276,2025-10-17 22:22:52
10:41:55,66.18,-0.02,31,205160,卖盘,600276,2025-10-17 22:22:52
10:41:58,66.18,0.0,29,191920,买盘,600276,2025-10-17 22:22:52
10:42:01,66.16,-0.02,64,423465,卖盘,600276,2025-10-17 22:22:52
10:42:04,66.16,0.0,25,165411,卖盘,600276,2025-10-17 22:22:52
10:42:07,66.16,0.0,36,238184,卖盘,600276,2025-10-17 22:22:52
10:42:10,66.16,0.0,34,224948,卖盘,600276,2025-10-17 22:22:52
10:42:13,66.17,0.01,21,138949,买盘,600276,2025-10-17 22:22:52
10:42:16,66.16,-0.01,68,449895,卖盘,600276,2025-10-17 22:22:52
10:42:19,66.17,0.01,11,72787,买盘,600276,2025-10-17 22:22:52
10:42:22,66.18,0.01,6,39708,买盘,600276,2025-10-17 22:22:52
10:42:25,66.17,-0.01,20,132357,卖盘,600276,2025-10-17 22:22:52
10:42:28,66.18,0.01,4,26472,卖盘,600276,2025-10-17 22:22:52
10:42:31,66.18,0.0,7,46328,卖盘,600276,2025-10-17 22:22:52
10:42:34,66.16,-0.02,175,1157950,卖盘,600276,2025-10-17 22:22:52
10:42:37,66.16,0.0,24,158785,卖盘,600276,2025-10-17 22:22:52
10:42:40,66.16,0.0,42,277872,买盘,600276,2025-10-17 22:22:52
10:42:43,66.15,-0.01,33,218312,卖盘,600276,2025-10-17 22:22:52
10:42:46,66.16,0.01,21,138919,买盘,600276,2025-10-17 22:22:52
10:42:49,66.14,-0.02,27,178578,卖盘,600276,2025-10-17 22:22:52
10:42:52,66.14,0.0,10,66139,买盘,600276,2025-10-17 22:22:52
10:42:55,66.14,0.0,27,178555,买盘,600276,2025-10-17 22:22:52
10:42:58,66.13,-0.01,24,158717,卖盘,600276,2025-10-17 22:22:52
10:43:01,66.13,0.0,43,284285,买盘,600276,2025-10-17 22:22:52
10:43:04,66.13,0.0,26,171938,买盘,600276,2025-10-17 22:22:52
10:43:07,66.11,-0.02,44,290884,卖盘,600276,2025-10-17 22:22:52
10:43:10,66.11,0.0,11,72733,卖盘,600276,2025-10-17 22:22:52
10:43:13,66.11,0.0,86,568589,卖盘,600276,2025-10-17 22:22:52
10:43:16,66.13,0.02,17,112407,买盘,600276,2025-10-17 22:22:52
10:43:19,66.13,0.0,44,290962,买盘,600276,2025-10-17 22:22:52
10:43:22,66.14,0.01,32,211628,买盘,600276,2025-10-17 22:22:52
10:43:25,66.14,0.0,13,85983,卖盘,600276,2025-10-17 22:22:52
10:43:28,66.14,0.0,10,66140,卖盘,600276,2025-10-17 22:22:52
10:43:31,66.14,0.0,56,370350,卖盘,600276,2025-10-17 22:22:52
10:43:34,66.13,-0.01,43,284394,卖盘,600276,2025-10-17 22:22:52
10:43:37,66.14,0.01,12,79365,买盘,600276,2025-10-17 22:22:52
10:43:40,66.11,-0.03,39,257866,卖盘,600276,2025-10-17 22:22:52
10:43:43,66.12,0.01,1,6612,买盘,600276,2025-10-17 22:22:52
10:43:46,66.12,0.0,38,251233,买盘,600276,2025-10-17 22:22:52
10:43:49,66.11,-0.01,17,112397,卖盘,600276,2025-10-17 22:22:52
10:43:52,66.11,0.0,14,92555,卖盘,600276,2025-10-17 22:22:52
10:43:55,66.11,0.0,22,145452,卖盘,600276,2025-10-17 22:22:52
10:43:58,66.11,0.0,45,297497,卖盘,600276,2025-10-17 22:22:52
10:44:01,66.11,0.0,72,475957,卖盘,600276,2025-10-17 22:22:52
10:44:04,66.09,-0.02,23,152013,卖盘,600276,2025-10-17 22:22:52
10:44:07,66.09,0.0,8,52866,买盘,600276,2025-10-17 22:22:52
10:44:10,66.08,-0.01,34,224668,卖盘,600276,2025-10-17 22:22:52
10:44:13,66.0,-0.08,697,4603650,卖盘,600276,2025-10-17 22:22:52
10:44:16,66.0,0.0,398,2626544,卖盘,600276,2025-10-17 22:22:52
10:44:19,66.03,0.03,76,501613,买盘,600276,2025-10-17 22:22:52
10:44:22,65.98,-0.05,68,448905,卖盘,600276,2025-10-17 22:22:52
10:44:25,65.97,-0.01,48,316667,卖盘,600276,2025-10-17 22:22:52
10:44:28,65.97,0.0,41,270568,卖盘,600276,2025-10-17 22:22:52
10:44:31,65.95,-0.02,19,125330,卖盘,600276,2025-10-17 22:22:52
10:44:34,65.95,0.0,19,125336,卖盘,600276,2025-10-17 22:22:52
10:44:37,65.95,0.0,73,481628,卖盘,600276,2025-10-17 22:22:52
10:44:40,65.94,-0.01,34,224186,卖盘,600276,2025-10-17 22:22:52
10:44:43,65.98,0.04,22,145116,买盘,600276,2025-10-17 22:22:52
10:44:46,66.01,0.03,120,791297,买盘,600276,2025-10-17 22:22:52
10:44:49,65.94,-0.07,70,461572,卖盘,600276,2025-10-17 22:22:52
10:44:52,65.94,0.0,17,112093,买盘,600276,2025-10-17 22:22:52
10:44:55,65.93,-0.01,45,296949,卖盘,600276,2025-10-17 22:22:52
10:44:58,65.91,-0.02,43,283553,卖盘,600276,2025-10-17 22:22:52
10:45:01,65.91,0.0,60,395448,卖盘,600276,2025-10-17 22:22:52
10:45:04,65.91,0.0,34,224102,买盘,600276,2025-10-17 22:22:52
10:45:07,65.91,0.0,41,270271,买盘,600276,2025-10-17 22:22:52
10:45:10,65.9,-0.01,22,144986,卖盘,600276,2025-10-17 22:22:52
10:45:13,65.91,0.01,22,145113,卖盘,600276,2025-10-17 22:22:52
10:45:16,65.97,0.06,38,250446,买盘,600276,2025-10-17 22:22:52
10:45:19,65.93,-0.04,20,131850,中性盘,600276,2025-10-17 22:22:52
10:45:22,65.93,0.0,5,32971,买盘,600276,2025-10-17 22:22:52
10:45:25,65.92,-0.01,34,224262,卖盘,600276,2025-10-17 22:22:52
10:45:28,65.92,0.0,16,105472,买盘,600276,2025-10-17 22:22:52
10:45:31,65.92,0.0,49,323034,买盘,600276,2025-10-17 22:22:52
10:45:34,65.93,0.01,14,92301,买盘,600276,2025-10-17 22:22:52
10:45:37,65.92,-0.01,4,26368,卖盘,600276,2025-10-17 22:22:52
10:45:40,65.93,0.01,12,79116,买盘,600276,2025-10-17 22:22:52
10:45:43,65.92,-0.01,15,98885,卖盘,600276,2025-10-17 22:22:52
10:45:46,65.92,0.0,43,283478,卖盘,600276,2025-10-17 22:22:52
10:45:49,65.92,0.0,39,257113,卖盘,600276,2025-10-17 22:22:52
10:45:52,65.92,0.0,12,79104,买盘,600276,2025-10-17 22:22:52
10:45:55,65.91,-0.01,24,158194,卖盘,600276,2025-10-17 22:22:52
10:45:58,65.91,0.0,17,112051,卖盘,600276,2025-10-17 22:22:52
10:46:01,65.92,0.01,14,92278,买盘,600276,2025-10-17 22:22:52
10:46:04,65.91,-0.01,27,177966,卖盘,600276,2025-10-17 22:22:52
10:46:07,65.92,0.01,10,65920,买盘,600276,2025-10-17 22:22:52
10:46:10,65.92,0.0,5,32959,买盘,600276,2025-10-17 22:22:52
10:46:13,65.91,-0.01,26,171389,卖盘,600276,2025-10-17 22:22:52
10:46:16,65.92,0.01,17,112051,买盘,600276,2025-10-17 22:22:52
10:46:19,65.92,0.0,1,6592,买盘,600276,2025-10-17 22:22:52
10:46:22,65.91,-0.01,57,375711,卖盘,600276,2025-10-17 22:22:52
10:46:25,65.92,0.01,9,59324,买盘,600276,2025-10-17 22:22:52
10:46:28,65.92,0.0,29,191162,买盘,600276,2025-10-17 22:22:52
10:46:31,65.92,0.0,32,210922,买盘,600276,2025-10-17 22:22:52
10:46:34,65.92,0.0,5,32960,买盘,600276,2025-10-17 22:22:52
10:46:37,65.92,0.0,11,72512,买盘,600276,2025-10-17 22:22:52
10:46:40,65.92,0.0,18,118641,买盘,600276,2025-10-17 22:22:52
10:46:43,65.91,-0.01,18,118642,卖盘,600276,2025-10-17 22:22:52
10:46:46,65.92,0.01,23,151601,买盘,600276,2025-10-17 22:22:52
10:46:49,65.91,-0.01,106,698629,卖盘,600276,2025-10-17 22:22:52
10:46:52,65.91,0.0,4,26364,买盘,600276,2025-10-17 22:22:52
10:46:55,65.92,0.01,11,72507,买盘,600276,2025-10-17 22:22:52
10:46:58,65.9,-0.02,18,118627,卖盘,600276,2025-10-17 22:22:52
10:47:01,65.9,0.0,15,98855,卖盘,600276,2025-10-17 22:22:52
10:47:04,65.91,0.01,26,171361,卖盘,600276,2025-10-17 22:22:52
10:47:07,65.91,0.0,46,303150,买盘,600276,2025-10-17 22:22:52
10:47:10,65.9,-0.01,16,105440,卖盘,600276,2025-10-17 22:22:52
10:47:13,65.9,0.0,28,184525,卖盘,600276,2025-10-17 22:22:52
10:47:16,65.9,0.0,12,79084,卖盘,600276,2025-10-17 22:22:52
10:47:19,65.92,0.02,35,230683,买盘,600276,2025-10-17 22:22:52
10:47:22,65.91,-0.01,2,13182,卖盘,600276,2025-10-17 22:22:52
10:47:25,65.92,0.01,17,112050,买盘,600276,2025-10-17 22:22:52
10:47:28,65.91,-0.01,39,257082,卖盘,600276,2025-10-17 22:22:52
10:47:31,65.93,0.02,66,435079,买盘,600276,2025-10-17 22:22:52
10:47:34,65.93,0.0,21,138455,卖盘,600276,2025-10-17 22:22:52
10:47:37,65.95,0.02,1,6595,买盘,600276,2025-10-17 22:22:52
10:47:40,65.94,-0.01,5,32970,卖盘,600276,2025-10-17 22:22:52
10:47:43,65.94,0.0,31,204472,卖盘,600276,2025-10-17 22:22:52
10:47:46,65.94,0.0,17,112085,买盘,600276,2025-10-17 22:22:52
10:47:49,65.94,0.0,5,32978,买盘,600276,2025-10-17 22:22:52
10:47:52,65.94,0.0,5,32970,卖盘,600276,2025-10-17 22:22:52
10:47:55,65.95,0.01,6,39577,中性盘,600276,2025-10-17 22:22:52
10:47:58,65.97,0.02,18,118739,买盘,600276,2025-10-17 22:22:52
10:48:01,65.97,0.0,7,46177,买盘,600276,2025-10-17 22:22:52
10:48:04,65.96,-0.01,29,191264,卖盘,600276,2025-10-17 22:22:52
10:48:07,65.94,-0.02,47,309942,卖盘,600276,2025-10-17 22:22:52
10:48:10,65.95,0.01,32,210991,买盘,600276,2025-10-17 22:22:52
10:48:13,65.95,0.0,25,164871,买盘,600276,2025-10-17 22:22:52
10:48:16,65.94,-0.01,50,329663,卖盘,600276,2025-10-17 22:22:52
10:48:19,65.95,0.01,35,230797,买盘,600276,2025-10-17 22:22:52
10:48:22,65.94,-0.01,52,342931,中性盘,600276,2025-10-17 22:22:52
10:48:25,65.94,0.0,8,52752,中性盘,600276,2025-10-17 22:22:52
10:48:28,65.92,-0.02,18,118673,卖盘,600276,2025-10-17 22:22:52
10:48:31,65.94,0.02,7,46157,买盘,600276,2025-10-17 22:22:52
10:48:34,65.93,-0.01,4,26374,卖盘,600276,2025-10-17 22:22:52
10:48:37,65.93,0.0,13,85714,卖盘,600276,2025-10-17 22:22:52
10:48:40,65.93,0.0,63,415411,卖盘,600276,2025-10-17 22:22:52
10:48:43,65.93,0.0,5,32965,买盘,600276,2025-10-17 22:22:52
10:48:46,65.93,0.0,37,243947,卖盘,600276,2025-10-17 22:22:52
10:48:49,65.94,0.01,19,125281,买盘,600276,2025-10-17 22:22:52
10:48:52,65.93,-0.01,60,395597,卖盘,600276,2025-10-17 22:22:52
10:48:55,65.94,0.01,4,26378,中性盘,600276,2025-10-17 22:22:52
10:48:58,65.95,0.01,1,6595,买盘,600276,2025-10-17 22:22:52
10:49:01,65.94,-0.01,21,138476,卖盘,600276,2025-10-17 22:22:52
10:49:04,65.94,0.0,31,204413,卖盘,600276,2025-10-17 22:22:52
10:49:07,65.94,0.0,34,224171,买盘,600276,2025-10-17 22:22:52
10:49:10,65.94,0.0,4,26375,买盘,600276,2025-10-17 22:22:52
10:49:13,65.93,-0.01,15,98895,卖盘,600276,2025-10-17 22:22:52
10:49:16,65.94,0.01,21,138468,买盘,600276,2025-10-17 22:22:52
10:49:19,65.94,0.0,8,52752,买盘,600276,2025-10-17 22:22:52
10:49:22,65.95,0.01,5,32972,买盘,600276,2025-10-17 22:22:52
10:49:31,65.94,-0.01,7,46160,中性盘,600276,2025-10-17 22:22:52
10:49:34,65.95,0.01,10,65950,买盘,600276,2025-10-17 22:22:52
10:49:37,65.94,-0.01,64,422045,卖盘,600276,2025-10-17 22:22:52
10:49:40,65.93,-0.01,35,230766,卖盘,600276,2025-10-17 22:22:52
10:49:43,65.93,0.0,26,171419,卖盘,600276,2025-10-17 22:22:52
10:49:46,65.92,-0.01,9,59334,卖盘,600276,2025-10-17 22:22:52
10:49:49,65.94,0.02,25,164821,买盘,600276,2025-10-17 22:22:52
10:49:52,65.93,-0.01,12,79125,中性盘,600276,2025-10-17 22:22:52
10:49:55,65.93,0.0,6,39561,卖盘,600276,2025-10-17 22:22:52
10:49:58,65.94,0.01,28,184642,买盘,600276,2025-10-17 22:22:52
10:50:01,65.94,0.0,6,39564,买盘,600276,2025-10-17 22:22:52
10:50:04,65.94,0.0,15,98900,买盘,600276,2025-10-17 22:22:52
10:50:07,65.93,-0.01,42,276894,卖盘,600276,2025-10-17 22:22:52
10:50:10,65.93,0.0,4,26372,卖盘,600276,2025-10-17 22:22:52
10:50:13,65.92,-0.01,16,105486,卖盘,600276,2025-10-17 22:22:52
10:50:16,65.94,0.02,15,98905,买盘,600276,2025-10-17 22:22:52
10:50:19,65.94,0.0,7,46153,买盘,600276,2025-10-17 22:22:52
10:50:22,65.94,0.0,6,39562,买盘,600276,2025-10-17 22:22:52
10:50:25,65.94,0.0,4,26376,买盘,600276,2025-10-17 22:22:52
10:50:28,65.94,0.0,2,13187,买盘,600276,2025-10-17 22:22:52
10:50:31,65.94,0.0,39,257154,买盘,600276,2025-10-17 22:22:52
10:50:34,65.94,0.0,43,283523,买盘,600276,2025-10-17 22:22:52
10:50:37,65.94,0.0,331,2184180,买盘,600276,2025-10-17 22:22:52
10:50:40,65.92,-0.02,32,211010,卖盘,600276,2025-10-17 22:22:52
10:50:43,65.93,0.01,32,210964,中性盘,600276,2025-10-17 22:22:52
10:50:46,65.92,-0.01,14,92289,卖盘,600276,2025-10-17 22:22:52
10:50:49,65.94,0.02,41,270322,买盘,600276,2025-10-17 22:22:52
10:50:52,65.92,-0.02,37,243904,卖盘,600276,2025-10-17 22:22:52
10:50:55,65.93,0.01,22,145031,卖盘,600276,2025-10-17 22:22:52
10:50:58,65.92,-0.01,112,738331,卖盘,600276,2025-10-17 22:22:52
10:51:01,65.91,-0.01,52,342758,卖盘,600276,2025-10-17 22:22:52
10:51:04,65.91,0.0,107,705239,卖盘,600276,2025-10-17 22:22:52
10:51:07,65.9,-0.01,60,395400,卖盘,600276,2025-10-17 22:22:52
10:51:10,65.9,0.0,76,500840,卖盘,600276,2025-10-17 22:22:52
10:51:13,65.9,0.0,21,138390,卖盘,600276,2025-10-17 22:22:52
10:51:16,65.91,0.01,47,309763,买盘,600276,2025-10-17 22:22:52
10:51:19,65.9,-0.01,49,322884,卖盘,600276,2025-10-17 22:22:52
10:51:22,65.9,0.0,2,13180,买盘,600276,2025-10-17 22:22:52
10:51:25,65.9,0.0,24,158147,买盘,600276,2025-10-17 22:22:52
10:51:28,65.89,-0.01,18,118616,卖盘,600276,2025-10-17 22:22:52
10:51:31,65.9,0.01,49,322879,买盘,600276,2025-10-17 22:22:52
10:51:34,65.89,-0.01,5,32946,卖盘,600276,2025-10-17 22:22:52
10:51:37,65.9,0.01,19,125206,买盘,600276,2025-10-17 22:22:52
10:51:40,65.9,0.0,9,59305,买盘,600276,2025-10-17 22:22:52
10:51:43,65.9,0.0,21,138376,买盘,600276,2025-10-17 22:22:52
10:51:46,65.9,0.0,11,72487,买盘,600276,2025-10-17 22:22:52
10:51:49,65.89,-0.01,10,65893,卖盘,600276,2025-10-17 22:22:52
10:51:52,65.9,0.01,10,65897,买盘,600276,2025-10-17 22:22:52
10:51:55,65.9,0.0,6,39539,买盘,600276,2025-10-17 22:22:52
10:51:58,65.9,0.0,97,639227,买盘,600276,2025-10-17 22:22:52
10:52:01,65.89,-0.01,27,177915,卖盘,600276,2025-10-17 22:22:52
10:52:04,65.94,0.05,329,2168786,买盘,600276,2025-10-17 22:22:52
10:52:07,66.0,0.06,16,105546,买盘,600276,2025-10-17 22:22:52
10:52:10,66.0,0.0,7,46200,买盘,600276,2025-10-17 22:22:52
10:52:13,66.01,0.01,6,39604,买盘,600276,2025-10-17 22:22:52
10:52:16,66.01,0.0,88,580881,买盘,600276,2025-10-17 22:22:52
10:52:19,65.99,-0.02,19,125402,卖盘,600276,2025-10-17 22:22:52
10:52:22,65.99,0.0,24,158361,买盘,600276,2025-10-17 22:22:52
10:52:25,65.98,-0.01,16,105476,中性盘,600276,2025-10-17 22:22:52
10:52:28,65.92,-0.06,46,303423,卖盘,600276,2025-10-17 22:22:52
10:52:31,65.94,0.02,23,151681,卖盘,600276,2025-10-17 22:22:52
10:52:34,65.94,0.0,10,65948,卖盘,600276,2025-10-17 22:22:52
10:52:37,65.96,0.02,42,276959,买盘,600276,2025-10-17 22:22:52
10:52:40,65.97,0.01,21,138494,买盘,600276,2025-10-17 22:22:52
10:52:43,65.97,0.0,2,13194,买盘,600276,2025-10-17 22:22:52
10:52:46,65.97,0.0,31,204512,买盘,600276,2025-10-17 22:22:52
10:52:49,66.0,0.03,3,19799,买盘,600276,2025-10-17 22:22:52
10:52:52,65.99,-0.01,1,6599,卖盘,600276,2025-10-17 22:22:52
10:52:55,66.0,0.01,1,6600,买盘,600276,2025-10-17 22:22:52
10:52:58,66.0,0.0,22,145197,卖盘,600276,2025-10-17 22:22:52
10:53:01,66.06,0.06,14,92438,买盘,600276,2025-10-17 22:22:52
10:53:04,66.07,0.01,89,587290,买盘,600276,2025-10-17 22:22:52
10:53:07,66.07,0.0,9,59461,买盘,600276,2025-10-17 22:22:52
10:53:10,66.08,0.01,17,112317,买盘,600276,2025-10-17 22:22:52
