时间,成交价,价格变动,成交量,成交额,买卖盘性质,股票代码,采集时间
09:25:02,6.62,0.0,3803,2517586,卖盘,600333,2025-10-17 22:53:03
09:30:02,6.62,0.0,1046,690916,买盘,600333,2025-10-17 22:53:03
09:30:05,6.61,-0.01,1245,823235,买盘,600333,2025-10-17 22:53:03
09:30:08,6.61,0.0,1166,768813,买盘,600333,2025-10-17 22:53:03
09:30:11,6.61,0.0,916,605346,买盘,600333,2025-10-17 22:53:03
09:30:14,6.61,0.0,262,173292,卖盘,600333,2025-10-17 22:53:03
09:30:17,6.64,0.03,1002,661886,买盘,600333,2025-10-17 22:53:03
09:30:20,6.61,-0.03,471,311850,卖盘,600333,2025-10-17 22:53:03
09:30:23,6.62,0.01,480,318244,中性盘,600333,2025-10-17 22:53:03
09:30:26,6.62,0.0,550,363849,卖盘,600333,2025-10-17 22:53:03
09:30:29,6.66,0.04,679,449175,买盘,600333,2025-10-17 22:53:03
09:30:32,6.62,-0.04,972,642116,卖盘,600333,2025-10-17 22:53:03
09:30:35,6.64,0.02,492,325583,买盘,600333,2025-10-17 22:53:03
09:30:38,6.64,0.0,397,263166,卖盘,600333,2025-10-17 22:53:03
09:30:41,6.62,-0.02,278,184322,卖盘,600333,2025-10-17 22:53:03
09:30:44,6.63,0.01,268,177622,买盘,600333,2025-10-17 22:53:03
09:30:47,6.64,0.01,543,360386,买盘,600333,2025-10-17 22:53:03
09:30:50,6.63,-0.01,117,77609,卖盘,600333,2025-10-17 22:53:03
09:30:53,6.63,0.0,1009,669082,卖盘,600333,2025-10-17 22:53:03
09:30:56,6.63,0.0,479,317679,买盘,600333,2025-10-17 22:53:03
09:30:59,6.64,0.01,1678,1118851,中性盘,600333,2025-10-17 22:53:03
09:31:02,6.65,0.01,7,4655,中性盘,600333,2025-10-17 22:53:03
09:31:05,6.68,0.03,218,145408,买盘,600333,2025-10-17 22:53:03
09:31:08,6.68,0.0,843,561878,买盘,600333,2025-10-17 22:53:03
09:31:11,6.69,0.01,163,109023,买盘,600333,2025-10-17 22:53:03
09:31:14,6.7,0.01,476,318289,买盘,600333,2025-10-17 22:53:03
09:31:17,6.69,-0.01,1470,983844,卖盘,600333,2025-10-17 22:53:03
09:31:20,6.72,0.03,286,191790,买盘,600333,2025-10-17 22:53:03
09:31:23,6.7,-0.02,276,184899,买盘,600333,2025-10-17 22:53:03
09:31:26,6.72,0.02,261,175171,买盘,600333,2025-10-17 22:53:03
09:31:29,6.72,0.0,189,126735,卖盘,600333,2025-10-17 22:53:03
09:31:32,6.71,-0.01,499,334686,中性盘,600333,2025-10-17 22:53:03
09:31:35,6.7,-0.01,508,340310,卖盘,600333,2025-10-17 22:53:03
09:31:38,6.69,-0.01,292,195502,卖盘,600333,2025-10-17 22:53:03
09:31:41,6.7,0.01,670,448401,买盘,600333,2025-10-17 22:53:03
09:31:44,6.69,-0.01,473,316481,卖盘,600333,2025-10-17 22:53:03
09:31:47,6.67,-0.02,202,134985,卖盘,600333,2025-10-17 22:53:03
09:31:50,6.67,0.0,253,169106,卖盘,600333,2025-10-17 22:53:03
09:31:53,6.68,0.01,1389,925552,买盘,600333,2025-10-17 22:53:03
09:31:56,6.68,0.0,215,143490,买盘,600333,2025-10-17 22:53:03
09:31:59,6.65,-0.03,730,486878,卖盘,600333,2025-10-17 22:53:03
09:32:02,6.65,0.0,274,182210,买盘,600333,2025-10-17 22:53:03
09:32:05,6.66,0.01,610,406435,卖盘,600333,2025-10-17 22:53:03
09:32:08,6.68,0.02,133,88839,买盘,600333,2025-10-17 22:53:03
09:32:11,6.69,0.01,217,145055,买盘,600333,2025-10-17 22:53:03
09:32:14,6.71,0.02,1008,675653,买盘,600333,2025-10-17 22:53:03
09:32:17,6.72,0.01,429,287843,买盘,600333,2025-10-17 22:53:03
09:32:20,6.72,0.0,5670,3787436,买盘,600333,2025-10-17 22:53:03
09:32:23,6.72,0.0,100,67200,卖盘,600333,2025-10-17 22:53:03
09:32:26,6.73,0.01,635,427327,买盘,600333,2025-10-17 22:53:03
09:32:29,6.76,0.03,1023,689778,买盘,600333,2025-10-17 22:53:03
09:32:32,6.75,-0.01,299,201797,中性盘,600333,2025-10-17 22:53:03
09:32:35,6.76,0.01,168,113515,买盘,600333,2025-10-17 22:53:03
09:32:38,6.75,-0.01,186,125612,卖盘,600333,2025-10-17 22:53:03
09:32:41,6.76,0.01,491,330979,买盘,600333,2025-10-17 22:53:03
09:32:44,6.74,-0.02,118,79503,买盘,600333,2025-10-17 22:53:03
09:32:47,6.74,0.0,859,578482,买盘,600333,2025-10-17 22:53:03
09:32:50,6.74,0.0,928,625017,卖盘,600333,2025-10-17 22:53:03
09:32:53,6.74,0.0,261,175956,卖盘,600333,2025-10-17 22:53:03
09:32:56,6.74,0.0,89,59976,买盘,600333,2025-10-17 22:53:03
09:32:59,6.73,-0.01,626,421546,卖盘,600333,2025-10-17 22:53:03
09:33:02,6.73,0.0,309,207837,卖盘,600333,2025-10-17 22:53:03
09:33:05,6.73,0.0,505,339853,买盘,600333,2025-10-17 22:53:03
09:33:08,6.73,0.0,270,181761,卖盘,600333,2025-10-17 22:53:03
09:33:11,6.74,0.01,156,105000,买盘,600333,2025-10-17 22:53:03
09:33:14,6.74,0.0,104,70027,买盘,600333,2025-10-17 22:53:03
09:33:17,6.74,0.0,270,181840,买盘,600333,2025-10-17 22:53:03
09:33:20,6.73,-0.01,133,89593,卖盘,600333,2025-10-17 22:53:03
09:33:23,6.74,0.01,308,207295,买盘,600333,2025-10-17 22:53:03
09:33:26,6.73,-0.01,57,38362,卖盘,600333,2025-10-17 22:53:03
09:33:29,6.72,-0.01,83,55834,卖盘,600333,2025-10-17 22:53:03
09:33:32,6.71,-0.01,248,166586,卖盘,600333,2025-10-17 22:53:03
09:33:35,6.72,0.01,248,166457,买盘,600333,2025-10-17 22:53:03
09:33:38,6.71,-0.01,367,246258,卖盘,600333,2025-10-17 22:53:03
09:33:41,6.7,-0.01,148,99257,卖盘,600333,2025-10-17 22:53:03
09:33:44,6.7,0.0,97,65005,卖盘,600333,2025-10-17 22:53:03
09:33:47,6.7,0.0,267,178890,卖盘,600333,2025-10-17 22:53:03
09:33:50,6.72,0.02,1411,946590,买盘,600333,2025-10-17 22:53:03
09:33:53,6.72,0.0,995,669038,买盘,600333,2025-10-17 22:53:03
09:33:56,6.72,0.0,103,69216,卖盘,600333,2025-10-17 22:53:03
09:33:59,6.72,0.0,10,6720,买盘,600333,2025-10-17 22:53:03
09:34:02,6.72,0.0,188,126191,买盘,600333,2025-10-17 22:53:03
09:34:05,6.71,-0.01,225,151050,卖盘,600333,2025-10-17 22:53:03
09:34:08,6.72,0.01,264,177287,买盘,600333,2025-10-17 22:53:03
09:34:11,6.7,-0.02,40,26827,卖盘,600333,2025-10-17 22:53:03
09:34:14,6.7,0.0,65,43550,卖盘,600333,2025-10-17 22:53:03
09:34:17,6.7,0.0,199,133330,卖盘,600333,2025-10-17 22:53:03
09:34:20,6.7,0.0,241,161356,买盘,600333,2025-10-17 22:53:03
09:34:23,6.69,-0.01,139,93041,卖盘,600333,2025-10-17 22:53:03
09:34:26,6.69,0.0,364,243516,卖盘,600333,2025-10-17 22:53:03
09:34:29,6.69,0.0,60,40140,买盘,600333,2025-10-17 22:53:03
09:34:32,6.68,-0.01,193,128924,卖盘,600333,2025-10-17 22:53:03
09:34:35,6.68,0.0,936,626164,卖盘,600333,2025-10-17 22:53:03
09:34:38,6.68,0.0,493,329430,卖盘,600333,2025-10-17 22:53:03
09:34:41,6.68,0.0,162,108129,中性盘,600333,2025-10-17 22:53:03
09:34:44,6.68,0.0,253,168899,中性盘,600333,2025-10-17 22:53:03
09:34:47,6.69,0.01,236,157635,买盘,600333,2025-10-17 22:53:03
09:34:50,6.69,0.0,139,92928,买盘,600333,2025-10-17 22:53:03
09:34:53,6.69,0.0,1337,895595,买盘,600333,2025-10-17 22:53:03
09:34:56,6.72,0.03,312,209261,买盘,600333,2025-10-17 22:53:03
09:34:59,6.69,-0.03,70,46876,卖盘,600333,2025-10-17 22:53:03
09:35:02,6.7,0.01,99,66370,中性盘,600333,2025-10-17 22:53:03
09:35:05,6.69,-0.01,227,152315,卖盘,600333,2025-10-17 22:53:03
09:35:08,6.72,0.03,91,61150,买盘,600333,2025-10-17 22:53:03
09:35:11,6.69,-0.03,135,90344,卖盘,600333,2025-10-17 22:53:03
09:35:14,6.7,0.01,71,47540,中性盘,600333,2025-10-17 22:53:03
09:35:17,6.7,0.0,227,151914,买盘,600333,2025-10-17 22:53:03
09:35:20,6.7,0.0,16,10716,买盘,600333,2025-10-17 22:53:03
09:35:23,6.7,0.0,49,32830,买盘,600333,2025-10-17 22:53:03
09:35:26,6.7,0.0,144,96459,买盘,600333,2025-10-17 22:53:03
09:35:29,6.7,0.0,73,48900,买盘,600333,2025-10-17 22:53:03
09:35:32,6.7,0.0,377,252559,买盘,600333,2025-10-17 22:53:03
09:35:35,6.7,0.0,79,52930,卖盘,600333,2025-10-17 22:53:03
09:35:38,6.7,0.0,206,138025,卖盘,600333,2025-10-17 22:53:03
09:35:41,6.7,0.0,21,14071,买盘,600333,2025-10-17 22:53:03
09:35:44,6.7,0.0,165,110550,买盘,600333,2025-10-17 22:53:03
09:35:47,6.7,0.0,50,33518,卖盘,600333,2025-10-17 22:53:03
09:35:50,6.71,0.01,190,127642,买盘,600333,2025-10-17 22:53:03
09:35:53,6.71,0.0,118,79082,买盘,600333,2025-10-17 22:53:03
09:35:56,6.71,0.0,95,63745,卖盘,600333,2025-10-17 22:53:03
09:35:59,6.72,0.01,177,118892,买盘,600333,2025-10-17 22:53:03
09:36:02,6.71,-0.01,26,17460,卖盘,600333,2025-10-17 22:53:03
09:36:05,6.72,0.01,557,374718,买盘,600333,2025-10-17 22:53:03
09:36:08,6.73,0.01,3,2018,买盘,600333,2025-10-17 22:53:03
09:36:11,6.74,0.01,95,63842,买盘,600333,2025-10-17 22:53:03
09:36:14,6.74,0.0,342,230508,买盘,600333,2025-10-17 22:53:03
09:36:17,6.74,0.0,199,134105,买盘,600333,2025-10-17 22:53:03
09:36:20,6.74,0.0,87,58638,卖盘,600333,2025-10-17 22:53:03
09:36:23,6.74,0.0,293,197511,卖盘,600333,2025-10-17 22:53:03
09:36:26,6.74,0.0,64,43145,买盘,600333,2025-10-17 22:53:03
09:36:29,6.74,0.0,172,115928,卖盘,600333,2025-10-17 22:53:03
09:36:32,6.74,0.0,161,108514,买盘,600333,2025-10-17 22:53:03
09:36:35,6.74,0.0,146,98365,买盘,600333,2025-10-17 22:53:03
09:36:38,6.73,-0.01,82,55206,卖盘,600333,2025-10-17 22:53:03
09:36:41,6.73,0.0,134,90296,卖盘,600333,2025-10-17 22:53:03
09:36:44,6.74,0.01,82,55246,买盘,600333,2025-10-17 22:53:03
09:36:47,6.73,-0.01,162,109026,卖盘,600333,2025-10-17 22:53:03
09:36:50,6.73,0.0,11,7403,买盘,600333,2025-10-17 22:53:03
09:36:53,6.73,0.0,138,92851,买盘,600333,2025-10-17 22:53:03
09:36:56,6.72,-0.01,51,34314,卖盘,600333,2025-10-17 22:53:03
09:36:59,6.72,0.0,97,65194,卖盘,600333,2025-10-17 22:53:03
09:37:02,6.73,0.01,129,86715,买盘,600333,2025-10-17 22:53:03
09:37:05,6.72,-0.01,189,127035,卖盘,600333,2025-10-17 22:53:03
09:37:08,6.72,0.0,140,94096,卖盘,600333,2025-10-17 22:53:03
09:37:11,6.72,0.0,184,123822,卖盘,600333,2025-10-17 22:53:03
09:37:14,6.72,0.0,86,57779,卖盘,600333,2025-10-17 22:53:03
09:37:17,6.72,0.0,322,216384,买盘,600333,2025-10-17 22:53:03
09:37:23,6.71,-0.01,31,20805,卖盘,600333,2025-10-17 22:53:03
09:37:26,6.71,0.0,141,94623,卖盘,600333,2025-10-17 22:53:03
09:37:29,6.72,0.01,370,248338,买盘,600333,2025-10-17 22:53:03
09:37:32,6.71,-0.01,46,30866,卖盘,600333,2025-10-17 22:53:03
09:37:35,6.71,0.0,87,58377,买盘,600333,2025-10-17 22:53:03
09:37:38,6.71,0.0,124,83151,买盘,600333,2025-10-17 22:53:03
09:37:41,6.7,-0.01,207,138695,卖盘,600333,2025-10-17 22:53:03
09:37:47,6.69,-0.01,75,50217,卖盘,600333,2025-10-17 22:53:03
09:37:50,6.69,0.0,268,179508,卖盘,600333,2025-10-17 22:53:03
09:37:53,6.69,0.0,12,8038,卖盘,600333,2025-10-17 22:53:03
09:37:56,6.7,0.01,90,60260,买盘,600333,2025-10-17 22:53:03
09:37:59,6.7,0.0,43,28777,买盘,600333,2025-10-17 22:53:03
09:38:02,6.7,0.0,184,123138,买盘,600333,2025-10-17 22:53:03
09:38:05,6.7,0.0,89,59602,买盘,600333,2025-10-17 22:53:03
09:38:08,6.69,-0.01,142,94820,卖盘,600333,2025-10-17 22:53:03
09:38:11,6.69,0.0,31,20744,卖盘,600333,2025-10-17 22:53:03
09:38:14,6.7,0.01,1,670,中性盘,600333,2025-10-17 22:53:03
09:38:17,6.7,0.0,71,47585,卖盘,600333,2025-10-17 22:53:03
09:38:20,6.7,0.0,260,174273,卖盘,600333,2025-10-17 22:53:03
09:38:23,6.71,0.01,285,191070,买盘,600333,2025-10-17 22:53:03
09:38:26,6.71,0.0,38,25498,卖盘,600333,2025-10-17 22:53:03
09:38:29,6.72,0.01,54,36244,买盘,600333,2025-10-17 22:53:03
09:38:32,6.72,0.0,120,80640,买盘,600333,2025-10-17 22:53:03
09:38:35,6.72,0.0,108,72496,买盘,600333,2025-10-17 22:53:03
09:38:38,6.72,0.0,35,23505,买盘,600333,2025-10-17 22:53:03
09:38:41,6.72,0.0,84,56448,买盘,600333,2025-10-17 22:53:03
09:38:44,6.72,0.0,99,66528,买盘,600333,2025-10-17 22:53:03
09:38:47,6.73,0.01,292,196516,买盘,600333,2025-10-17 22:53:03
09:38:50,6.72,-0.01,53,35616,卖盘,600333,2025-10-17 22:53:03
09:38:53,6.72,0.0,351,235875,卖盘,600333,2025-10-17 22:53:03
09:38:56,6.72,0.0,136,91355,买盘,600333,2025-10-17 22:53:03
09:38:59,6.71,-0.01,251,168439,卖盘,600333,2025-10-17 22:53:03
09:39:02,6.71,0.0,379,254450,买盘,600333,2025-10-17 22:53:03
09:39:05,6.74,0.03,1545,1039913,买盘,600333,2025-10-17 22:53:03
09:39:08,6.75,0.01,264,178075,买盘,600333,2025-10-17 22:53:03
09:39:11,6.75,0.0,74,49896,买盘,600333,2025-10-17 22:53:03
09:39:14,6.75,0.0,256,172723,买盘,600333,2025-10-17 22:53:03
09:39:17,6.75,0.0,15,10125,买盘,600333,2025-10-17 22:53:03
09:39:20,6.74,-0.01,66,44537,卖盘,600333,2025-10-17 22:53:03
09:39:23,6.74,0.0,144,97056,买盘,600333,2025-10-17 22:53:03
09:39:26,6.74,0.0,74,49876,买盘,600333,2025-10-17 22:53:03
09:39:29,6.74,0.0,111,74814,买盘,600333,2025-10-17 22:53:03
09:39:32,6.74,0.0,97,65312,买盘,600333,2025-10-17 22:53:03
09:39:35,6.73,-0.01,526,354526,卖盘,600333,2025-10-17 22:53:03
09:39:38,6.74,0.01,284,191177,买盘,600333,2025-10-17 22:53:03
09:39:41,6.74,0.0,24,16176,卖盘,600333,2025-10-17 22:53:03
09:39:44,6.74,0.0,153,103122,卖盘,600333,2025-10-17 22:53:03
09:39:47,6.74,0.0,73,49183,买盘,600333,2025-10-17 22:53:03
09:39:50,6.74,0.0,180,121310,买盘,600333,2025-10-17 22:53:03
09:39:53,6.74,0.0,13,8762,买盘,600333,2025-10-17 22:53:03
09:39:56,6.73,-0.01,201,135273,卖盘,600333,2025-10-17 22:53:03
09:39:59,6.73,0.0,83,55859,买盘,600333,2025-10-17 22:53:03
09:40:02,6.73,0.0,25,16835,买盘,600333,2025-10-17 22:53:03
09:40:05,6.72,-0.01,36,24205,卖盘,600333,2025-10-17 22:53:03
09:40:08,6.72,0.0,224,150555,卖盘,600333,2025-10-17 22:53:03
09:40:11,6.72,0.0,28,18820,买盘,600333,2025-10-17 22:53:03
09:40:14,6.71,-0.01,16,10736,卖盘,600333,2025-10-17 22:53:03
09:40:17,6.71,0.0,206,138226,卖盘,600333,2025-10-17 22:53:03
09:40:20,6.71,0.0,71,47641,卖盘,600333,2025-10-17 22:53:03
09:40:23,6.71,0.0,14,9394,买盘,600333,2025-10-17 22:53:03
09:40:26,6.71,0.0,71,47641,买盘,600333,2025-10-17 22:53:03
09:40:29,6.71,0.0,400,268064,买盘,600333,2025-10-17 22:53:03
09:40:32,6.7,-0.01,83,55648,卖盘,600333,2025-10-17 22:53:03
09:40:35,6.7,0.0,54,36180,卖盘,600333,2025-10-17 22:53:03
09:40:38,6.7,0.0,83,55610,卖盘,600333,2025-10-17 22:53:03
09:40:41,6.71,0.01,722,483762,买盘,600333,2025-10-17 22:53:03
09:40:44,6.71,0.0,163,109257,买盘,600333,2025-10-17 22:53:03
09:40:47,6.7,-0.01,250,167500,卖盘,600333,2025-10-17 22:53:03
09:40:50,6.7,0.0,5,3354,卖盘,600333,2025-10-17 22:53:03
09:40:53,6.7,0.0,32,21441,卖盘,600333,2025-10-17 22:53:03
09:40:56,6.7,0.0,1,670,卖盘,600333,2025-10-17 22:53:03
09:40:59,6.7,0.0,30,20100,卖盘,600333,2025-10-17 22:53:03
09:41:02,6.7,0.0,270,180900,卖盘,600333,2025-10-17 22:53:03
09:41:05,6.7,0.0,95,63704,买盘,600333,2025-10-17 22:53:03
09:41:08,6.69,-0.01,57,38143,卖盘,600333,2025-10-17 22:53:03
09:41:11,6.7,0.01,591,395632,买盘,600333,2025-10-17 22:53:03
09:41:14,6.7,0.0,36,24116,买盘,600333,2025-10-17 22:53:03
09:41:17,6.7,0.0,50,33500,买盘,600333,2025-10-17 22:53:03
09:41:20,6.7,0.0,47,31483,买盘,600333,2025-10-17 22:53:03
09:41:23,6.69,-0.01,110,73590,卖盘,600333,2025-10-17 22:53:03
09:41:26,6.69,0.0,268,179557,卖盘,600333,2025-10-17 22:53:03
09:41:29,6.69,0.0,35,23435,卖盘,600333,2025-10-17 22:53:03
09:41:32,6.7,0.01,299,200258,买盘,600333,2025-10-17 22:53:03
09:41:35,6.69,-0.01,22,14703,中性盘,600333,2025-10-17 22:53:03
09:41:38,6.68,-0.01,47,31408,卖盘,600333,2025-10-17 22:53:03
09:41:41,6.68,0.0,135,90190,卖盘,600333,2025-10-17 22:53:03
09:41:44,6.68,0.0,40,26720,卖盘,600333,2025-10-17 22:53:03
09:41:47,6.68,0.0,654,436872,卖盘,600333,2025-10-17 22:53:03
09:41:50,6.68,0.0,92,61456,卖盘,600333,2025-10-17 22:53:03
09:41:53,6.67,-0.01,114,76062,卖盘,600333,2025-10-17 22:53:03
09:41:56,6.66,-0.01,905,603541,卖盘,600333,2025-10-17 22:53:03
09:41:59,6.67,0.01,57,38019,买盘,600333,2025-10-17 22:53:03
09:42:02,6.66,-0.01,156,103915,卖盘,600333,2025-10-17 22:53:03
09:42:05,6.66,0.0,135,89920,卖盘,600333,2025-10-17 22:53:03
09:42:08,6.67,0.01,193,128559,买盘,600333,2025-10-17 22:53:03
09:42:11,6.66,-0.01,99,65934,卖盘,600333,2025-10-17 22:53:03
09:42:14,6.66,0.0,154,102566,卖盘,600333,2025-10-17 22:53:03
09:42:17,6.66,0.0,49,32635,卖盘,600333,2025-10-17 22:53:03
09:42:20,6.66,0.0,198,131909,卖盘,600333,2025-10-17 22:53:03
09:42:23,6.66,0.0,23,15318,卖盘,600333,2025-10-17 22:53:03
09:42:26,6.67,0.01,288,191912,买盘,600333,2025-10-17 22:53:03
09:42:29,6.66,-0.01,60,39960,卖盘,600333,2025-10-17 22:53:03
09:42:32,6.66,0.0,54,36103,卖盘,600333,2025-10-17 22:53:03
09:42:35,6.66,0.0,91,60606,卖盘,600333,2025-10-17 22:53:03
09:42:38,6.67,0.01,77,51322,买盘,600333,2025-10-17 22:53:03
09:42:41,6.68,0.01,20,13352,买盘,600333,2025-10-17 22:53:03
09:42:44,6.68,0.0,82,54692,买盘,600333,2025-10-17 22:53:03
09:42:47,6.67,-0.01,83,55324,中性盘,600333,2025-10-17 22:53:03
09:42:50,6.66,-0.01,434,288938,卖盘,600333,2025-10-17 22:53:03
09:42:53,6.65,-0.01,37,24621,卖盘,600333,2025-10-17 22:53:03
09:42:56,6.65,0.0,176,117096,卖盘,600333,2025-10-17 22:53:03
09:42:59,6.66,0.01,22,14758,买盘,600333,2025-10-17 22:53:03
09:43:02,6.65,-0.01,100,66546,卖盘,600333,2025-10-17 22:53:03
09:43:05,6.66,0.01,5,3330,买盘,600333,2025-10-17 22:53:03
09:43:08,6.65,-0.01,101,67177,卖盘,600333,2025-10-17 22:53:03
09:43:11,6.65,0.0,40,26600,卖盘,600333,2025-10-17 22:53:03
09:43:14,6.65,0.0,235,156169,卖盘,600333,2025-10-17 22:53:03
09:43:17,6.65,0.0,105,69825,买盘,600333,2025-10-17 22:53:03
09:43:20,6.64,-0.01,334,221808,卖盘,600333,2025-10-17 22:53:03
09:43:23,6.64,0.0,109,72405,卖盘,600333,2025-10-17 22:53:03
09:43:26,6.65,0.01,104,69066,买盘,600333,2025-10-17 22:53:03
09:43:29,6.64,-0.01,66,43830,卖盘,600333,2025-10-17 22:53:03
09:43:32,6.64,0.0,290,192609,卖盘,600333,2025-10-17 22:53:03
09:43:35,6.63,-0.01,473,314009,卖盘,600333,2025-10-17 22:53:03
09:43:38,6.65,0.02,419,279020,买盘,600333,2025-10-17 22:53:03
09:43:41,6.65,0.0,42,27930,卖盘,600333,2025-10-17 22:53:03
09:43:44,6.65,0.0,425,282568,卖盘,600333,2025-10-17 22:53:03
09:43:47,6.65,0.0,128,85123,卖盘,600333,2025-10-17 22:53:03
09:43:50,6.66,0.01,299,198839,买盘,600333,2025-10-17 22:53:03
09:43:53,6.65,-0.01,282,187545,卖盘,600333,2025-10-17 22:53:03
09:43:56,6.66,0.01,976,649405,买盘,600333,2025-10-17 22:53:03
09:43:59,6.65,-0.01,80,53266,卖盘,600333,2025-10-17 22:53:03
09:44:02,6.66,0.01,324,215986,中性盘,600333,2025-10-17 22:53:03
09:44:05,6.66,0.0,15,9990,卖盘,600333,2025-10-17 22:53:03
09:44:08,6.66,0.0,25,16660,卖盘,600333,2025-10-17 22:53:03
09:44:11,6.66,0.0,96,63986,卖盘,600333,2025-10-17 22:53:03
09:44:14,6.67,0.01,1642,1095133,买盘,600333,2025-10-17 22:53:03
09:44:17,6.68,0.01,34,22683,买盘,600333,2025-10-17 22:53:03
09:44:20,6.68,0.0,171,114099,买盘,600333,2025-10-17 22:53:03
09:44:23,6.68,0.0,9,6012,卖盘,600333,2025-10-17 22:53:03
09:44:26,6.68,0.0,14,9365,卖盘,600333,2025-10-17 22:53:03
09:44:29,6.68,0.0,128,85620,卖盘,600333,2025-10-17 22:53:03
09:44:32,6.68,0.0,648,432938,卖盘,600333,2025-10-17 22:53:03
09:44:38,6.67,-0.01,6,4007,卖盘,600333,2025-10-17 22:53:03
09:44:41,6.67,0.0,53,35361,卖盘,600333,2025-10-17 22:53:03
09:44:44,6.68,0.01,30,20030,买盘,600333,2025-10-17 22:53:03
09:44:47,6.68,0.0,3,2004,买盘,600333,2025-10-17 22:53:03
09:44:50,6.67,-0.01,50,33350,卖盘,600333,2025-10-17 22:53:03
09:44:53,6.67,0.0,1,667,卖盘,600333,2025-10-17 22:53:03
09:44:56,6.67,0.0,54,36018,卖盘,600333,2025-10-17 22:53:03
09:44:59,6.68,0.01,505,337233,买盘,600333,2025-10-17 22:53:03
09:45:02,6.68,0.0,111,74148,卖盘,600333,2025-10-17 22:53:03
09:45:05,6.7,0.02,68,45497,买盘,600333,2025-10-17 22:53:03
09:45:08,6.68,-0.02,40,26792,卖盘,600333,2025-10-17 22:53:03
09:45:11,6.7,0.02,85,56950,买盘,600333,2025-10-17 22:53:03
09:45:14,6.71,0.01,1009,675929,买盘,600333,2025-10-17 22:53:03
09:45:17,6.7,-0.01,80,53657,卖盘,600333,2025-10-17 22:53:03
09:45:20,6.7,0.0,232,155616,卖盘,600333,2025-10-17 22:53:03
09:45:23,6.71,0.01,218,146470,中性盘,600333,2025-10-17 22:53:03
09:45:26,6.72,0.01,148,99299,买盘,600333,2025-10-17 22:53:03
09:45:29,6.72,0.0,43,28896,买盘,600333,2025-10-17 22:53:03
09:45:32,6.72,0.0,29,19511,卖盘,600333,2025-10-17 22:53:03
09:45:35,6.73,0.01,125,84123,买盘,600333,2025-10-17 22:53:03
09:45:38,6.73,0.0,77,51821,买盘,600333,2025-10-17 22:53:03
09:45:41,6.75,0.02,1053,710616,买盘,600333,2025-10-17 22:53:03
09:45:44,6.73,-0.02,191,128610,卖盘,600333,2025-10-17 22:53:03
09:45:47,6.73,0.0,318,214386,卖盘,600333,2025-10-17 22:53:03
09:45:50,6.75,0.02,133,89763,买盘,600333,2025-10-17 22:53:03
09:45:53,6.74,-0.01,133,89726,中性盘,600333,2025-10-17 22:53:03
09:45:56,6.76,0.02,334,225306,买盘,600333,2025-10-17 22:53:03
09:45:59,6.74,-0.02,106,71560,中性盘,600333,2025-10-17 22:53:03
09:46:02,6.75,0.01,63,42475,中性盘,600333,2025-10-17 22:53:03
09:46:05,6.76,0.01,677,458097,买盘,600333,2025-10-17 22:53:03
09:46:08,6.76,0.0,50,33790,买盘,600333,2025-10-17 22:53:03
09:46:11,6.76,0.0,197,133053,买盘,600333,2025-10-17 22:53:03
09:46:14,6.76,0.0,349,236154,卖盘,600333,2025-10-17 22:53:03
09:46:17,6.76,0.0,261,176457,卖盘,600333,2025-10-17 22:53:03
09:46:20,6.75,-0.01,392,265254,卖盘,600333,2025-10-17 22:53:03
09:46:23,6.76,0.01,371,251162,中性盘,600333,2025-10-17 22:53:03
09:46:26,6.76,0.0,52,35147,买盘,600333,2025-10-17 22:53:03
09:46:29,6.76,0.0,32,21601,买盘,600333,2025-10-17 22:53:03
09:46:32,6.75,-0.01,148,99879,卖盘,600333,2025-10-17 22:53:03
09:46:35,6.75,0.0,107,72225,买盘,600333,2025-10-17 22:53:03
09:46:38,6.75,0.0,175,118167,买盘,600333,2025-10-17 22:53:03
09:46:41,6.74,-0.01,20,13478,买盘,600333,2025-10-17 22:53:03
09:46:44,6.75,0.01,10,6750,买盘,600333,2025-10-17 22:53:03
09:46:47,6.75,0.0,54,36413,买盘,600333,2025-10-17 22:53:03
09:46:50,6.75,0.0,205,138350,买盘,600333,2025-10-17 22:53:03
09:46:53,6.75,0.0,141,95163,买盘,600333,2025-10-17 22:53:03
09:46:56,6.75,0.0,156,105315,买盘,600333,2025-10-17 22:53:03
09:46:59,6.75,0.0,227,153068,买盘,600333,2025-10-17 22:53:03
09:47:02,6.75,0.0,330,222743,买盘,600333,2025-10-17 22:53:03
09:47:05,6.75,0.0,88,59400,买盘,600333,2025-10-17 22:53:03
09:47:08,6.75,0.0,60,40500,卖盘,600333,2025-10-17 22:53:03
09:47:11,6.75,0.0,176,118923,卖盘,600333,2025-10-17 22:53:03
09:47:14,6.75,0.0,46,31081,卖盘,600333,2025-10-17 22:53:03
09:47:17,6.75,0.0,18,12150,卖盘,600333,2025-10-17 22:53:03
09:47:20,6.76,0.01,144,97224,买盘,600333,2025-10-17 22:53:03
09:47:23,6.76,0.0,51,34469,买盘,600333,2025-10-17 22:53:03
09:47:26,6.75,-0.01,48,32413,买盘,600333,2025-10-17 22:53:03
09:47:29,6.75,0.0,48,32440,卖盘,600333,2025-10-17 22:53:03
09:47:32,6.76,0.01,54,36504,买盘,600333,2025-10-17 22:53:03
09:47:35,6.76,0.0,27,18252,买盘,600333,2025-10-17 22:53:03
09:47:38,6.75,-0.01,142,95892,卖盘,600333,2025-10-17 22:53:03
09:47:41,6.76,0.01,210,141960,买盘,600333,2025-10-17 22:53:03
09:47:44,6.76,0.0,132,89343,卖盘,600333,2025-10-17 22:53:03
09:47:47,6.76,0.0,375,253513,卖盘,600333,2025-10-17 22:53:03
09:47:50,6.76,0.0,144,97344,买盘,600333,2025-10-17 22:53:03
09:47:53,6.76,0.0,205,138693,买盘,600333,2025-10-17 22:53:03
09:47:56,6.77,0.01,78,52731,买盘,600333,2025-10-17 22:53:03
09:47:59,6.76,-0.01,183,123944,卖盘,600333,2025-10-17 22:53:03
09:48:02,6.77,0.01,277,187761,中性盘,600333,2025-10-17 22:53:03
09:48:05,6.78,0.01,33,22357,买盘,600333,2025-10-17 22:53:03
09:48:08,6.78,0.0,237,160700,买盘,600333,2025-10-17 22:53:03
09:48:11,6.78,0.0,303,205332,卖盘,600333,2025-10-17 22:53:03
09:48:14,6.75,-0.03,1202,813740,卖盘,600333,2025-10-17 22:53:03
09:48:17,6.76,0.01,601,406157,买盘,600333,2025-10-17 22:53:03
09:48:20,6.75,-0.01,628,425636,卖盘,600333,2025-10-17 22:53:03
09:48:23,6.75,0.0,195,131658,买盘,600333,2025-10-17 22:53:03
09:48:26,6.75,0.0,39,26325,卖盘,600333,2025-10-17 22:53:03
09:48:29,6.75,0.0,20,13500,卖盘,600333,2025-10-17 22:53:03
09:48:32,6.75,0.0,65,43875,卖盘,600333,2025-10-17 22:53:03
09:48:35,6.75,0.0,139,93825,卖盘,600333,2025-10-17 22:53:03
09:48:38,6.75,0.0,82,55350,卖盘,600333,2025-10-17 22:53:03
09:48:41,6.75,0.0,60,40500,买盘,600333,2025-10-17 22:53:03
09:48:44,6.74,-0.01,57,38418,卖盘,600333,2025-10-17 22:53:03
09:48:47,6.74,0.0,15,10299,卖盘,600333,2025-10-17 22:53:03
09:48:50,6.75,0.01,287,193466,买盘,600333,2025-10-17 22:53:03
09:48:53,6.74,-0.01,17,11468,卖盘,600333,2025-10-17 22:53:03
09:48:56,6.74,0.0,28,18882,卖盘,600333,2025-10-17 22:53:03
09:48:59,6.74,0.0,330,222720,卖盘,600333,2025-10-17 22:53:03
09:49:02,6.74,0.0,811,546731,卖盘,600333,2025-10-17 22:53:03
09:49:05,6.75,0.01,216,145711,买盘,600333,2025-10-17 22:53:03
09:49:08,6.75,0.0,56,37800,卖盘,600333,2025-10-17 22:53:03
09:49:11,6.75,0.0,117,78980,卖盘,600333,2025-10-17 22:53:03
09:49:14,6.75,0.0,30,20267,卖盘,600333,2025-10-17 22:53:03
09:49:17,6.75,0.0,226,152616,卖盘,600333,2025-10-17 22:53:03
09:49:20,6.76,0.01,341,230554,买盘,600333,2025-10-17 22:53:03
09:49:23,6.76,0.0,10,6767,卖盘,600333,2025-10-17 22:53:03
09:49:26,6.76,0.0,52,35178,卖盘,600333,2025-10-17 22:53:03
09:49:29,6.77,0.01,71,48037,买盘,600333,2025-10-17 22:53:03
09:49:32,6.77,0.0,35,23703,买盘,600333,2025-10-17 22:53:03
09:49:35,6.77,0.0,78,52806,卖盘,600333,2025-10-17 22:53:03
09:49:38,6.78,0.01,261,176785,买盘,600333,2025-10-17 22:53:03
09:49:41,6.78,0.0,506,342997,买盘,600333,2025-10-17 22:53:03
09:49:44,6.79,0.01,1,679,买盘,600333,2025-10-17 22:53:03
09:49:47,6.78,-0.01,142,96341,卖盘,600333,2025-10-17 22:53:03
09:49:50,6.78,0.0,322,218500,卖盘,600333,2025-10-17 22:53:03
09:49:53,6.79,0.01,78,52931,买盘,600333,2025-10-17 22:53:03
09:49:56,6.78,-0.01,260,176484,卖盘,600333,2025-10-17 22:53:03
09:49:59,6.78,0.0,1054,715424,卖盘,600333,2025-10-17 22:53:03
09:50:02,6.79,0.01,106,71924,中性盘,600333,2025-10-17 22:53:03
09:50:05,6.79,0.0,216,146578,买盘,600333,2025-10-17 22:53:03
09:50:08,6.79,0.0,161,109310,买盘,600333,2025-10-17 22:53:03
09:50:11,6.79,0.0,201,136521,卖盘,600333,2025-10-17 22:53:03
09:50:14,6.8,0.01,275,186780,买盘,600333,2025-10-17 22:53:03
09:50:17,6.8,0.0,299,202992,买盘,600333,2025-10-17 22:53:03
09:50:20,6.79,-0.01,260,176689,卖盘,600333,2025-10-17 22:53:03
09:50:23,6.78,-0.01,237,160871,卖盘,600333,2025-10-17 22:53:03
09:50:26,6.79,0.01,154,104597,买盘,600333,2025-10-17 22:53:03
09:50:29,6.76,-0.03,1188,804606,卖盘,600333,2025-10-17 22:53:03
09:50:32,6.75,-0.01,202,136555,卖盘,600333,2025-10-17 22:53:03
09:50:35,6.78,0.03,33,22363,买盘,600333,2025-10-17 22:53:03
09:50:38,6.77,-0.01,180,121802,卖盘,600333,2025-10-17 22:53:03
09:50:41,6.77,0.0,228,154346,卖盘,600333,2025-10-17 22:53:03
09:50:44,6.76,-0.01,133,89816,中性盘,600333,2025-10-17 22:53:03
09:50:47,6.75,-0.01,457,308645,卖盘,600333,2025-10-17 22:53:03
09:50:50,6.78,0.03,180,121766,买盘,600333,2025-10-17 22:53:03
09:50:53,6.76,-0.02,97,65564,卖盘,600333,2025-10-17 22:53:03
09:50:56,6.75,-0.01,492,333260,卖盘,600333,2025-10-17 22:53:03
09:50:59,6.76,0.01,93,62875,买盘,600333,2025-10-17 22:53:03
09:51:02,6.76,0.0,814,550289,卖盘,600333,2025-10-17 22:53:03
09:51:05,6.77,0.01,12,8124,买盘,600333,2025-10-17 22:53:03
09:51:08,6.77,0.0,187,126436,买盘,600333,2025-10-17 22:53:03
09:51:11,6.75,-0.02,1089,735149,卖盘,600333,2025-10-17 22:53:03
09:51:14,6.74,-0.01,10,6743,卖盘,600333,2025-10-17 22:53:03
09:51:17,6.75,0.01,105,70873,买盘,600333,2025-10-17 22:53:03
09:51:20,6.74,-0.01,19,12809,中性盘,600333,2025-10-17 22:53:03
09:51:23,6.75,0.01,39,26323,买盘,600333,2025-10-17 22:53:03
09:51:26,6.74,-0.01,266,179378,中性盘,600333,2025-10-17 22:53:03
09:51:29,6.73,-0.01,59,39753,卖盘,600333,2025-10-17 22:53:03
09:51:32,6.73,0.0,168,113064,卖盘,600333,2025-10-17 22:53:03
09:51:35,6.73,0.0,109,73357,买盘,600333,2025-10-17 22:53:03
09:51:38,6.73,0.0,278,187094,买盘,600333,2025-10-17 22:53:03
09:51:41,6.73,0.0,35,23525,中性盘,600333,2025-10-17 22:53:03
09:51:44,6.73,0.0,31,20852,卖盘,600333,2025-10-17 22:53:03
09:51:47,6.73,0.0,101,67873,买盘,600333,2025-10-17 22:53:03
09:51:50,6.72,-0.01,79,53117,卖盘,600333,2025-10-17 22:53:03
09:51:53,6.72,0.0,100,67240,卖盘,600333,2025-10-17 22:53:03
09:51:56,6.72,0.0,256,172094,卖盘,600333,2025-10-17 22:53:03
09:51:59,6.72,0.0,218,146516,卖盘,600333,2025-10-17 22:53:03
09:52:02,6.73,0.01,66,44369,买盘,600333,2025-10-17 22:53:03
09:52:05,6.72,-0.01,63,42318,卖盘,600333,2025-10-17 22:53:03
09:52:11,6.72,0.0,134,89983,买盘,600333,2025-10-17 22:53:03
09:52:14,6.71,-0.01,92,61794,卖盘,600333,2025-10-17 22:53:03
09:52:17,6.72,0.01,54,36288,中性盘,600333,2025-10-17 22:53:03
09:52:23,6.72,0.0,438,294336,卖盘,600333,2025-10-17 22:53:03
09:52:26,6.73,0.01,143,96143,买盘,600333,2025-10-17 22:53:03
09:52:29,6.73,0.0,9,6053,买盘,600333,2025-10-17 22:53:03
09:52:32,6.72,-0.01,14,9408,卖盘,600333,2025-10-17 22:53:03
09:52:35,6.73,0.01,128,85946,买盘,600333,2025-10-17 22:53:03
09:52:38,6.73,0.0,1,673,买盘,600333,2025-10-17 22:53:03
09:52:41,6.73,0.0,176,118528,买盘,600333,2025-10-17 22:53:03
09:52:44,6.73,0.0,55,36962,买盘,600333,2025-10-17 22:53:03
09:52:47,6.74,0.01,59,39736,买盘,600333,2025-10-17 22:53:03
09:52:50,6.72,-0.02,484,325389,卖盘,600333,2025-10-17 22:53:03
09:52:53,6.72,0.0,60,40352,中性盘,600333,2025-10-17 22:53:03
09:52:56,6.75,0.03,103,69525,买盘,600333,2025-10-17 22:53:03
09:52:59,6.75,0.0,21,14175,卖盘,600333,2025-10-17 22:53:03
09:53:02,6.75,0.0,3,2025,卖盘,600333,2025-10-17 22:53:03
09:53:05,6.75,0.0,7,4726,卖盘,600333,2025-10-17 22:53:03
09:53:08,6.75,0.0,51,34453,卖盘,600333,2025-10-17 22:53:03
09:53:11,6.76,0.01,424,287014,买盘,600333,2025-10-17 22:53:03
09:53:14,6.75,-0.01,37,24983,卖盘,600333,2025-10-17 22:53:03
09:53:20,6.77,0.02,67,45353,买盘,600333,2025-10-17 22:53:03
09:53:23,6.77,0.0,348,235240,卖盘,600333,2025-10-17 22:53:03
09:53:26,6.76,-0.01,7,4732,中性盘,600333,2025-10-17 22:53:03
09:53:29,6.77,0.01,14,9478,买盘,600333,2025-10-17 22:53:03
09:53:32,6.76,-0.01,24,16224,卖盘,600333,2025-10-17 22:53:03
09:53:35,6.76,0.0,221,149404,卖盘,600333,2025-10-17 22:53:03
09:53:38,6.75,-0.01,521,352039,卖盘,600333,2025-10-17 22:53:03
09:53:41,6.76,0.01,147,99263,买盘,600333,2025-10-17 22:53:03
09:53:44,6.76,0.0,107,72332,买盘,600333,2025-10-17 22:53:03
09:53:47,6.77,0.01,105,71037,买盘,600333,2025-10-17 22:53:03
09:53:50,6.77,0.0,285,192848,买盘,600333,2025-10-17 22:53:03
09:53:53,6.77,0.0,30,20310,卖盘,600333,2025-10-17 22:53:03
09:53:56,6.78,0.01,142,96222,买盘,600333,2025-10-17 22:53:03
09:53:59,6.78,0.0,355,240490,买盘,600333,2025-10-17 22:53:03
09:54:02,6.78,0.0,15,10180,卖盘,600333,2025-10-17 22:53:03
09:54:05,6.78,0.0,32,21713,卖盘,600333,2025-10-17 22:53:03
09:54:08,6.78,0.0,1067,724318,卖盘,600333,2025-10-17 22:53:03
09:54:11,6.8,0.02,2929,1991395,买盘,600333,2025-10-17 22:53:03
09:54:14,6.8,0.0,407,276990,卖盘,600333,2025-10-17 22:53:03
09:54:17,6.82,0.02,529,360684,买盘,600333,2025-10-17 22:53:03
09:54:20,6.82,0.0,281,191589,买盘,600333,2025-10-17 22:53:03
09:54:23,6.82,0.0,409,278949,买盘,600333,2025-10-17 22:53:03
09:54:26,6.84,0.02,873,596605,买盘,600333,2025-10-17 22:53:03
09:54:29,6.85,0.01,599,410287,买盘,600333,2025-10-17 22:53:03
09:54:32,6.85,0.0,1166,798688,买盘,600333,2025-10-17 22:53:03
09:54:35,6.86,0.01,1089,745928,买盘,600333,2025-10-17 22:53:03
09:54:38,6.85,-0.01,232,158851,中性盘,600333,2025-10-17 22:53:03
09:54:41,6.85,0.0,462,316760,卖盘,600333,2025-10-17 22:53:03
09:54:44,6.87,0.02,1383,950138,买盘,600333,2025-10-17 22:53:03
09:54:47,6.88,0.01,764,525502,买盘,600333,2025-10-17 22:53:03
09:54:50,6.89,0.01,632,434897,买盘,600333,2025-10-17 22:53:03
09:54:53,6.9,0.01,320,220297,买盘,600333,2025-10-17 22:53:03
09:54:56,6.9,0.0,726,500887,买盘,600333,2025-10-17 22:53:03
09:54:59,6.89,-0.01,931,641751,卖盘,600333,2025-10-17 22:53:03
09:55:02,6.89,0.0,1372,942311,买盘,600333,2025-10-17 22:53:03
09:55:05,6.89,0.0,1092,749431,买盘,600333,2025-10-17 22:53:03
09:55:08,6.84,-0.05,163,111616,卖盘,600333,2025-10-17 22:53:03
09:55:11,6.87,0.03,351,240566,买盘,600333,2025-10-17 22:53:03
09:55:14,6.87,0.0,375,257625,卖盘,600333,2025-10-17 22:53:03
09:55:17,6.87,0.0,381,261425,买盘,600333,2025-10-17 22:53:03
09:55:20,6.85,-0.02,390,267728,卖盘,600333,2025-10-17 22:53:03
09:55:23,6.86,0.01,560,384496,卖盘,600333,2025-10-17 22:53:03
09:55:26,6.87,0.01,186,127672,买盘,600333,2025-10-17 22:53:03
09:55:29,6.86,-0.01,1100,754881,卖盘,600333,2025-10-17 22:53:03
09:55:32,6.87,0.01,443,304052,中性盘,600333,2025-10-17 22:53:03
09:55:35,6.87,0.0,593,407375,买盘,600333,2025-10-17 22:53:03
09:55:38,6.87,0.0,833,572624,卖盘,600333,2025-10-17 22:53:03
09:55:41,6.88,0.01,387,266154,买盘,600333,2025-10-17 22:53:03
09:55:44,6.88,0.0,502,345437,卖盘,600333,2025-10-17 22:53:03
09:55:47,6.88,0.0,981,675640,卖盘,600333,2025-10-17 22:53:03
09:55:50,6.89,0.01,1187,818699,中性盘,600333,2025-10-17 22:53:03
09:55:53,6.92,0.03,602,415598,买盘,600333,2025-10-17 22:53:03
09:55:56,6.93,0.01,1990,1378969,买盘,600333,2025-10-17 22:53:03
09:55:59,6.93,0.0,214,148402,卖盘,600333,2025-10-17 22:53:03
09:56:02,6.94,0.01,1523,1056898,买盘,600333,2025-10-17 22:53:03
09:56:05,6.94,0.0,1012,701967,卖盘,600333,2025-10-17 22:53:03
09:56:08,6.94,0.0,886,613739,买盘,600333,2025-10-17 22:53:03
09:56:11,6.92,-0.02,334,231359,中性盘,600333,2025-10-17 22:53:03
09:56:14,6.9,-0.02,503,347351,卖盘,600333,2025-10-17 22:53:03
09:56:17,6.87,-0.03,459,316269,卖盘,600333,2025-10-17 22:53:03
09:56:20,6.89,0.02,219,150971,买盘,600333,2025-10-17 22:53:03
09:56:23,6.89,0.0,253,174047,买盘,600333,2025-10-17 22:53:03
09:56:26,6.87,-0.02,263,181062,卖盘,600333,2025-10-17 22:53:03
09:56:29,6.87,0.0,356,244949,买盘,600333,2025-10-17 22:53:03
09:56:32,6.87,0.0,187,128457,卖盘,600333,2025-10-17 22:53:03
09:56:35,6.87,0.0,546,375388,卖盘,600333,2025-10-17 22:53:03
09:56:38,6.87,0.0,312,214637,卖盘,600333,2025-10-17 22:53:03
09:56:41,6.89,0.02,143,98414,买盘,600333,2025-10-17 22:53:03
09:56:44,6.89,0.0,351,241577,买盘,600333,2025-10-17 22:53:03
09:56:47,6.88,-0.01,842,580488,卖盘,600333,2025-10-17 22:53:03
09:56:50,6.9,0.02,627,432435,买盘,600333,2025-10-17 22:53:03
09:56:53,6.89,-0.01,404,278532,卖盘,600333,2025-10-17 22:53:03
09:56:56,6.88,-0.01,652,449266,卖盘,600333,2025-10-17 22:53:03
09:56:59,6.88,0.0,345,237464,卖盘,600333,2025-10-17 22:53:03
09:57:02,6.88,0.0,1650,1137416,卖盘,600333,2025-10-17 22:53:03
09:57:05,6.89,0.01,285,196448,中性盘,600333,2025-10-17 22:53:03
09:57:08,6.88,-0.01,40,27540,卖盘,600333,2025-10-17 22:53:03
09:57:11,6.86,-0.02,1556,1069207,卖盘,600333,2025-10-17 22:53:03
09:57:14,6.85,-0.01,153,104805,卖盘,600333,2025-10-17 22:53:03
09:57:17,6.87,0.02,269,184524,买盘,600333,2025-10-17 22:53:03
09:57:20,6.87,0.0,30,20592,卖盘,600333,2025-10-17 22:53:03
09:57:23,6.87,0.0,42,28859,买盘,600333,2025-10-17 22:53:03
09:57:26,6.87,0.0,51,34973,买盘,600333,2025-10-17 22:53:03
09:57:29,6.86,-0.01,120,82235,中性盘,600333,2025-10-17 22:53:03
09:57:32,6.85,-0.01,402,275889,卖盘,600333,2025-10-17 22:53:03
09:57:35,6.85,0.0,512,351552,卖盘,600333,2025-10-17 22:53:03
09:57:38,6.85,0.0,351,240799,卖盘,600333,2025-10-17 22:53:03
09:57:41,6.85,0.0,639,438134,卖盘,600333,2025-10-17 22:53:03
09:57:44,6.87,0.02,280,192010,买盘,600333,2025-10-17 22:53:03
09:57:47,6.85,-0.02,262,179470,卖盘,600333,2025-10-17 22:53:03
09:57:50,6.85,0.0,309,211671,买盘,600333,2025-10-17 22:53:03
09:57:53,6.85,0.0,103,70563,卖盘,600333,2025-10-17 22:53:03
09:57:56,6.86,0.01,84,57584,买盘,600333,2025-10-17 22:53:03
09:57:59,6.85,-0.01,155,106176,卖盘,600333,2025-10-17 22:53:03
09:58:02,6.85,0.0,128,87678,卖盘,600333,2025-10-17 22:53:03
09:58:05,6.86,0.01,188,128836,买盘,600333,2025-10-17 22:53:03
09:58:08,6.85,-0.01,104,71251,卖盘,600333,2025-10-17 22:53:03
09:58:11,6.86,0.01,83,56918,买盘,600333,2025-10-17 22:53:03
09:58:14,6.85,-0.01,118,80908,卖盘,600333,2025-10-17 22:53:03
09:58:17,6.86,0.01,289,198253,买盘,600333,2025-10-17 22:53:03
09:58:20,6.86,0.0,482,330307,买盘,600333,2025-10-17 22:53:03
09:58:23,6.85,-0.01,874,598417,卖盘,600333,2025-10-17 22:53:03
09:58:26,6.85,0.0,342,234270,买盘,600333,2025-10-17 22:53:03
09:58:29,6.85,0.0,150,102750,买盘,600333,2025-10-17 22:53:03
09:58:32,6.83,-0.02,513,351037,卖盘,600333,2025-10-17 22:53:03
09:58:35,6.83,0.0,138,94313,卖盘,600333,2025-10-17 22:53:03
09:58:41,6.83,0.0,80,54638,买盘,600333,2025-10-17 22:53:03
09:58:44,6.82,-0.01,215,146638,卖盘,600333,2025-10-17 22:53:03
09:58:47,6.82,0.0,76,51902,卖盘,600333,2025-10-17 22:53:03
09:58:50,6.82,0.0,207,141178,卖盘,600333,2025-10-17 22:53:03
09:58:53,6.82,0.0,19,12958,买盘,600333,2025-10-17 22:53:03
09:58:56,6.82,0.0,30,20434,买盘,600333,2025-10-17 22:53:03
09:58:59,6.82,0.0,35,23862,买盘,600333,2025-10-17 22:53:03
09:59:02,6.81,-0.01,77,52446,卖盘,600333,2025-10-17 22:53:03
09:59:05,6.82,0.01,74,50453,买盘,600333,2025-10-17 22:53:03
09:59:08,6.81,-0.01,339,231068,卖盘,600333,2025-10-17 22:53:03
09:59:11,6.81,0.0,119,81056,卖盘,600333,2025-10-17 22:53:03
09:59:14,6.81,0.0,260,177127,卖盘,600333,2025-10-17 22:53:03
09:59:17,6.81,0.0,56,38136,买盘,600333,2025-10-17 22:53:03
09:59:20,6.81,0.0,154,104783,买盘,600333,2025-10-17 22:53:03
09:59:23,6.81,0.0,160,108959,买盘,600333,2025-10-17 22:53:03
09:59:26,6.81,0.0,9,6129,卖盘,600333,2025-10-17 22:53:03
09:59:29,6.81,0.0,331,225411,卖盘,600333,2025-10-17 22:53:03
09:59:32,6.81,0.0,65,44265,买盘,600333,2025-10-17 22:53:03
09:59:35,6.81,0.0,283,192521,买盘,600333,2025-10-17 22:53:03
09:59:38,6.81,0.0,1055,718405,买盘,600333,2025-10-17 22:53:03
09:59:41,6.81,0.0,50,34041,卖盘,600333,2025-10-17 22:53:03
09:59:44,6.81,0.0,60,40919,卖盘,600333,2025-10-17 22:53:03
09:59:47,6.81,0.0,85,57890,卖盘,600333,2025-10-17 22:53:03
09:59:50,6.81,0.0,54,36777,买盘,600333,2025-10-17 22:53:03
09:59:53,6.81,0.0,79,53849,买盘,600333,2025-10-17 22:53:03
09:59:56,6.81,0.0,74,50352,卖盘,600333,2025-10-17 22:53:03
09:59:59,6.81,0.0,138,93946,卖盘,600333,2025-10-17 22:53:03
10:00:02,6.82,0.01,42,28618,买盘,600333,2025-10-17 22:53:03
10:00:05,6.82,0.0,337,229834,买盘,600333,2025-10-17 22:53:03
10:00:08,6.82,0.0,49,33418,买盘,600333,2025-10-17 22:53:03
10:00:11,6.83,0.01,136,92727,买盘,600333,2025-10-17 22:53:03
10:00:14,6.82,-0.01,101,68877,卖盘,600333,2025-10-17 22:53:03
10:00:17,6.84,0.02,1029,703278,买盘,600333,2025-10-17 22:53:03
10:00:20,6.83,-0.01,121,82545,买盘,600333,2025-10-17 22:53:03
10:00:23,6.83,0.0,180,122940,卖盘,600333,2025-10-17 22:53:03
10:00:26,6.84,0.01,99,67702,买盘,600333,2025-10-17 22:53:03
10:00:29,6.85,0.01,343,234913,买盘,600333,2025-10-17 22:53:03
10:00:32,6.85,0.0,133,91025,买盘,600333,2025-10-17 22:53:03
10:00:35,6.85,0.0,110,75349,中性盘,600333,2025-10-17 22:53:03
10:00:38,6.84,-0.01,571,390270,卖盘,600333,2025-10-17 22:53:03
10:00:41,6.83,-0.01,28,19144,卖盘,600333,2025-10-17 22:53:03
10:00:44,6.84,0.01,126,86246,中性盘,600333,2025-10-17 22:53:03
10:00:47,6.86,0.02,358,245414,买盘,600333,2025-10-17 22:53:03
10:00:50,6.86,0.0,207,141477,买盘,600333,2025-10-17 22:53:03
10:00:53,6.83,-0.03,157,107440,卖盘,600333,2025-10-17 22:53:03
10:00:56,6.85,0.02,51,34918,买盘,600333,2025-10-17 22:53:03
10:00:59,6.83,-0.02,519,354566,卖盘,600333,2025-10-17 22:53:03
10:01:02,6.83,0.0,191,130511,中性盘,600333,2025-10-17 22:53:03
10:01:05,6.84,0.01,1421,969936,买盘,600333,2025-10-17 22:53:03
10:01:08,6.82,-0.02,381,259133,买盘,600333,2025-10-17 22:53:03
10:01:11,6.82,0.0,93,63413,买盘,600333,2025-10-17 22:53:03
10:01:14,6.82,0.0,30,20448,买盘,600333,2025-10-17 22:53:03
10:01:17,6.82,0.0,329,224266,买盘,600333,2025-10-17 22:53:03
10:01:20,6.82,0.0,36,24551,卖盘,600333,2025-10-17 22:53:03
10:01:23,6.81,-0.01,57,38869,卖盘,600333,2025-10-17 22:53:03
10:01:26,6.81,0.0,47,32029,卖盘,600333,2025-10-17 22:53:03
10:01:29,6.8,-0.01,99,67370,卖盘,600333,2025-10-17 22:53:03
10:01:32,6.82,0.02,21,14308,买盘,600333,2025-10-17 22:53:03
10:01:35,6.8,-0.02,50,34000,卖盘,600333,2025-10-17 22:53:03
10:01:38,6.8,0.0,336,228811,卖盘,600333,2025-10-17 22:53:03
10:01:41,6.8,0.0,89,60520,买盘,600333,2025-10-17 22:53:03
10:01:44,6.79,-0.01,145,98482,卖盘,600333,2025-10-17 22:53:03
10:01:47,6.79,0.0,39,26504,卖盘,600333,2025-10-17 22:53:03
10:01:50,6.79,0.0,273,185367,卖盘,600333,2025-10-17 22:53:03
10:01:53,6.79,0.0,17,11543,买盘,600333,2025-10-17 22:53:03
10:01:56,6.78,-0.01,206,139688,卖盘,600333,2025-10-17 22:53:03
10:01:59,6.79,0.01,37,25093,买盘,600333,2025-10-17 22:53:03
10:02:02,6.79,0.0,303,205526,买盘,600333,2025-10-17 22:53:03
10:02:05,6.79,0.0,39,26446,买盘,600333,2025-10-17 22:53:03
10:02:08,6.79,0.0,105,71294,买盘,600333,2025-10-17 22:53:03
10:02:11,6.78,-0.01,66,44751,卖盘,600333,2025-10-17 22:53:03
10:02:14,6.78,0.0,87,59007,卖盘,600333,2025-10-17 22:53:03
10:02:17,6.78,0.0,25,16950,卖盘,600333,2025-10-17 22:53:03
10:02:20,6.78,0.0,31,21017,买盘,600333,2025-10-17 22:53:03
10:02:23,6.78,0.0,20,13550,买盘,600333,2025-10-17 22:53:03
10:02:26,6.78,0.0,135,91417,买盘,600333,2025-10-17 22:53:03
10:02:29,6.77,-0.01,144,97488,卖盘,600333,2025-10-17 22:53:03
10:02:32,6.77,0.0,93,62986,卖盘,600333,2025-10-17 22:53:03
10:02:35,6.77,0.0,59,39955,卖盘,600333,2025-10-17 22:53:03
10:02:38,6.77,0.0,135,91395,买盘,600333,2025-10-17 22:53:03
10:02:41,6.77,0.0,289,195665,买盘,600333,2025-10-17 22:53:03
10:02:44,6.77,0.0,289,195638,买盘,600333,2025-10-17 22:53:03
10:02:47,6.76,-0.01,24,16238,卖盘,600333,2025-10-17 22:53:03
10:02:50,6.76,0.0,320,216340,卖盘,600333,2025-10-17 22:53:03
10:02:53,6.77,0.01,17,11510,中性盘,600333,2025-10-17 22:53:03
10:02:56,6.78,0.01,79,53534,买盘,600333,2025-10-17 22:53:03
10:02:59,6.77,-0.01,181,122680,卖盘,600333,2025-10-17 22:53:03
10:03:02,6.78,0.01,427,289185,买盘,600333,2025-10-17 22:53:03
10:03:05,6.77,-0.01,17,11517,卖盘,600333,2025-10-17 22:53:03
10:03:08,6.77,0.0,69,46713,卖盘,600333,2025-10-17 22:53:03
10:03:11,6.77,0.0,244,165224,卖盘,600333,2025-10-17 22:53:03
10:03:14,6.77,0.0,56,37912,买盘,600333,2025-10-17 22:53:03
10:03:17,6.77,0.0,212,143366,买盘,600333,2025-10-17 22:53:03
10:03:20,6.77,0.0,31,20987,买盘,600333,2025-10-17 22:53:03
10:03:23,6.76,-0.01,88,59566,卖盘,600333,2025-10-17 22:53:03
10:03:26,6.76,0.0,102,68968,卖盘,600333,2025-10-17 22:53:03
10:03:29,6.77,0.01,62,41952,买盘,600333,2025-10-17 22:53:03
10:03:32,6.77,0.0,36,24362,买盘,600333,2025-10-17 22:53:03
10:03:35,6.77,0.0,366,247761,买盘,600333,2025-10-17 22:53:03
10:03:38,6.77,0.0,132,89364,买盘,600333,2025-10-17 22:53:03
10:03:41,6.78,0.01,14,9488,买盘,600333,2025-10-17 22:53:03
10:03:44,6.77,-0.01,297,201093,卖盘,600333,2025-10-17 22:53:03
10:03:47,6.78,0.01,338,229158,买盘,600333,2025-10-17 22:53:03
10:03:50,6.78,0.0,225,152520,买盘,600333,2025-10-17 22:53:03
10:03:53,6.78,0.0,29,19662,买盘,600333,2025-10-17 22:53:03
10:03:56,6.78,0.0,3,2034,买盘,600333,2025-10-17 22:53:03
10:03:59,6.78,0.0,278,188484,买盘,600333,2025-10-17 22:53:03
10:04:02,6.78,0.0,72,48816,买盘,600333,2025-10-17 22:53:03
10:04:08,6.79,0.01,63,42777,买盘,600333,2025-10-17 22:53:03
10:04:11,6.79,0.0,1,679,卖盘,600333,2025-10-17 22:53:03
10:04:14,6.8,0.01,234,159117,买盘,600333,2025-10-17 22:53:03
10:04:17,6.81,0.01,7,4762,买盘,600333,2025-10-17 22:53:03
10:04:20,6.81,0.0,210,142992,卖盘,600333,2025-10-17 22:53:03
10:04:23,6.81,0.0,105,71498,买盘,600333,2025-10-17 22:53:03
10:04:26,6.82,0.01,347,236508,买盘,600333,2025-10-17 22:53:03
10:04:29,6.81,-0.01,100,68061,中性盘,600333,2025-10-17 22:53:03
10:04:32,6.82,0.01,140,95480,买盘,600333,2025-10-17 22:53:03
10:04:35,6.81,-0.01,43,29305,卖盘,600333,2025-10-17 22:53:03
10:04:38,6.8,-0.01,137,93345,卖盘,600333,2025-10-17 22:53:03
10:04:41,6.81,0.01,2,1362,买盘,600333,2025-10-17 22:53:03
10:04:44,6.8,-0.01,441,299469,卖盘,600333,2025-10-17 22:53:03
10:04:47,6.8,0.0,177,120459,买盘,600333,2025-10-17 22:53:03
10:04:50,6.8,0.0,269,182818,买盘,600333,2025-10-17 22:53:03
10:04:53,6.8,0.0,50,33989,买盘,600333,2025-10-17 22:53:03
10:04:56,6.79,-0.01,63,42777,卖盘,600333,2025-10-17 22:53:03
10:04:59,6.79,0.0,20,13578,买盘,600333,2025-10-17 22:53:03
10:05:02,6.79,0.0,27,18333,买盘,600333,2025-10-17 22:53:03
10:05:05,6.79,0.0,2,1358,买盘,600333,2025-10-17 22:53:03
10:05:08,6.79,0.0,183,124256,买盘,600333,2025-10-17 22:53:03
10:05:11,6.78,-0.01,240,162880,卖盘,600333,2025-10-17 22:53:03
10:05:14,6.79,0.01,85,57710,买盘,600333,2025-10-17 22:53:03
10:05:17,6.79,0.0,16,10855,买盘,600333,2025-10-17 22:53:03
10:05:20,6.79,0.0,98,66499,买盘,600333,2025-10-17 22:53:03
10:05:23,6.79,0.0,86,58373,买盘,600333,2025-10-17 22:53:03
10:05:32,6.8,0.01,39,26520,买盘,600333,2025-10-17 22:53:03
10:05:35,6.79,-0.01,56,38056,卖盘,600333,2025-10-17 22:53:03
10:05:41,6.79,0.0,33,22410,卖盘,600333,2025-10-17 22:53:03
10:05:44,6.79,0.0,76,51604,卖盘,600333,2025-10-17 22:53:03
10:05:47,6.79,0.0,120,81480,卖盘,600333,2025-10-17 22:53:03
10:05:50,6.8,0.01,9,6120,买盘,600333,2025-10-17 22:53:03
10:05:53,6.8,0.0,37,25125,买盘,600333,2025-10-17 22:53:03
10:05:56,6.8,0.0,5,3400,买盘,600333,2025-10-17 22:53:03
10:05:59,6.8,0.0,128,87007,买盘,600333,2025-10-17 22:53:03
10:06:02,6.8,0.0,692,470560,买盘,600333,2025-10-17 22:53:03
10:06:05,6.8,0.0,365,248201,卖盘,600333,2025-10-17 22:53:03
10:06:08,6.81,0.01,136,92516,买盘,600333,2025-10-17 22:53:03
10:06:11,6.82,0.01,60,40867,买盘,600333,2025-10-17 22:53:03
10:06:17,6.81,-0.01,21,14313,卖盘,600333,2025-10-17 22:53:03
10:06:20,6.81,0.0,27,18387,卖盘,600333,2025-10-17 22:53:03
10:06:23,6.8,-0.01,1,680,卖盘,600333,2025-10-17 22:53:03
10:06:26,6.81,0.01,29,19740,买盘,600333,2025-10-17 22:53:03
10:06:29,6.81,0.0,50,34042,买盘,600333,2025-10-17 22:53:03
10:06:32,6.81,0.0,116,78996,买盘,600333,2025-10-17 22:53:03
10:06:35,6.8,-0.01,40,27200,卖盘,600333,2025-10-17 22:53:03
10:06:38,6.81,0.01,63,42903,买盘,600333,2025-10-17 22:53:03
10:06:41,6.8,-0.01,256,174103,卖盘,600333,2025-10-17 22:53:03
10:06:44,6.81,0.01,58,39478,买盘,600333,2025-10-17 22:53:03
10:06:47,6.81,0.0,144,97996,买盘,600333,2025-10-17 22:53:03
10:06:50,6.8,-0.01,283,192547,卖盘,600333,2025-10-17 22:53:03
10:06:53,6.8,0.0,3,2040,买盘,600333,2025-10-17 22:53:03
10:06:56,6.8,0.0,120,81600,买盘,600333,2025-10-17 22:53:03
10:06:59,6.79,-0.01,454,308266,卖盘,600333,2025-10-17 22:53:03
10:07:02,6.77,-0.02,1606,1088406,卖盘,600333,2025-10-17 22:53:03
10:07:05,6.78,0.01,10,6780,买盘,600333,2025-10-17 22:53:03
10:07:11,6.78,0.0,7,4746,买盘,600333,2025-10-17 22:53:03
10:07:14,6.78,0.0,134,90852,买盘,600333,2025-10-17 22:53:03
10:07:17,6.76,-0.02,120,81120,卖盘,600333,2025-10-17 22:53:03
10:07:20,6.78,0.02,11,7458,买盘,600333,2025-10-17 22:53:03
10:07:23,6.76,-0.02,28,18928,卖盘,600333,2025-10-17 22:53:03
10:07:26,6.76,0.0,60,40566,卖盘,600333,2025-10-17 22:53:03
10:07:29,6.77,0.01,45,30441,买盘,600333,2025-10-17 22:53:03
10:07:32,6.77,0.0,454,307080,卖盘,600333,2025-10-17 22:53:03
10:07:35,6.77,0.0,17,11509,买盘,600333,2025-10-17 22:53:03
10:07:38,6.77,0.0,214,144668,买盘,600333,2025-10-17 22:53:03
10:07:44,6.76,-0.01,5,3380,卖盘,600333,2025-10-17 22:53:03
10:07:47,6.77,0.01,169,114346,买盘,600333,2025-10-17 22:53:03
10:07:50,6.76,-0.01,48,32494,卖盘,600333,2025-10-17 22:53:03
10:07:53,6.76,0.0,1,676,卖盘,600333,2025-10-17 22:53:03
10:07:59,6.76,0.0,12,8112,卖盘,600333,2025-10-17 22:53:03
10:08:02,6.76,0.0,40,27040,卖盘,600333,2025-10-17 22:53:03
10:08:05,6.77,0.01,317,214595,买盘,600333,2025-10-17 22:53:03
10:08:08,6.77,0.0,20,13538,中性盘,600333,2025-10-17 22:53:03
10:08:11,6.76,-0.01,25,16900,卖盘,600333,2025-10-17 22:53:03
10:08:14,6.78,0.02,96,64962,买盘,600333,2025-10-17 22:53:03
10:08:17,6.78,0.0,56,37968,卖盘,600333,2025-10-17 22:53:03
10:08:20,6.78,0.0,15,10170,卖盘,600333,2025-10-17 22:53:03
10:08:23,6.78,0.0,37,25070,买盘,600333,2025-10-17 22:53:03
10:08:29,6.78,0.0,26,17623,买盘,600333,2025-10-17 22:53:03
10:08:32,6.78,0.0,26,17628,买盘,600333,2025-10-17 22:53:03
10:08:35,6.78,0.0,22,14913,买盘,600333,2025-10-17 22:53:03
10:08:38,6.78,0.0,141,95598,卖盘,600333,2025-10-17 22:53:03
10:08:41,6.79,0.01,1,679,买盘,600333,2025-10-17 22:53:03
10:08:44,6.79,0.0,103,69937,买盘,600333,2025-10-17 22:53:03
10:08:47,6.79,0.0,34,23086,中性盘,600333,2025-10-17 22:53:03
10:08:50,6.79,0.0,8,5432,中性盘,600333,2025-10-17 22:53:03
10:08:53,6.78,-0.01,20,13575,卖盘,600333,2025-10-17 22:53:03
10:08:56,6.79,0.01,2,1358,买盘,600333,2025-10-17 22:53:03
10:08:59,6.78,-0.01,4,2712,卖盘,600333,2025-10-17 22:53:03
10:09:02,6.79,0.01,138,93573,买盘,600333,2025-10-17 22:53:03
10:09:08,6.79,0.0,67,45493,买盘,600333,2025-10-17 22:53:03
10:09:11,6.78,-0.01,7,4746,买盘,600333,2025-10-17 22:53:03
10:09:17,6.77,-0.01,421,285029,卖盘,600333,2025-10-17 22:53:03
10:09:20,6.78,0.01,4,2712,中性盘,600333,2025-10-17 22:53:03
10:09:23,6.77,-0.01,6,4062,中性盘,600333,2025-10-17 22:53:03
10:09:26,6.77,0.0,4,2708,买盘,600333,2025-10-17 22:53:03
10:09:29,6.77,0.0,10,6770,买盘,600333,2025-10-17 22:53:03
10:09:32,6.77,0.0,140,94783,卖盘,600333,2025-10-17 22:53:03
10:09:38,6.76,-0.01,12,8112,卖盘,600333,2025-10-17 22:53:03
10:09:41,6.77,0.01,4,2708,买盘,600333,2025-10-17 22:53:03
10:09:44,6.76,-0.01,16,10823,卖盘,600333,2025-10-17 22:53:03
10:09:47,6.76,0.0,959,648289,卖盘,600333,2025-10-17 22:53:03
10:09:50,6.76,0.0,117,79181,卖盘,600333,2025-10-17 22:53:03
10:09:53,6.76,0.0,35,23660,买盘,600333,2025-10-17 22:53:03
10:09:56,6.76,0.0,335,226150,买盘,600333,2025-10-17 22:53:03
10:09:59,6.75,-0.01,130,87769,卖盘,600333,2025-10-17 22:53:03
10:10:02,6.75,0.0,1060,714895,卖盘,600333,2025-10-17 22:53:03
10:10:08,6.74,-0.01,26,17540,中性盘,600333,2025-10-17 22:53:03
10:10:14,6.75,0.01,71,47906,买盘,600333,2025-10-17 22:53:03
10:10:17,6.73,-0.02,40,26931,卖盘,600333,2025-10-17 22:53:03
10:10:20,6.73,0.0,80,53840,卖盘,600333,2025-10-17 22:53:03
10:10:23,6.74,0.01,19,12788,中性盘,600333,2025-10-17 22:53:03
10:10:26,6.74,0.0,94,63271,买盘,600333,2025-10-17 22:53:03
10:10:32,6.73,-0.01,18,12120,卖盘,600333,2025-10-17 22:53:03
10:10:35,6.73,0.0,160,107693,卖盘,600333,2025-10-17 22:53:03
10:10:38,6.73,0.0,81,54513,卖盘,600333,2025-10-17 22:53:03
10:10:41,6.73,0.0,7,4711,买盘,600333,2025-10-17 22:53:03
10:10:44,6.73,0.0,153,102936,买盘,600333,2025-10-17 22:53:03
10:10:47,6.72,-0.01,70,47045,卖盘,600333,2025-10-17 22:53:03
10:10:50,6.73,0.01,54,36342,买盘,600333,2025-10-17 22:53:03
10:10:53,6.72,-0.01,182,122306,卖盘,600333,2025-10-17 22:53:03
10:10:56,6.72,0.0,259,174078,卖盘,600333,2025-10-17 22:53:03
10:10:59,6.72,0.0,149,100128,买盘,600333,2025-10-17 22:53:03
10:11:02,6.73,0.01,97,65188,买盘,600333,2025-10-17 22:53:03
10:11:08,6.73,0.0,135,90796,买盘,600333,2025-10-17 22:53:03
10:11:11,6.73,0.0,1,673,卖盘,600333,2025-10-17 22:53:03
10:11:14,6.73,0.0,16,10778,卖盘,600333,2025-10-17 22:53:03
10:11:17,6.75,0.02,17,11471,买盘,600333,2025-10-17 22:53:03
10:11:23,6.76,0.01,2,1351,买盘,600333,2025-10-17 22:53:03
10:11:26,6.76,0.0,114,76982,买盘,600333,2025-10-17 22:53:03
10:11:29,6.76,0.0,7,4732,卖盘,600333,2025-10-17 22:53:03
10:11:32,6.76,0.0,116,78423,卖盘,600333,2025-10-17 22:53:03
10:11:35,6.76,0.0,41,27727,卖盘,600333,2025-10-17 22:53:03
10:11:38,6.75,-0.01,148,99965,卖盘,600333,2025-10-17 22:53:03
10:11:41,6.75,0.0,12,8100,卖盘,600333,2025-10-17 22:53:03
10:11:44,6.76,0.01,63,42576,买盘,600333,2025-10-17 22:53:03
10:11:47,6.75,-0.01,18,12152,卖盘,600333,2025-10-17 22:53:03
10:11:50,6.76,0.01,23,15548,买盘,600333,2025-10-17 22:53:03
10:11:53,6.75,-0.01,99,66825,卖盘,600333,2025-10-17 22:53:03
10:11:56,6.75,0.0,50,33750,卖盘,600333,2025-10-17 22:53:03
10:11:59,6.75,0.0,60,40500,中性盘,600333,2025-10-17 22:53:03
10:12:02,6.75,0.0,8,5400,买盘,600333,2025-10-17 22:53:03
10:12:05,6.75,0.0,72,48599,买盘,600333,2025-10-17 22:53:03
10:12:08,6.74,-0.01,68,45866,卖盘,600333,2025-10-17 22:53:03
10:12:11,6.75,0.01,65,43816,买盘,600333,2025-10-17 22:53:03
10:12:14,6.74,-0.01,185,124725,卖盘,600333,2025-10-17 22:53:03
10:12:17,6.73,-0.01,130,87613,卖盘,600333,2025-10-17 22:53:03
10:12:23,6.74,0.01,15,10110,卖盘,600333,2025-10-17 22:53:03
10:12:26,6.74,0.0,26,17524,买盘,600333,2025-10-17 22:53:03
10:12:29,6.76,0.02,334,225475,买盘,600333,2025-10-17 22:53:03
10:12:32,6.74,-0.02,242,163111,卖盘,600333,2025-10-17 22:53:03
10:12:38,6.74,0.0,15,10110,卖盘,600333,2025-10-17 22:53:03
10:12:41,6.75,0.01,11,7428,卖盘,600333,2025-10-17 22:53:03
10:12:44,6.76,0.01,7,4732,买盘,600333,2025-10-17 22:53:03
10:12:50,6.76,0.0,6,4056,中性盘,600333,2025-10-17 22:53:03
10:12:53,6.75,-0.01,167,112891,卖盘,600333,2025-10-17 22:53:03
10:12:56,6.75,0.0,27,18249,卖盘,600333,2025-10-17 22:53:03
10:12:59,6.77,0.02,165,111405,买盘,600333,2025-10-17 22:53:03
10:13:02,6.75,-0.02,56,37800,卖盘,600333,2025-10-17 22:53:03
10:13:05,6.75,0.0,93,62828,买盘,600333,2025-10-17 22:53:03
10:13:08,6.75,0.0,357,240725,买盘,600333,2025-10-17 22:53:03
10:13:11,6.75,0.0,75,50625,卖盘,600333,2025-10-17 22:53:03
10:13:14,6.74,-0.01,29,19548,卖盘,600333,2025-10-17 22:53:03
10:13:17,6.75,0.01,11,7425,买盘,600333,2025-10-17 22:53:03
10:13:20,6.75,0.0,460,310500,买盘,600333,2025-10-17 22:53:03
10:13:23,6.75,0.0,91,61441,卖盘,600333,2025-10-17 22:53:03
10:13:26,6.75,0.0,1,675,卖盘,600333,2025-10-17 22:53:03
10:13:29,6.76,0.01,201,135695,买盘,600333,2025-10-17 22:53:03
10:13:32,6.76,0.0,178,120161,买盘,600333,2025-10-17 22:53:03
10:13:35,6.75,-0.01,61,41175,卖盘,600333,2025-10-17 22:53:03
10:13:38,6.75,0.0,17,11466,买盘,600333,2025-10-17 22:53:03
10:13:41,6.76,0.01,65,43876,买盘,600333,2025-10-17 22:53:03
10:13:44,6.75,-0.01,586,395022,卖盘,600333,2025-10-17 22:53:03
10:13:47,6.75,0.0,4,2700,卖盘,600333,2025-10-17 22:53:03
10:13:50,6.75,0.0,85,57375,卖盘,600333,2025-10-17 22:53:03
10:13:53,6.75,0.0,10,6756,卖盘,600333,2025-10-17 22:53:03
10:13:56,6.75,0.0,40,27000,卖盘,600333,2025-10-17 22:53:03
10:13:59,6.76,0.01,31,20930,买盘,600333,2025-10-17 22:53:03
10:14:02,6.75,-0.01,15,10125,卖盘,600333,2025-10-17 22:53:03
10:14:05,6.75,0.0,41,27676,卖盘,600333,2025-10-17 22:53:03
10:14:08,6.76,0.01,76,51376,买盘,600333,2025-10-17 22:53:03
10:14:11,6.75,-0.01,207,139725,卖盘,600333,2025-10-17 22:53:03
10:14:14,6.73,-0.02,36,24257,卖盘,600333,2025-10-17 22:53:03
10:14:20,6.76,0.03,36,24326,买盘,600333,2025-10-17 22:53:03
10:14:26,6.76,0.0,513,346779,买盘,600333,2025-10-17 22:53:03
10:14:29,6.76,0.0,9,6084,买盘,600333,2025-10-17 22:53:03
10:14:35,6.76,0.0,49,33124,买盘,600333,2025-10-17 22:53:03
10:14:38,6.75,-0.01,20,13510,卖盘,600333,2025-10-17 22:53:03
10:14:41,6.76,0.01,30,20280,买盘,600333,2025-10-17 22:53:03
10:14:44,6.76,0.0,20,13520,卖盘,600333,2025-10-17 22:53:03
10:14:47,6.78,0.02,163,110414,买盘,600333,2025-10-17 22:53:03
10:14:50,6.77,-0.01,30,20310,卖盘,600333,2025-10-17 22:53:03
10:14:53,6.78,0.01,171,115938,买盘,600333,2025-10-17 22:53:03
10:14:56,6.78,0.0,2,1356,卖盘,600333,2025-10-17 22:53:03
10:14:59,6.79,0.01,208,141232,买盘,600333,2025-10-17 22:53:03
10:15:02,6.79,0.0,107,72653,买盘,600333,2025-10-17 22:53:03
10:15:05,6.79,0.0,324,219996,买盘,600333,2025-10-17 22:53:03
10:15:08,6.79,0.0,28,19012,买盘,600333,2025-10-17 22:53:03
10:15:11,6.79,0.0,19,12900,买盘,600333,2025-10-17 22:53:03
10:15:14,6.8,0.01,31,21069,买盘,600333,2025-10-17 22:53:03
10:15:17,6.8,0.0,51,34680,买盘,600333,2025-10-17 22:53:03
10:15:20,6.8,0.0,68,46240,买盘,600333,2025-10-17 22:53:03
10:15:23,6.8,0.0,21,14280,买盘,600333,2025-10-17 22:53:03
10:15:26,6.8,0.0,162,110160,买盘,600333,2025-10-17 22:53:03
10:15:29,6.8,0.0,71,48280,买盘,600333,2025-10-17 22:53:03
10:15:32,6.8,0.0,95,64600,买盘,600333,2025-10-17 22:53:03
10:15:35,6.8,0.0,30,20376,买盘,600333,2025-10-17 22:53:03
10:15:38,6.8,0.0,22,14960,买盘,600333,2025-10-17 22:53:03
10:15:41,6.79,-0.01,261,177460,卖盘,600333,2025-10-17 22:53:03
10:15:44,6.79,0.0,215,146049,卖盘,600333,2025-10-17 22:53:03
10:15:47,6.79,0.0,353,239790,卖盘,600333,2025-10-17 22:53:03
10:15:50,6.79,0.0,126,85660,卖盘,600333,2025-10-17 22:53:03
10:15:53,6.8,0.01,102,69360,买盘,600333,2025-10-17 22:53:03
10:15:56,6.79,-0.01,1,679,卖盘,600333,2025-10-17 22:53:03
10:15:59,6.79,0.0,329,223392,卖盘,600333,2025-10-17 22:53:03
10:16:02,6.79,0.0,292,198315,卖盘,600333,2025-10-17 22:53:03
10:16:05,6.79,0.0,8,5432,买盘,600333,2025-10-17 22:53:03
10:16:08,6.78,-0.01,85,57670,卖盘,600333,2025-10-17 22:53:03
10:16:11,6.78,0.0,130,88196,卖盘,600333,2025-10-17 22:53:03
10:16:14,6.79,0.01,101,68479,买盘,600333,2025-10-17 22:53:03
10:16:17,6.79,0.0,65,44074,买盘,600333,2025-10-17 22:53:03
10:16:20,6.79,0.0,24,16293,买盘,600333,2025-10-17 22:53:03
10:16:23,6.79,0.0,276,187404,买盘,600333,2025-10-17 22:53:03
10:16:29,6.8,0.01,12,8160,买盘,600333,2025-10-17 22:53:03
10:16:35,6.8,0.0,48,32640,买盘,600333,2025-10-17 22:53:03
10:16:38,6.79,-0.01,24,16301,卖盘,600333,2025-10-17 22:53:03
10:16:41,6.79,0.0,321,218251,卖盘,600333,2025-10-17 22:53:03
10:16:50,6.79,0.0,55,37345,卖盘,600333,2025-10-17 22:53:03
10:16:53,6.79,0.0,150,101956,卖盘,600333,2025-10-17 22:53:03
10:16:56,6.8,0.01,23,15640,买盘,600333,2025-10-17 22:53:03
10:17:02,6.8,0.0,40,27200,买盘,600333,2025-10-17 22:53:03
10:17:05,6.79,-0.01,2,1358,卖盘,600333,2025-10-17 22:53:03
10:17:08,6.8,0.01,10,6800,买盘,600333,2025-10-17 22:53:03
10:17:11,6.8,0.0,84,57100,买盘,600333,2025-10-17 22:53:03
10:17:17,6.79,-0.01,19,12901,卖盘,600333,2025-10-17 22:53:03
10:17:20,6.79,0.0,649,440671,卖盘,600333,2025-10-17 22:53:03
10:17:23,6.8,0.01,2,1358,买盘,600333,2025-10-17 22:53:03
10:17:26,6.8,0.0,66,44880,买盘,600333,2025-10-17 22:53:03
10:17:29,6.79,-0.01,26,17654,中性盘,600333,2025-10-17 22:53:03
10:17:32,6.8,0.01,210,142714,买盘,600333,2025-10-17 22:53:03
10:17:35,6.79,-0.01,49,33271,买盘,600333,2025-10-17 22:53:03
10:17:38,6.79,0.0,355,241132,买盘,600333,2025-10-17 22:53:03
10:17:41,6.79,0.0,94,63826,卖盘,600333,2025-10-17 22:53:03
10:17:44,6.79,0.0,22,14938,中性盘,600333,2025-10-17 22:53:03
10:17:47,6.78,-0.01,207,140405,卖盘,600333,2025-10-17 22:53:03
10:17:53,6.8,0.02,2,1360,买盘,600333,2025-10-17 22:53:03
10:17:56,6.79,-0.01,5,3395,卖盘,600333,2025-10-17 22:53:03
10:17:59,6.8,0.01,2,1360,买盘,600333,2025-10-17 22:53:03
10:18:05,6.79,-0.01,7,4753,卖盘,600333,2025-10-17 22:53:03
10:18:08,6.8,0.01,45,30600,买盘,600333,2025-10-17 22:53:03
10:18:11,6.79,-0.01,100,67946,卖盘,600333,2025-10-17 22:53:03
10:18:14,6.8,0.01,608,413440,买盘,600333,2025-10-17 22:53:03
10:18:17,6.8,0.0,29,19705,买盘,600333,2025-10-17 22:53:03
10:18:20,6.8,0.0,120,81600,买盘,600333,2025-10-17 22:53:03
10:18:23,6.8,0.0,90,61200,买盘,600333,2025-10-17 22:53:03
10:18:26,6.8,0.0,29,19716,买盘,600333,2025-10-17 22:53:03
10:18:29,6.8,0.0,21,14280,买盘,600333,2025-10-17 22:53:03
10:18:32,6.81,0.01,55,37400,买盘,600333,2025-10-17 22:53:03
10:18:35,6.81,0.0,15,10209,买盘,600333,2025-10-17 22:53:03
10:18:38,6.81,0.0,36,24514,买盘,600333,2025-10-17 22:53:03
10:18:41,6.81,0.0,136,92616,买盘,600333,2025-10-17 22:53:03
10:18:44,6.81,0.0,80,54409,买盘,600333,2025-10-17 22:53:03
10:18:47,6.81,0.0,62,42172,买盘,600333,2025-10-17 22:53:03
10:18:50,6.81,0.0,37,25197,买盘,600333,2025-10-17 22:53:03
10:18:56,6.81,0.0,63,42903,买盘,600333,2025-10-17 22:53:03
10:18:59,6.8,-0.01,63,42846,卖盘,600333,2025-10-17 22:53:03
10:19:02,6.81,0.01,85,57830,买盘,600333,2025-10-17 22:53:03
10:19:05,6.81,0.0,27,18353,中性盘,600333,2025-10-17 22:53:03
10:19:08,6.81,0.0,180,122517,买盘,600333,2025-10-17 22:53:03
10:19:11,6.8,-0.01,85,57800,买盘,600333,2025-10-17 22:53:03
10:19:14,6.81,0.01,183,124568,买盘,600333,2025-10-17 22:53:03
10:19:17,6.8,-0.01,78,53040,买盘,600333,2025-10-17 22:53:03
10:19:20,6.8,0.0,15,10200,买盘,600333,2025-10-17 22:53:03
10:19:23,6.8,0.0,34,23120,买盘,600333,2025-10-17 22:53:03
10:19:26,6.79,-0.01,38,25832,卖盘,600333,2025-10-17 22:53:03
10:19:29,6.8,0.01,15,10200,买盘,600333,2025-10-17 22:53:03
10:19:32,6.8,0.0,211,143280,买盘,600333,2025-10-17 22:53:03
10:19:35,6.79,-0.01,143,97200,卖盘,600333,2025-10-17 22:53:03
10:19:38,6.79,0.0,107,72676,卖盘,600333,2025-10-17 22:53:03
10:19:41,6.79,0.0,125,84920,卖盘,600333,2025-10-17 22:53:03
10:19:47,6.8,0.01,23,15632,买盘,600333,2025-10-17 22:53:03
10:19:50,6.79,-0.01,30,20370,卖盘,600333,2025-10-17 22:53:03
10:19:53,6.79,0.0,27,18333,卖盘,600333,2025-10-17 22:53:03
10:20:02,6.78,-0.01,312,211536,卖盘,600333,2025-10-17 22:53:03
10:20:05,6.78,0.0,13,8814,买盘,600333,2025-10-17 22:53:03
10:20:08,6.78,0.0,42,28476,买盘,600333,2025-10-17 22:53:03
10:20:11,6.78,0.0,3,2034,买盘,600333,2025-10-17 22:53:03
10:20:14,6.77,-0.01,18,12186,卖盘,600333,2025-10-17 22:53:03
10:20:17,6.77,0.0,133,90042,卖盘,600333,2025-10-17 22:53:03
10:20:20,6.77,0.0,40,27118,卖盘,600333,2025-10-17 22:53:03
10:20:23,6.77,0.0,177,119740,卖盘,600333,2025-10-17 22:53:03
10:20:26,6.77,0.0,11,7447,买盘,600333,2025-10-17 22:53:03
10:20:29,6.77,0.0,201,135855,买盘,600333,2025-10-17 22:53:03
10:20:32,6.75,-0.02,8,5400,卖盘,600333,2025-10-17 22:53:03
10:20:35,6.77,0.02,4,2708,买盘,600333,2025-10-17 22:53:03
10:20:41,6.77,0.0,2,1354,买盘,600333,2025-10-17 22:53:03
10:20:44,6.77,0.0,20,13540,买盘,600333,2025-10-17 22:53:03
10:20:50,6.76,-0.01,13,8798,卖盘,600333,2025-10-17 22:53:03
10:20:53,6.77,0.01,43,29111,买盘,600333,2025-10-17 22:53:03
10:20:59,6.77,0.0,1,677,卖盘,600333,2025-10-17 22:53:03
10:21:02,6.77,0.0,5,3385,卖盘,600333,2025-10-17 22:53:03
10:21:08,6.77,0.0,20,13540,卖盘,600333,2025-10-17 22:53:03
10:21:11,6.78,0.01,131,88787,买盘,600333,2025-10-17 22:53:03
10:21:17,6.76,-0.02,427,288817,卖盘,600333,2025-10-17 22:53:03
10:21:20,6.76,0.0,13,8788,买盘,600333,2025-10-17 22:53:03
10:21:23,6.78,0.02,10,6780,中性盘,600333,2025-10-17 22:53:03
10:21:29,6.79,0.01,16,10864,买盘,600333,2025-10-17 22:53:03
10:21:38,6.79,0.0,4,2716,买盘,600333,2025-10-17 22:53:03
10:21:41,6.79,0.0,1,679,买盘,600333,2025-10-17 22:53:03
10:21:44,6.78,-0.01,5,3390,卖盘,600333,2025-10-17 22:53:03
10:21:47,6.79,0.01,15,10185,买盘,600333,2025-10-17 22:53:03
10:22:02,6.78,-0.01,31,21018,卖盘,600333,2025-10-17 22:53:03
10:22:05,6.78,0.0,111,75288,卖盘,600333,2025-10-17 22:53:03
10:22:08,6.79,0.01,196,133084,买盘,600333,2025-10-17 22:53:03
10:22:14,6.79,0.0,58,39382,买盘,600333,2025-10-17 22:53:03
10:22:17,6.79,0.0,2,1358,卖盘,600333,2025-10-17 22:53:03
10:22:20,6.79,0.0,45,30555,卖盘,600333,2025-10-17 22:53:03
10:22:23,6.8,0.01,6,4078,买盘,600333,2025-10-17 22:53:03
10:22:26,6.79,-0.01,7,4756,卖盘,600333,2025-10-17 22:53:03
10:22:29,6.8,0.01,21,14280,买盘,600333,2025-10-17 22:53:03
10:22:32,6.8,0.0,117,79560,买盘,600333,2025-10-17 22:53:03
10:22:35,6.8,0.0,388,263840,买盘,600333,2025-10-17 22:53:03
10:22:38,6.81,0.01,1,681,买盘,600333,2025-10-17 22:53:03
10:22:41,6.81,0.0,28,19068,买盘,600333,2025-10-17 22:53:03
10:22:44,6.81,0.0,42,28602,买盘,600333,2025-10-17 22:53:03
10:22:47,6.81,0.0,39,26559,买盘,600333,2025-10-17 22:53:03
10:22:50,6.81,0.0,182,123941,买盘,600333,2025-10-17 22:53:03
10:22:53,6.81,0.0,12,8172,买盘,600333,2025-10-17 22:53:03
10:22:56,6.81,0.0,87,59247,买盘,600333,2025-10-17 22:53:03
10:22:59,6.81,0.0,195,132795,买盘,600333,2025-10-17 22:53:03
10:23:02,6.82,0.01,242,164803,买盘,600333,2025-10-17 22:53:03
10:23:05,6.81,-0.01,17,11577,卖盘,600333,2025-10-17 22:53:03
10:23:11,6.82,0.01,11,7502,买盘,600333,2025-10-17 22:53:03
10:23:20,6.82,0.0,23,15686,买盘,600333,2025-10-17 22:53:03
10:23:23,6.82,0.0,82,55924,买盘,600333,2025-10-17 22:53:03
10:23:26,6.82,0.0,69,47054,买盘,600333,2025-10-17 22:53:03
10:23:29,6.82,0.0,4,2728,买盘,600333,2025-10-17 22:53:03
10:23:32,6.81,-0.01,336,229000,卖盘,600333,2025-10-17 22:53:03
10:23:35,6.8,-0.01,317,216115,卖盘,600333,2025-10-17 22:53:03
10:23:38,6.81,0.01,46,31300,中性盘,600333,2025-10-17 22:53:03
10:23:41,6.81,0.0,4,2724,买盘,600333,2025-10-17 22:53:03
10:23:44,6.81,0.0,48,32650,中性盘,600333,2025-10-17 22:53:03
10:23:47,6.81,0.0,50,34049,卖盘,600333,2025-10-17 22:53:03
10:23:50,6.81,0.0,49,33369,卖盘,600333,2025-10-17 22:53:03
10:23:53,6.81,0.0,22,14982,卖盘,600333,2025-10-17 22:53:03
10:23:56,6.81,0.0,80,54490,卖盘,600333,2025-10-17 22:53:03
10:23:59,6.81,0.0,2,1362,买盘,600333,2025-10-17 22:53:03
10:24:02,6.81,0.0,3,2043,买盘,600333,2025-10-17 22:53:03
10:24:05,6.8,-0.01,15,10210,卖盘,600333,2025-10-17 22:53:03
10:24:11,6.81,0.01,20,13620,买盘,600333,2025-10-17 22:53:03
10:24:14,6.8,-0.01,31,21080,卖盘,600333,2025-10-17 22:53:03
10:24:17,6.8,0.0,22,14960,卖盘,600333,2025-10-17 22:53:03
10:24:23,6.8,0.0,4,2721,卖盘,600333,2025-10-17 22:53:03
10:24:26,6.8,0.0,26,17683,卖盘,600333,2025-10-17 22:53:03
10:24:29,6.81,0.01,5,3405,买盘,600333,2025-10-17 22:53:03
10:24:32,6.8,-0.01,3,2040,卖盘,600333,2025-10-17 22:53:03
10:24:35,6.81,0.01,1,681,买盘,600333,2025-10-17 22:53:03
10:24:38,6.8,-0.01,57,38760,卖盘,600333,2025-10-17 22:53:03
10:24:41,6.81,0.01,278,189318,买盘,600333,2025-10-17 22:53:03
10:24:47,6.81,0.0,130,88500,买盘,600333,2025-10-17 22:53:03
10:24:53,6.81,0.0,227,154544,买盘,600333,2025-10-17 22:53:03
10:24:59,6.81,0.0,50,34050,买盘,600333,2025-10-17 22:53:03
10:25:02,6.81,0.0,36,24516,买盘,600333,2025-10-17 22:53:03
10:25:05,6.81,0.0,16,10896,买盘,600333,2025-10-17 22:53:03
10:25:08,6.8,-0.01,182,123760,卖盘,600333,2025-10-17 22:53:03
10:25:14,6.8,0.0,146,99280,卖盘,600333,2025-10-17 22:53:03
10:25:17,6.8,0.0,5,3400,卖盘,600333,2025-10-17 22:53:03
10:25:20,6.81,0.01,6,4086,买盘,600333,2025-10-17 22:53:03
10:25:23,6.8,-0.01,216,146880,卖盘,600333,2025-10-17 22:53:03
10:25:32,6.8,0.0,11,7480,买盘,600333,2025-10-17 22:53:03
10:25:35,6.79,-0.01,27,18337,卖盘,600333,2025-10-17 22:53:03
10:25:38,6.79,0.0,34,23099,卖盘,600333,2025-10-17 22:53:03
10:25:41,6.79,0.0,47,31918,卖盘,600333,2025-10-17 22:53:03
10:25:44,6.79,0.0,17,11543,卖盘,600333,2025-10-17 22:53:03
10:25:47,6.8,0.01,90,61190,买盘,600333,2025-10-17 22:53:03
10:25:50,6.8,0.0,41,27880,买盘,600333,2025-10-17 22:53:03
10:25:53,6.8,0.0,19,12905,买盘,600333,2025-10-17 22:53:03
10:25:56,6.8,0.0,67,45545,买盘,600333,2025-10-17 22:53:03
10:25:59,6.79,-0.01,14,9506,卖盘,600333,2025-10-17 22:53:03
10:26:08,6.8,0.01,12,8160,买盘,600333,2025-10-17 22:53:03
10:26:14,6.8,0.0,22,14960,买盘,600333,2025-10-17 22:53:03
10:26:17,6.79,-0.01,2,1358,卖盘,600333,2025-10-17 22:53:03
10:26:20,6.79,0.0,1,679,卖盘,600333,2025-10-17 22:53:03
10:26:23,6.8,0.01,188,127840,买盘,600333,2025-10-17 22:53:03
10:26:26,6.8,0.0,126,85580,买盘,600333,2025-10-17 22:53:03
10:26:29,6.8,0.0,10,6800,买盘,600333,2025-10-17 22:53:03
10:26:32,6.79,-0.01,93,63147,卖盘,600333,2025-10-17 22:53:03
10:26:38,6.8,0.01,28,19033,买盘,600333,2025-10-17 22:53:03
10:26:50,6.8,0.0,55,37400,买盘,600333,2025-10-17 22:53:03
10:26:53,6.79,-0.01,94,63826,卖盘,600333,2025-10-17 22:53:03
10:26:56,6.79,0.0,89,60517,卖盘,600333,2025-10-17 22:53:03
10:27:02,6.8,0.01,58,39440,买盘,600333,2025-10-17 22:53:03
10:27:05,6.8,0.0,4,2720,买盘,600333,2025-10-17 22:53:03
10:27:08,6.8,0.0,8,5437,买盘,600333,2025-10-17 22:53:03
10:27:14,6.8,0.0,15,10200,买盘,600333,2025-10-17 22:53:03
10:27:20,6.8,0.0,96,65280,买盘,600333,2025-10-17 22:53:03
10:27:23,6.8,0.0,25,17000,买盘,600333,2025-10-17 22:53:03
10:27:26,6.79,-0.01,11,7475,卖盘,600333,2025-10-17 22:53:03
10:27:29,6.79,0.0,10,6790,卖盘,600333,2025-10-17 22:53:03
10:27:32,6.8,0.01,37,25160,买盘,600333,2025-10-17 22:53:03
10:27:35,6.81,0.01,22,14956,买盘,600333,2025-10-17 22:53:03
10:27:38,6.8,-0.01,20,13600,中性盘,600333,2025-10-17 22:53:03
10:27:41,6.8,0.0,30,20400,买盘,600333,2025-10-17 22:53:03
10:27:44,6.8,0.0,40,27200,买盘,600333,2025-10-17 22:53:03
10:27:50,6.8,0.0,8,5440,买盘,600333,2025-10-17 22:53:03
10:27:53,6.8,0.0,446,303280,买盘,600333,2025-10-17 22:53:03
10:27:56,6.79,-0.01,12,8154,卖盘,600333,2025-10-17 22:53:03
10:28:08,6.8,0.01,35,23800,卖盘,600333,2025-10-17 22:53:03
10:28:14,6.8,0.0,57,38788,卖盘,600333,2025-10-17 22:53:03
10:28:17,6.8,0.0,17,11560,卖盘,600333,2025-10-17 22:53:03
10:28:20,6.8,0.0,37,25160,卖盘,600333,2025-10-17 22:53:03
10:28:23,6.79,-0.01,30,20395,卖盘,600333,2025-10-17 22:53:03
10:28:26,6.8,0.01,62,42191,买盘,600333,2025-10-17 22:53:03
10:28:29,6.8,0.0,270,183419,卖盘,600333,2025-10-17 22:53:03
10:28:32,6.8,0.0,30,20400,买盘,600333,2025-10-17 22:53:03
10:28:35,6.8,0.0,307,208458,买盘,600333,2025-10-17 22:53:03
10:28:38,6.8,0.0,76,51680,买盘,600333,2025-10-17 22:53:03
10:28:41,6.8,0.0,13,8834,买盘,600333,2025-10-17 22:53:03
10:28:44,6.8,0.0,50,34000,买盘,600333,2025-10-17 22:53:03
10:28:47,6.8,0.0,242,164560,买盘,600333,2025-10-17 22:53:03
10:28:56,6.8,0.0,45,30575,买盘,600333,2025-10-17 22:53:03
10:29:02,6.8,0.0,162,110160,买盘,600333,2025-10-17 22:53:03
10:29:05,6.81,0.01,90,61221,买盘,600333,2025-10-17 22:53:03
10:29:08,6.8,-0.01,10,6800,买盘,600333,2025-10-17 22:53:03
10:29:11,6.8,0.0,16,10880,卖盘,600333,2025-10-17 22:53:03
10:29:14,6.81,0.01,4,2724,买盘,600333,2025-10-17 22:53:03
10:29:17,6.81,0.0,12,8172,买盘,600333,2025-10-17 22:53:03
10:29:20,6.81,0.0,1,681,买盘,600333,2025-10-17 22:53:03
10:29:23,6.8,-0.01,137,93160,卖盘,600333,2025-10-17 22:53:03
10:29:29,6.81,0.01,11,7491,买盘,600333,2025-10-17 22:53:03
10:29:32,6.8,-0.01,92,62560,卖盘,600333,2025-10-17 22:53:03
10:29:35,6.8,0.0,35,23800,买盘,600333,2025-10-17 22:53:03
10:29:44,6.8,0.0,11,7480,买盘,600333,2025-10-17 22:53:03
10:29:50,6.8,0.0,123,83640,买盘,600333,2025-10-17 22:53:03
10:29:53,6.8,0.0,50,34000,买盘,600333,2025-10-17 22:53:03
10:29:56,6.8,0.0,27,18353,买盘,600333,2025-10-17 22:53:03
10:29:59,6.8,0.0,4,2720,买盘,600333,2025-10-17 22:53:03
10:30:02,6.8,0.0,3,2040,买盘,600333,2025-10-17 22:53:03
10:30:05,6.8,0.0,2,1360,买盘,600333,2025-10-17 22:53:03
10:30:08,6.8,0.0,53,36040,买盘,600333,2025-10-17 22:53:03
10:30:11,6.8,0.0,72,48960,买盘,600333,2025-10-17 22:53:03
10:30:17,6.81,0.01,47,31999,买盘,600333,2025-10-17 22:53:03
10:30:23,6.8,-0.01,100,68045,卖盘,600333,2025-10-17 22:53:03
10:30:26,6.8,0.0,34,23120,买盘,600333,2025-10-17 22:53:03
10:30:29,6.8,0.0,14,9520,买盘,600333,2025-10-17 22:53:03
10:30:32,6.8,0.0,64,43520,买盘,600333,2025-10-17 22:53:03
10:30:35,6.81,0.01,205,139605,买盘,600333,2025-10-17 22:53:03
10:30:38,6.81,0.0,4,2722,买盘,600333,2025-10-17 22:53:03
10:30:44,6.8,-0.01,18,12253,卖盘,600333,2025-10-17 22:53:03
10:30:56,6.81,0.01,249,169569,买盘,600333,2025-10-17 22:53:03
10:31:02,6.81,0.0,5,3405,卖盘,600333,2025-10-17 22:53:03
10:31:05,6.82,0.01,201,137082,买盘,600333,2025-10-17 22:53:03
10:31:08,6.83,0.01,22,15006,买盘,600333,2025-10-17 22:53:03
10:31:11,6.82,-0.01,13,8866,卖盘,600333,2025-10-17 22:53:03
10:31:14,6.83,0.01,32,21830,买盘,600333,2025-10-17 22:53:03
10:31:17,6.83,0.0,3,2049,买盘,600333,2025-10-17 22:53:03
10:31:20,6.83,0.0,87,59421,买盘,600333,2025-10-17 22:53:03
10:31:23,6.83,0.0,97,66235,买盘,600333,2025-10-17 22:53:03
10:31:26,6.82,-0.01,106,72391,卖盘,600333,2025-10-17 22:53:03
10:31:29,6.82,0.0,144,98208,买盘,600333,2025-10-17 22:53:03
10:31:32,6.82,0.0,50,34100,买盘,600333,2025-10-17 22:53:03
10:31:35,6.82,0.0,14,9551,卖盘,600333,2025-10-17 22:53:03
10:31:41,6.83,0.01,78,53274,买盘,600333,2025-10-17 22:53:03
10:31:44,6.83,0.0,97,66251,买盘,600333,2025-10-17 22:53:03
10:31:47,6.83,0.0,170,116110,卖盘,600333,2025-10-17 22:53:03
10:31:50,6.83,0.0,10,6830,卖盘,600333,2025-10-17 22:53:03
10:31:56,6.84,0.01,17,11618,买盘,600333,2025-10-17 22:53:03
10:31:59,6.84,0.0,108,73798,买盘,600333,2025-10-17 22:53:03
10:32:02,6.83,-0.01,20,13678,卖盘,600333,2025-10-17 22:53:03
10:32:05,6.83,0.0,547,373661,卖盘,600333,2025-10-17 22:53:03
10:32:08,6.84,0.01,21,14349,买盘,600333,2025-10-17 22:53:03
10:32:11,6.83,-0.01,15,10259,中性盘,600333,2025-10-17 22:53:03
10:32:14,6.84,0.01,137,93638,买盘,600333,2025-10-17 22:53:03
10:32:17,6.83,-0.01,54,36882,卖盘,600333,2025-10-17 22:53:03
10:32:20,6.83,0.0,52,35518,卖盘,600333,2025-10-17 22:53:03
10:32:23,6.84,0.01,23,15723,买盘,600333,2025-10-17 22:53:03
10:32:26,6.83,-0.01,41,28004,卖盘,600333,2025-10-17 22:53:03
10:32:29,6.84,0.01,5,3420,买盘,600333,2025-10-17 22:53:03
10:32:35,6.83,-0.01,2,1366,卖盘,600333,2025-10-17 22:53:03
10:32:38,6.84,0.01,6,4104,买盘,600333,2025-10-17 22:53:03
10:32:44,6.84,0.0,94,64296,买盘,600333,2025-10-17 22:53:03
10:32:47,6.84,0.0,386,263900,买盘,600333,2025-10-17 22:53:03
10:32:50,6.83,-0.01,112,76596,卖盘,600333,2025-10-17 22:53:03
10:32:53,6.83,0.0,81,55323,买盘,600333,2025-10-17 22:53:03
10:32:56,6.83,0.0,259,176738,买盘,600333,2025-10-17 22:53:03
10:32:59,6.83,0.0,23,15709,卖盘,600333,2025-10-17 22:53:03
10:33:02,6.84,0.01,94,64207,买盘,600333,2025-10-17 22:53:03
10:33:05,6.83,-0.01,156,106548,卖盘,600333,2025-10-17 22:53:03
10:33:08,6.83,0.0,5,3415,买盘,600333,2025-10-17 22:53:03
10:33:11,6.84,0.01,73,49897,买盘,600333,2025-10-17 22:53:03
10:33:14,6.83,-0.01,18,12300,卖盘,600333,2025-10-17 22:53:03
10:33:20,6.84,0.01,20,13680,买盘,600333,2025-10-17 22:53:03
10:33:23,6.84,0.0,34,23251,买盘,600333,2025-10-17 22:53:03
10:33:26,6.83,-0.01,15,10245,卖盘,600333,2025-10-17 22:53:03
10:33:29,6.84,0.01,33,22572,买盘,600333,2025-10-17 22:53:03
10:33:32,6.83,-0.01,38,25954,卖盘,600333,2025-10-17 22:53:03
10:33:35,6.83,0.0,124,84692,卖盘,600333,2025-10-17 22:53:03
10:33:38,6.83,0.0,61,41663,卖盘,600333,2025-10-17 22:53:03
10:33:41,6.82,-0.01,195,133173,卖盘,600333,2025-10-17 22:53:03
10:33:44,6.83,0.01,20,13660,中性盘,600333,2025-10-17 22:53:03
10:33:47,6.83,0.0,129,88032,卖盘,600333,2025-10-17 22:53:03
10:33:50,6.83,0.0,43,29369,中性盘,600333,2025-10-17 22:53:03
10:33:59,6.83,0.0,73,49859,买盘,600333,2025-10-17 22:53:03
10:34:02,6.83,0.0,5,3415,买盘,600333,2025-10-17 22:53:03
10:34:05,6.83,0.0,12,8196,买盘,600333,2025-10-17 22:53:03
10:34:11,6.83,0.0,20,13655,买盘,600333,2025-10-17 22:53:03
10:34:20,6.83,0.0,7,4781,买盘,600333,2025-10-17 22:53:03
10:34:23,6.83,0.0,15,10245,买盘,600333,2025-10-17 22:53:03
10:34:32,6.82,-0.01,12,8184,卖盘,600333,2025-10-17 22:53:03
10:34:41,6.83,0.01,34,23219,买盘,600333,2025-10-17 22:53:03
10:34:44,6.82,-0.01,60,40924,卖盘,600333,2025-10-17 22:53:03
10:34:47,6.82,0.0,34,23192,卖盘,600333,2025-10-17 22:53:03
10:34:50,6.82,0.0,300,204600,卖盘,600333,2025-10-17 22:53:03
10:34:53,6.82,0.0,68,46376,买盘,600333,2025-10-17 22:53:03
10:34:59,6.82,0.0,79,53844,买盘,600333,2025-10-17 22:53:03
10:35:17,6.82,0.0,2,1363,买盘,600333,2025-10-17 22:53:03
10:35:23,6.81,-0.01,5,3405,卖盘,600333,2025-10-17 22:53:03
10:35:26,6.81,0.0,264,179884,卖盘,600333,2025-10-17 22:53:03
10:35:29,6.82,0.01,10,6820,买盘,600333,2025-10-17 22:53:03
10:35:35,6.82,0.0,3,2046,买盘,600333,2025-10-17 22:53:03
10:35:38,6.81,-0.01,78,53118,卖盘,600333,2025-10-17 22:53:03
10:35:41,6.81,0.0,260,177310,卖盘,600333,2025-10-17 22:53:03
10:35:44,6.82,0.01,36,24524,买盘,600333,2025-10-17 22:53:03
10:35:47,6.81,-0.01,30,20430,卖盘,600333,2025-10-17 22:53:03
10:35:50,6.81,0.0,175,119175,卖盘,600333,2025-10-17 22:53:03
10:35:53,6.81,0.0,56,38136,卖盘,600333,2025-10-17 22:53:03
10:35:56,6.81,0.0,11,7491,卖盘,600333,2025-10-17 22:53:03
10:36:08,6.81,0.0,41,27921,卖盘,600333,2025-10-17 22:53:03
10:36:14,6.8,-0.01,27,18360,卖盘,600333,2025-10-17 22:53:03
10:36:17,6.8,0.0,7,4760,卖盘,600333,2025-10-17 22:53:03
10:36:20,6.8,0.0,34,23120,卖盘,600333,2025-10-17 22:53:03
10:36:23,6.8,0.0,2,1360,卖盘,600333,2025-10-17 22:53:03
10:36:32,6.8,0.0,8,5440,卖盘,600333,2025-10-17 22:53:03
10:36:35,6.81,0.01,18,12241,买盘,600333,2025-10-17 22:53:03
10:36:38,6.8,-0.01,3,2040,卖盘,600333,2025-10-17 22:53:03
10:36:41,6.8,0.0,7,4760,卖盘,600333,2025-10-17 22:53:03
10:36:44,6.8,0.0,4,2720,卖盘,600333,2025-10-17 22:53:03
10:36:47,6.8,0.0,52,35364,卖盘,600333,2025-10-17 22:53:03
10:36:53,6.8,0.0,465,316200,卖盘,600333,2025-10-17 22:53:03
10:36:56,6.81,0.01,3,2043,买盘,600333,2025-10-17 22:53:03
10:36:59,6.79,-0.02,25,16985,卖盘,600333,2025-10-17 22:53:03
10:37:05,6.8,0.01,9,6120,卖盘,600333,2025-10-17 22:53:03
10:37:08,6.81,0.01,1,681,买盘,600333,2025-10-17 22:53:03
10:37:11,6.8,-0.01,64,43523,卖盘,600333,2025-10-17 22:53:03
10:37:14,6.8,0.0,20,13600,买盘,600333,2025-10-17 22:53:03
10:37:17,6.8,0.0,1,680,买盘,600333,2025-10-17 22:53:03
10:37:20,6.8,0.0,25,17000,买盘,600333,2025-10-17 22:53:03
10:37:26,6.8,0.0,252,171360,买盘,600333,2025-10-17 22:53:03
10:37:29,6.8,0.0,23,15640,买盘,600333,2025-10-17 22:53:03
10:37:32,6.8,0.0,37,25160,买盘,600333,2025-10-17 22:53:03
10:37:38,6.8,0.0,20,13600,买盘,600333,2025-10-17 22:53:03
10:37:47,6.8,0.0,7,4759,买盘,600333,2025-10-17 22:53:03
10:37:53,6.8,0.0,62,42146,买盘,600333,2025-10-17 22:53:03
10:37:59,6.81,0.01,183,124535,买盘,600333,2025-10-17 22:53:03
10:38:08,6.8,-0.01,1,680,买盘,600333,2025-10-17 22:53:03
10:38:11,6.8,0.0,79,53645,买盘,600333,2025-10-17 22:53:03
10:38:17,6.8,0.0,34,23120,卖盘,600333,2025-10-17 22:53:03
10:38:23,6.8,0.0,3,2040,买盘,600333,2025-10-17 22:53:03
10:38:26,6.79,-0.01,67,45523,卖盘,600333,2025-10-17 22:53:03
10:38:32,6.8,0.01,23,15640,买盘,600333,2025-10-17 22:53:03
10:38:35,6.8,0.0,10,6800,买盘,600333,2025-10-17 22:53:03
10:38:38,6.8,0.0,192,130399,买盘,600333,2025-10-17 22:53:03
10:38:41,6.8,0.0,19,12916,买盘,600333,2025-10-17 22:53:03
10:38:56,6.79,-0.01,5,3395,卖盘,600333,2025-10-17 22:53:03
10:39:02,6.79,0.0,405,274995,卖盘,600333,2025-10-17 22:53:03
10:39:05,6.79,0.0,10,6790,卖盘,600333,2025-10-17 22:53:03
10:39:08,6.79,0.0,11,7469,卖盘,600333,2025-10-17 22:53:03
10:39:14,6.79,0.0,44,29876,卖盘,600333,2025-10-17 22:53:03
10:39:23,6.79,0.0,10,6790,卖盘,600333,2025-10-17 22:53:03
10:39:26,6.8,0.01,8,5440,买盘,600333,2025-10-17 22:53:03
10:39:29,6.79,-0.01,7,4753,卖盘,600333,2025-10-17 22:53:03
10:39:32,6.8,0.01,8,5440,买盘,600333,2025-10-17 22:53:03
10:39:47,6.8,0.0,20,13600,买盘,600333,2025-10-17 22:53:03
10:39:56,6.8,0.0,8,5440,买盘,600333,2025-10-17 22:53:03
10:39:59,6.8,0.0,52,35340,买盘,600333,2025-10-17 22:53:03
10:40:02,6.8,0.0,100,68000,买盘,600333,2025-10-17 22:53:03
10:40:08,6.8,0.0,30,20400,买盘,600333,2025-10-17 22:53:03
10:40:11,6.8,0.0,27,18360,买盘,600333,2025-10-17 22:53:03
10:40:17,6.79,-0.01,22,14938,卖盘,600333,2025-10-17 22:53:03
10:40:20,6.79,0.0,1,679,卖盘,600333,2025-10-17 22:53:03
10:40:29,6.8,0.01,176,119680,买盘,600333,2025-10-17 22:53:03
10:40:32,6.79,-0.01,17,11543,卖盘,600333,2025-10-17 22:53:03
10:40:35,6.8,0.01,6,4080,买盘,600333,2025-10-17 22:53:03
10:40:38,6.79,-0.01,3,2037,卖盘,600333,2025-10-17 22:53:03
10:40:41,6.8,0.01,15,10200,买盘,600333,2025-10-17 22:53:03
10:40:47,6.8,0.0,13,8840,买盘,600333,2025-10-17 22:53:03
10:40:50,6.8,0.0,54,36717,买盘,600333,2025-10-17 22:53:03
10:40:53,6.8,0.0,231,157080,买盘,600333,2025-10-17 22:53:03
10:40:56,6.8,0.0,147,99960,买盘,600333,2025-10-17 22:53:03
10:41:05,6.8,0.0,88,59840,卖盘,600333,2025-10-17 22:53:03
10:41:14,6.8,0.0,95,64600,买盘,600333,2025-10-17 22:53:03
10:41:17,6.79,-0.01,27,18356,卖盘,600333,2025-10-17 22:53:03
10:41:20,6.8,0.01,5,3400,买盘,600333,2025-10-17 22:53:03
10:41:29,6.8,0.0,81,55079,买盘,600333,2025-10-17 22:53:03
10:41:56,6.8,0.0,1,680,买盘,600333,2025-10-17 22:53:03
10:42:02,6.79,-0.01,28,19031,卖盘,600333,2025-10-17 22:53:03
10:42:05,6.8,0.01,7,4760,买盘,600333,2025-10-17 22:53:03
10:42:08,6.79,-0.01,52,35308,卖盘,600333,2025-10-17 22:53:03
10:42:14,6.8,0.01,34,23120,买盘,600333,2025-10-17 22:53:03
10:42:17,6.79,-0.01,147,99880,卖盘,600333,2025-10-17 22:53:03
10:42:20,6.8,0.01,13,8840,买盘,600333,2025-10-17 22:53:03
10:42:26,6.79,-0.01,18,12222,卖盘,600333,2025-10-17 22:53:03
10:42:32,6.8,0.01,1,680,买盘,600333,2025-10-17 22:53:03
10:42:38,6.79,-0.01,50,33950,卖盘,600333,2025-10-17 22:53:03
10:42:41,6.79,0.0,65,44135,卖盘,600333,2025-10-17 22:53:03
10:42:44,6.8,0.01,34,23120,买盘,600333,2025-10-17 22:53:03
10:42:47,6.79,-0.01,3,2037,卖盘,600333,2025-10-17 22:53:03
10:43:02,6.79,0.0,2,1358,卖盘,600333,2025-10-17 22:53:03
10:43:05,6.79,0.0,14,9506,卖盘,600333,2025-10-17 22:53:03
10:43:08,6.8,0.01,8,5440,买盘,600333,2025-10-17 22:53:03
10:43:11,6.79,-0.01,3,2037,卖盘,600333,2025-10-17 22:53:03
10:43:17,6.79,0.0,71,48209,卖盘,600333,2025-10-17 22:53:03
10:43:26,6.8,0.01,10,6800,买盘,600333,2025-10-17 22:53:03
10:43:32,6.8,0.0,60,40800,买盘,600333,2025-10-17 22:53:03
10:43:35,6.79,-0.01,86,58394,卖盘,600333,2025-10-17 22:53:03
10:43:38,6.8,0.01,222,150950,买盘,600333,2025-10-17 22:53:03
10:43:41,6.8,0.0,54,36716,买盘,600333,2025-10-17 22:53:03
10:43:44,6.8,0.0,13,8838,买盘,600333,2025-10-17 22:53:03
10:43:56,6.8,0.0,106,72080,买盘,600333,2025-10-17 22:53:03
10:43:59,6.8,0.0,11,7480,买盘,600333,2025-10-17 22:53:03
10:44:02,6.8,0.0,38,25840,买盘,600333,2025-10-17 22:53:03
10:44:05,6.79,-0.01,9,6111,卖盘,600333,2025-10-17 22:53:03
10:44:08,6.8,0.01,185,125795,买盘,600333,2025-10-17 22:53:03
10:44:14,6.79,-0.01,4,2716,卖盘,600333,2025-10-17 22:53:03
10:44:17,6.79,0.0,1495,1015105,卖盘,600333,2025-10-17 22:53:03
10:44:20,6.79,0.0,83,56347,卖盘,600333,2025-10-17 22:53:03
10:44:26,6.79,0.0,81,54999,买盘,600333,2025-10-17 22:53:03
10:44:29,6.79,0.0,15,10185,买盘,600333,2025-10-17 22:53:03
10:44:32,6.79,0.0,2,1358,买盘,600333,2025-10-17 22:53:03
10:44:35,6.79,0.0,75,50925,买盘,600333,2025-10-17 22:53:03
10:44:38,6.79,0.0,10,6790,买盘,600333,2025-10-17 22:53:03
10:44:44,6.78,-0.01,7,4746,卖盘,600333,2025-10-17 22:53:03
10:44:47,6.78,0.0,20,13560,卖盘,600333,2025-10-17 22:53:03
10:44:50,6.79,0.01,1,679,买盘,600333,2025-10-17 22:53:03
10:44:53,6.78,-0.01,19,12883,卖盘,600333,2025-10-17 22:53:03
10:44:59,6.78,0.0,31,21020,卖盘,600333,2025-10-17 22:53:03
10:45:02,6.78,0.0,10,6780,卖盘,600333,2025-10-17 22:53:03
10:45:05,6.79,0.01,11,7459,买盘,600333,2025-10-17 22:53:03
10:45:08,6.78,-0.01,25,16950,卖盘,600333,2025-10-17 22:53:03
10:45:11,6.78,0.0,19,12882,卖盘,600333,2025-10-17 22:53:03
10:45:14,6.79,0.01,1,679,买盘,600333,2025-10-17 22:53:03
10:45:17,6.78,-0.01,20,13560,卖盘,600333,2025-10-17 22:53:03
10:45:23,6.79,0.01,1,679,买盘,600333,2025-10-17 22:53:03
10:45:26,6.78,-0.01,40,27120,卖盘,600333,2025-10-17 22:53:03
10:45:29,6.78,0.0,215,145770,卖盘,600333,2025-10-17 22:53:03
10:45:32,6.78,0.0,426,288829,卖盘,600333,2025-10-17 22:53:03
10:45:35,6.78,0.0,1,678,卖盘,600333,2025-10-17 22:53:03
10:45:38,6.78,0.0,39,26442,卖盘,600333,2025-10-17 22:53:03
10:45:41,6.79,0.01,262,177637,买盘,600333,2025-10-17 22:53:03
10:45:44,6.78,-0.01,44,29832,卖盘,600333,2025-10-17 22:53:03
10:45:47,6.78,0.0,15,10170,卖盘,600333,2025-10-17 22:53:03
10:45:50,6.78,0.0,320,216960,卖盘,600333,2025-10-17 22:53:03
10:45:56,6.77,-0.01,8,5416,卖盘,600333,2025-10-17 22:53:03
10:45:59,6.77,0.0,65,44020,卖盘,600333,2025-10-17 22:53:03
10:46:02,6.77,0.0,118,79886,卖盘,600333,2025-10-17 22:53:03
10:46:05,6.78,0.01,93,62990,买盘,600333,2025-10-17 22:53:03
10:46:11,6.78,0.0,1,678,买盘,600333,2025-10-17 22:53:03
10:46:14,6.78,0.0,34,23052,买盘,600333,2025-10-17 22:53:03
10:46:17,6.78,0.0,1,678,买盘,600333,2025-10-17 22:53:03
10:46:23,6.78,0.0,2,1356,买盘,600333,2025-10-17 22:53:03
10:46:32,6.78,0.0,42,28476,买盘,600333,2025-10-17 22:53:03
10:46:41,6.78,0.0,43,29154,买盘,600333,2025-10-17 22:53:03
10:46:47,6.78,0.0,35,23730,买盘,600333,2025-10-17 22:53:03
10:46:50,6.77,-0.01,21,14234,卖盘,600333,2025-10-17 22:53:03
10:46:53,6.78,0.01,2,1356,买盘,600333,2025-10-17 22:53:03
10:46:56,6.78,0.0,2,1356,买盘,600333,2025-10-17 22:53:03
10:47:02,6.78,0.0,11,7458,买盘,600333,2025-10-17 22:53:03
10:47:05,6.78,0.0,17,11526,买盘,600333,2025-10-17 22:53:03
10:47:11,6.78,0.0,22,14907,买盘,600333,2025-10-17 22:53:03
10:47:17,6.77,-0.01,20,13541,卖盘,600333,2025-10-17 22:53:03
10:47:20,6.78,0.01,1,678,买盘,600333,2025-10-17 22:53:03
10:47:29,6.78,0.0,199,134822,买盘,600333,2025-10-17 22:53:03
10:47:38,6.78,0.0,138,93564,卖盘,600333,2025-10-17 22:53:03
10:47:41,6.77,-0.01,20,13540,卖盘,600333,2025-10-17 22:53:03
10:47:44,6.77,0.0,1,677,卖盘,600333,2025-10-17 22:53:03
10:47:50,6.78,0.01,8,5421,买盘,600333,2025-10-17 22:53:03
10:47:53,6.77,-0.01,28,18956,卖盘,600333,2025-10-17 22:53:03
10:47:56,6.77,0.0,42,28434,卖盘,600333,2025-10-17 22:53:03
10:48:02,6.77,0.0,1,677,卖盘,600333,2025-10-17 22:53:03
10:48:05,6.77,0.0,3,2032,卖盘,600333,2025-10-17 22:53:03
10:48:08,6.78,0.01,6,4068,买盘,600333,2025-10-17 22:53:03
10:48:17,6.77,-0.01,3,2031,卖盘,600333,2025-10-17 22:53:03
10:48:20,6.77,0.0,2,1354,卖盘,600333,2025-10-17 22:53:03
10:48:29,6.78,0.01,50,33868,买盘,600333,2025-10-17 22:53:03
10:48:32,6.78,0.0,90,61020,买盘,600333,2025-10-17 22:53:03
10:48:41,6.79,0.01,5,3395,买盘,600333,2025-10-17 22:53:03
10:48:47,6.78,-0.01,3,2034,卖盘,600333,2025-10-17 22:53:03
10:48:50,6.79,0.01,2,1358,买盘,600333,2025-10-17 22:53:03
10:48:53,6.79,0.0,1,679,买盘,600333,2025-10-17 22:53:03
10:49:05,6.79,0.0,42,28518,买盘,600333,2025-10-17 22:53:03
10:49:17,6.79,0.0,3,2037,买盘,600333,2025-10-17 22:53:03
10:49:20,6.79,0.0,42,28507,买盘,600333,2025-10-17 22:53:03
10:49:23,6.79,0.0,42,28518,买盘,600333,2025-10-17 22:53:03
10:49:26,6.79,0.0,162,109993,买盘,600333,2025-10-17 22:53:03
10:49:29,6.8,0.01,33,22417,买盘,600333,2025-10-17 22:53:03
10:49:32,6.79,-0.01,16,10864,卖盘,600333,2025-10-17 22:53:03
10:49:35,6.79,0.0,46,31234,买盘,600333,2025-10-17 22:53:03
10:49:38,6.8,0.01,15,10189,买盘,600333,2025-10-17 22:53:03
10:49:41,6.8,0.0,30,20400,买盘,600333,2025-10-17 22:53:03
10:49:44,6.8,0.0,1,680,买盘,600333,2025-10-17 22:53:03
10:49:47,6.8,0.0,17,11555,买盘,600333,2025-10-17 22:53:03
10:49:50,6.8,0.0,5,3400,买盘,600333,2025-10-17 22:53:03
10:49:53,6.8,0.0,9,6120,买盘,600333,2025-10-17 22:53:03
10:49:56,6.8,0.0,22,14960,买盘,600333,2025-10-17 22:53:03
10:50:02,6.79,-0.01,534,362586,卖盘,600333,2025-10-17 22:53:03
10:50:05,6.79,0.0,44,29876,买盘,600333,2025-10-17 22:53:03
10:50:08,6.79,0.0,9,6111,买盘,600333,2025-10-17 22:53:03
10:50:11,6.79,0.0,81,54999,买盘,600333,2025-10-17 22:53:03
10:50:14,6.79,0.0,4,2716,买盘,600333,2025-10-17 22:53:03
10:50:17,6.79,0.0,22,14938,买盘,600333,2025-10-17 22:53:03
10:50:20,6.79,0.0,29,19691,买盘,600333,2025-10-17 22:53:03
10:50:23,6.79,0.0,1,679,买盘,600333,2025-10-17 22:53:03
10:50:26,6.79,0.0,1,679,买盘,600333,2025-10-17 22:53:03
10:50:29,6.79,0.0,32,21728,买盘,600333,2025-10-17 22:53:03
10:50:32,6.79,0.0,1,679,买盘,600333,2025-10-17 22:53:03
10:50:38,6.79,0.0,10,6790,买盘,600333,2025-10-17 22:53:03
10:50:41,6.78,-0.01,21,14238,卖盘,600333,2025-10-17 22:53:03
10:50:44,6.79,0.01,26,17654,买盘,600333,2025-10-17 22:53:03
10:50:50,6.79,0.0,8,5432,买盘,600333,2025-10-17 22:53:03
10:50:56,6.78,-0.01,20,13560,卖盘,600333,2025-10-17 22:53:03
10:50:59,6.78,0.0,3,2034,卖盘,600333,2025-10-17 22:53:03
10:51:02,6.78,0.0,2,1356,卖盘,600333,2025-10-17 22:53:03
10:51:08,6.78,0.0,2,1356,卖盘,600333,2025-10-17 22:53:03
10:51:14,6.79,0.01,34,23086,买盘,600333,2025-10-17 22:53:03
10:51:17,6.79,0.0,9,6111,买盘,600333,2025-10-17 22:53:03
10:51:23,6.79,0.0,3,2037,买盘,600333,2025-10-17 22:53:03
10:51:26,6.78,-0.01,1,678,卖盘,600333,2025-10-17 22:53:03
10:51:29,6.78,0.0,1,678,卖盘,600333,2025-10-17 22:53:03
10:51:32,6.79,0.01,50,33950,买盘,600333,2025-10-17 22:53:03
10:51:38,6.79,0.0,11,7464,买盘,600333,2025-10-17 22:53:03
10:51:41,6.79,0.0,36,24444,买盘,600333,2025-10-17 22:53:03
10:51:44,6.79,0.0,73,49567,买盘,600333,2025-10-17 22:53:03
10:51:50,6.79,0.0,86,58326,买盘,600333,2025-10-17 22:53:03
10:51:56,6.78,-0.01,674,456972,卖盘,600333,2025-10-17 22:53:03
10:52:02,6.78,0.0,14,9492,卖盘,600333,2025-10-17 22:53:03
10:52:11,6.78,0.0,59,40040,卖盘,600333,2025-10-17 22:53:03
10:52:17,6.79,0.01,158,107282,买盘,600333,2025-10-17 22:53:03
10:52:26,6.79,0.0,20,13580,买盘,600333,2025-10-17 22:53:03
10:52:29,6.79,0.0,2,1358,中性盘,600333,2025-10-17 22:53:03
10:52:32,6.78,-0.01,453,307142,卖盘,600333,2025-10-17 22:53:03
10:52:38,6.78,0.0,15,10170,买盘,600333,2025-10-17 22:53:03
10:52:44,6.78,0.0,160,108475,买盘,600333,2025-10-17 22:53:03
10:52:53,6.78,0.0,50,33900,买盘,600333,2025-10-17 22:53:03
10:52:56,6.77,-0.01,5,3386,卖盘,600333,2025-10-17 22:53:03
10:52:59,6.78,0.01,151,102378,买盘,600333,2025-10-17 22:53:03
10:53:08,6.77,-0.01,17,11509,卖盘,600333,2025-10-17 22:53:03
10:53:11,6.78,0.01,1,678,买盘,600333,2025-10-17 22:53:03
10:53:14,6.77,-0.01,77,52192,卖盘,600333,2025-10-17 22:53:03
10:53:20,6.78,0.01,15,10170,买盘,600333,2025-10-17 22:53:03
10:53:23,6.78,0.0,2,1356,买盘,600333,2025-10-17 22:53:03
10:53:26,6.77,-0.01,20,13544,卖盘,600333,2025-10-17 22:53:03
10:53:29,6.78,0.01,84,56932,买盘,600333,2025-10-17 22:53:03
10:53:35,6.79,0.01,7,4753,买盘,600333,2025-10-17 22:53:03
10:53:41,6.79,0.0,411,279069,买盘,600333,2025-10-17 22:53:03
10:53:44,6.79,0.0,2,1359,卖盘,600333,2025-10-17 22:53:03
10:53:53,6.8,0.01,398,270640,买盘,600333,2025-10-17 22:53:03
10:53:59,6.79,-0.01,71,48283,卖盘,600333,2025-10-17 22:53:03
10:54:02,6.79,0.0,1,679,买盘,600333,2025-10-17 22:53:03
10:54:05,6.8,0.01,36,24464,买盘,600333,2025-10-17 22:53:03
10:54:08,6.8,0.0,2,1360,买盘,600333,2025-10-17 22:53:03
10:54:17,6.8,0.0,255,173354,买盘,600333,2025-10-17 22:53:03
10:54:26,6.8,0.0,22,14960,卖盘,600333,2025-10-17 22:53:03
10:54:29,6.81,0.01,300,204300,买盘,600333,2025-10-17 22:53:03
10:54:32,6.81,0.0,206,140286,卖盘,600333,2025-10-17 22:53:03
10:54:35,6.81,0.0,32,21792,卖盘,600333,2025-10-17 22:53:03
10:54:41,6.82,0.01,256,174592,买盘,600333,2025-10-17 22:53:03
10:54:44,6.83,0.01,11,7513,买盘,600333,2025-10-17 22:53:03
10:54:47,6.82,-0.01,34,23188,卖盘,600333,2025-10-17 22:53:03
10:54:50,6.83,0.01,2,1366,买盘,600333,2025-10-17 22:53:03
10:54:53,6.83,0.0,607,414581,买盘,600333,2025-10-17 22:53:03
10:54:59,6.83,0.0,144,98352,卖盘,600333,2025-10-17 22:53:03
10:55:02,6.84,0.01,26,17779,买盘,600333,2025-10-17 22:53:03
10:55:05,6.84,0.0,767,524625,买盘,600333,2025-10-17 22:53:03
10:55:08,6.84,0.0,51,34884,买盘,600333,2025-10-17 22:53:03
10:55:11,6.84,0.0,145,99180,买盘,600333,2025-10-17 22:53:03
10:55:14,6.83,-0.01,58,39614,卖盘,600333,2025-10-17 22:53:03
10:55:17,6.84,0.01,251,171790,买盘,600333,2025-10-17 22:53:03
10:55:20,6.84,0.0,51,34884,卖盘,600333,2025-10-17 22:53:03
10:55:23,6.85,0.01,97,66435,买盘,600333,2025-10-17 22:53:03
10:55:26,6.84,-0.01,24,16426,卖盘,600333,2025-10-17 22:53:03
10:55:29,6.84,0.0,827,566480,卖盘,600333,2025-10-17 22:53:03
10:55:32,6.87,0.03,1933,1326054,买盘,600333,2025-10-17 22:53:03
10:55:35,6.87,0.0,273,187580,卖盘,600333,2025-10-17 22:53:03
10:55:38,6.88,0.01,151,103884,买盘,600333,2025-10-17 22:53:03
10:55:41,6.88,0.0,852,586176,买盘,600333,2025-10-17 22:53:03
10:55:44,6.88,0.0,7,4816,买盘,600333,2025-10-17 22:53:03
10:55:47,6.88,0.0,48,33024,买盘,600333,2025-10-17 22:53:03
10:55:50,6.88,0.0,312,214600,买盘,600333,2025-10-17 22:53:03
10:55:53,6.88,0.0,336,231144,买盘,600333,2025-10-17 22:53:03
10:55:56,6.88,0.0,86,59168,卖盘,600333,2025-10-17 22:53:03
10:55:59,6.89,0.01,177,121712,买盘,600333,2025-10-17 22:53:03
10:56:02,6.88,-0.01,581,399746,卖盘,600333,2025-10-17 22:53:03
10:56:05,6.88,0.0,71,48817,买盘,600333,2025-10-17 22:53:03
10:56:08,6.87,-0.01,417,286522,卖盘,600333,2025-10-17 22:53:03
10:56:11,6.87,0.0,432,296848,卖盘,600333,2025-10-17 22:53:03
10:56:14,6.87,0.0,216,148459,卖盘,600333,2025-10-17 22:53:03
10:56:17,6.87,0.0,536,368306,卖盘,600333,2025-10-17 22:53:03
10:56:20,6.87,0.0,739,507739,卖盘,600333,2025-10-17 22:53:03
10:56:23,6.86,-0.01,80,54959,卖盘,600333,2025-10-17 22:53:03
10:56:26,6.87,0.01,108,74194,买盘,600333,2025-10-17 22:53:03
10:56:29,6.85,-0.02,21,14385,卖盘,600333,2025-10-17 22:53:03
10:56:32,6.86,0.01,25,17137,买盘,600333,2025-10-17 22:53:03
10:56:35,6.87,0.01,161,110534,买盘,600333,2025-10-17 22:53:03
10:56:38,6.85,-0.02,178,122091,卖盘,600333,2025-10-17 22:53:03
10:56:41,6.86,0.01,11,7546,卖盘,600333,2025-10-17 22:53:03
10:56:44,6.86,0.0,69,47315,买盘,600333,2025-10-17 22:53:03
10:56:50,6.85,-0.01,50,34269,卖盘,600333,2025-10-17 22:53:03
10:56:53,6.86,0.01,121,82898,买盘,600333,2025-10-17 22:53:03
10:56:56,6.86,0.0,70,47977,买盘,600333,2025-10-17 22:53:03
10:56:59,6.85,-0.01,27,18495,卖盘,600333,2025-10-17 22:53:03
10:57:02,6.85,0.0,21,14365,买盘,600333,2025-10-17 22:53:03
10:57:05,6.85,0.0,62,42470,买盘,600333,2025-10-17 22:53:03
10:57:11,6.84,-0.01,13,8896,卖盘,600333,2025-10-17 22:53:03
10:57:14,6.85,0.01,16,10949,买盘,600333,2025-10-17 22:53:03
10:57:17,6.85,0.0,1,685,买盘,600333,2025-10-17 22:53:03
10:57:20,6.84,-0.01,56,38305,卖盘,600333,2025-10-17 22:53:03
10:57:23,6.84,0.0,48,32854,卖盘,600333,2025-10-17 22:53:03
10:57:26,6.85,0.01,34,23263,买盘,600333,2025-10-17 22:53:03
10:57:32,6.85,0.0,146,99980,买盘,600333,2025-10-17 22:53:03
10:57:35,6.84,-0.01,22,15048,卖盘,600333,2025-10-17 22:53:03
10:57:38,6.84,0.0,16,10944,卖盘,600333,2025-10-17 22:53:03
10:57:41,6.84,0.0,25,17102,卖盘,600333,2025-10-17 22:53:03
10:57:44,6.84,0.0,41,28044,卖盘,600333,2025-10-17 22:53:03
10:57:47,6.84,0.0,1,684,买盘,600333,2025-10-17 22:53:03
10:57:50,6.84,0.0,41,28044,买盘,600333,2025-10-17 22:53:03
10:57:53,6.84,0.0,96,65663,买盘,600333,2025-10-17 22:53:03
10:57:56,6.84,0.0,31,21204,买盘,600333,2025-10-17 22:53:03
10:57:59,6.84,0.0,22,15048,买盘,600333,2025-10-17 22:53:03
10:58:05,6.84,0.0,13,8882,买盘,600333,2025-10-17 22:53:03
10:58:08,6.84,0.0,71,48526,买盘,600333,2025-10-17 22:53:03
10:58:11,6.84,0.0,35,23940,买盘,600333,2025-10-17 22:53:03
10:58:14,6.84,0.0,27,18468,卖盘,600333,2025-10-17 22:53:03
10:58:17,6.84,0.0,6,4104,卖盘,600333,2025-10-17 22:53:03
10:58:20,6.84,0.0,12,8215,卖盘,600333,2025-10-17 22:53:03
10:58:23,6.85,0.01,1,685,买盘,600333,2025-10-17 22:53:03
10:58:26,6.85,0.0,16,10960,买盘,600333,2025-10-17 22:53:03
10:58:29,6.84,-0.01,48,32865,卖盘,600333,2025-10-17 22:53:03
10:58:32,6.85,0.01,78,53420,买盘,600333,2025-10-17 22:53:03
10:58:35,6.85,0.0,47,32185,买盘,600333,2025-10-17 22:53:03
10:58:38,6.85,0.0,17,11645,买盘,600333,2025-10-17 22:53:03
10:58:41,6.85,0.0,6,4110,买盘,600333,2025-10-17 22:53:03
10:58:44,6.85,0.0,52,35620,买盘,600333,2025-10-17 22:53:03
10:58:47,6.85,0.0,32,21916,买盘,600333,2025-10-17 22:53:03
10:58:50,6.84,-0.01,5,3420,卖盘,600333,2025-10-17 22:53:03
10:58:53,6.85,0.01,89,60965,买盘,600333,2025-10-17 22:53:03
10:58:56,6.84,-0.01,8,5477,卖盘,600333,2025-10-17 22:53:03
10:58:59,6.85,0.01,41,28072,买盘,600333,2025-10-17 22:53:03
10:59:02,6.85,0.0,105,71917,买盘,600333,2025-10-17 22:53:03
10:59:05,6.85,0.0,22,15070,买盘,600333,2025-10-17 22:53:03
10:59:08,6.84,-0.01,121,82765,卖盘,600333,2025-10-17 22:53:03
10:59:11,6.85,0.01,1,685,买盘,600333,2025-10-17 22:53:03
10:59:14,6.84,-0.01,331,226407,卖盘,600333,2025-10-17 22:53:03
10:59:20,6.84,0.0,78,53352,卖盘,600333,2025-10-17 22:53:03
10:59:23,6.85,0.01,129,88365,买盘,600333,2025-10-17 22:53:03
10:59:29,6.84,-0.01,447,305748,卖盘,600333,2025-10-17 22:53:03
10:59:32,6.85,0.01,50,34250,买盘,600333,2025-10-17 22:53:03
10:59:35,6.84,-0.01,41,28046,卖盘,600333,2025-10-17 22:53:03
10:59:41,6.84,0.0,112,76608,卖盘,600333,2025-10-17 22:53:03
10:59:44,6.84,0.0,57,38988,卖盘,600333,2025-10-17 22:53:03
10:59:47,6.85,0.01,15,10265,买盘,600333,2025-10-17 22:53:03
10:59:50,6.84,-0.01,14,9576,卖盘,600333,2025-10-17 22:53:03
10:59:53,6.84,0.0,6,4104,卖盘,600333,2025-10-17 22:53:03
10:59:56,6.84,0.0,109,74556,卖盘,600333,2025-10-17 22:53:03
10:59:59,6.85,0.01,79,54039,买盘,600333,2025-10-17 22:53:03
11:00:02,6.84,-0.01,18,12312,卖盘,600333,2025-10-17 22:53:03
11:00:05,6.84,0.0,3,2052,卖盘,600333,2025-10-17 22:53:03
11:00:14,6.85,0.01,73,50005,买盘,600333,2025-10-17 22:53:03
11:00:17,6.84,-0.01,18,12312,卖盘,600333,2025-10-17 22:53:03
11:00:20,6.84,0.0,5,3420,卖盘,600333,2025-10-17 22:53:03
11:00:23,6.84,0.0,212,145200,卖盘,600333,2025-10-17 22:53:03
11:00:26,6.84,0.0,28,19155,卖盘,600333,2025-10-17 22:53:03
11:00:29,6.85,0.01,16,10950,买盘,600333,2025-10-17 22:53:03
11:00:35,6.85,0.0,16,10950,买盘,600333,2025-10-17 22:53:03
11:00:38,6.84,-0.01,35,23940,卖盘,600333,2025-10-17 22:53:03
11:00:41,6.84,0.0,20,13680,卖盘,600333,2025-10-17 22:53:03
11:00:47,6.85,0.01,109,74645,买盘,600333,2025-10-17 22:53:03
11:00:56,6.85,0.0,2,1370,买盘,600333,2025-10-17 22:53:03
11:00:59,6.84,-0.01,252,172536,卖盘,600333,2025-10-17 22:53:03
11:01:02,6.85,0.01,34,23282,买盘,600333,2025-10-17 22:53:03
11:01:05,6.85,0.0,5,3425,买盘,600333,2025-10-17 22:53:03
11:01:08,6.84,-0.01,4,2736,卖盘,600333,2025-10-17 22:53:03
11:01:11,6.84,0.0,107,73221,卖盘,600333,2025-10-17 22:53:03
11:01:14,6.84,0.0,13,8892,卖盘,600333,2025-10-17 22:53:03
11:01:17,6.84,0.0,1,684,买盘,600333,2025-10-17 22:53:03
11:01:20,6.85,0.01,204,139556,买盘,600333,2025-10-17 22:53:03
11:01:23,6.84,-0.01,210,143650,卖盘,600333,2025-10-17 22:53:03
11:01:26,6.84,0.0,16,10944,买盘,600333,2025-10-17 22:53:03
11:01:29,6.84,0.0,38,25992,买盘,600333,2025-10-17 22:53:03
11:01:32,6.84,0.0,182,124488,买盘,600333,2025-10-17 22:53:03
11:01:35,6.84,0.0,30,20520,卖盘,600333,2025-10-17 22:53:03
11:01:38,6.85,0.01,71,48590,买盘,600333,2025-10-17 22:53:03
11:01:41,6.84,-0.01,65,44510,卖盘,600333,2025-10-17 22:53:03
11:01:44,6.85,0.01,588,402780,买盘,600333,2025-10-17 22:53:03
11:01:47,6.85,0.0,510,349350,买盘,600333,2025-10-17 22:53:03
11:01:50,6.85,0.0,622,426671,买盘,600333,2025-10-17 22:53:03
11:01:53,6.85,0.0,216,148260,卖盘,600333,2025-10-17 22:53:03
11:01:56,6.85,0.0,669,459500,卖盘,600333,2025-10-17 22:53:03
11:01:59,6.87,0.02,273,187553,买盘,600333,2025-10-17 22:53:03
11:02:05,6.88,0.01,5,3440,买盘,600333,2025-10-17 22:53:03
11:02:08,6.88,0.0,437,300656,买盘,600333,2025-10-17 22:53:03
11:02:11,6.88,0.0,37,25456,买盘,600333,2025-10-17 22:53:03
11:02:14,6.88,0.0,568,390784,买盘,600333,2025-10-17 22:53:03
11:02:17,6.87,-0.01,50,34350,卖盘,600333,2025-10-17 22:53:03
11:02:20,6.88,0.01,352,242176,买盘,600333,2025-10-17 22:53:03
11:02:23,6.88,0.0,21,14448,卖盘,600333,2025-10-17 22:53:03
11:02:26,6.88,0.0,41,28209,卖盘,600333,2025-10-17 22:53:03
11:02:29,6.88,0.0,403,277544,卖盘,600333,2025-10-17 22:53:03
11:02:32,6.88,0.0,345,237387,买盘,600333,2025-10-17 22:53:03
11:02:35,6.89,0.01,191,131493,买盘,600333,2025-10-17 22:53:03
11:02:38,6.89,0.0,269,185337,买盘,600333,2025-10-17 22:53:03
11:02:41,6.88,-0.01,296,203843,卖盘,600333,2025-10-17 22:53:03
11:02:44,6.88,0.0,288,198094,买盘,600333,2025-10-17 22:53:03
11:02:47,6.89,0.01,301,207102,买盘,600333,2025-10-17 22:53:03
11:02:50,6.89,0.0,305,210130,买盘,600333,2025-10-17 22:53:03
11:02:53,6.89,0.0,62,42668,买盘,600333,2025-10-17 22:53:03
11:02:56,6.89,0.0,384,264576,买盘,600333,2025-10-17 22:53:03
11:02:59,6.89,0.0,170,117130,卖盘,600333,2025-10-17 22:53:03
11:03:02,6.9,0.01,302,208165,买盘,600333,2025-10-17 22:53:03
11:03:05,6.91,0.01,2998,2068531,买盘,600333,2025-10-17 22:53:03
11:03:08,6.95,0.04,8348,5782848,买盘,600333,2025-10-17 22:53:03
11:03:11,6.95,0.0,3365,2338470,买盘,600333,2025-10-17 22:53:03
11:03:14,6.95,0.0,1180,820072,买盘,600333,2025-10-17 22:53:03
11:03:17,6.94,-0.01,1439,999847,卖盘,600333,2025-10-17 22:53:03
11:03:20,6.95,0.01,929,645277,买盘,600333,2025-10-17 22:53:03
11:03:23,6.95,0.0,1154,801627,买盘,600333,2025-10-17 22:53:03
11:03:26,6.94,-0.01,675,469005,卖盘,600333,2025-10-17 22:53:03
11:03:29,6.96,0.02,586,407094,买盘,600333,2025-10-17 22:53:03
11:03:32,6.96,0.0,401,278852,买盘,600333,2025-10-17 22:53:03
11:03:35,6.96,0.0,1206,839186,买盘,600333,2025-10-17 22:53:03
11:03:38,6.95,-0.01,397,276147,卖盘,600333,2025-10-17 22:53:03
11:03:41,6.95,0.0,760,528858,卖盘,600333,2025-10-17 22:53:03
11:03:44,6.96,0.01,756,525992,买盘,600333,2025-10-17 22:53:03
11:03:47,6.95,-0.01,1117,776327,卖盘,600333,2025-10-17 22:53:03
11:03:50,6.95,0.0,261,181389,买盘,600333,2025-10-17 22:53:03
11:03:53,6.96,0.01,777,539939,买盘,600333,2025-10-17 22:53:03
11:03:56,6.94,-0.02,198,137596,卖盘,600333,2025-10-17 22:53:03
11:03:59,6.95,0.01,475,330494,买盘,600333,2025-10-17 22:53:03
11:04:02,6.95,0.0,206,143169,卖盘,600333,2025-10-17 22:53:03
11:04:05,6.94,-0.01,676,469286,卖盘,600333,2025-10-17 22:53:03
11:04:08,6.95,0.01,265,184023,买盘,600333,2025-10-17 22:53:03
11:04:11,6.97,0.02,2813,1956113,买盘,600333,2025-10-17 22:53:03
11:04:14,6.97,0.0,1034,720478,买盘,600333,2025-10-17 22:53:03
11:04:17,6.97,0.0,770,536609,买盘,600333,2025-10-17 22:53:03
11:04:20,6.98,0.01,1273,887610,买盘,600333,2025-10-17 22:53:03
11:04:23,6.98,0.0,534,372643,买盘,600333,2025-10-17 22:53:03
11:04:26,6.97,-0.01,1209,843853,卖盘,600333,2025-10-17 22:53:03
11:04:29,6.98,0.01,1330,928303,买盘,600333,2025-10-17 22:53:03
11:04:32,6.98,0.0,269,187802,卖盘,600333,2025-10-17 22:53:03
11:04:35,6.99,0.01,464,324088,买盘,600333,2025-10-17 22:53:03
11:04:38,6.99,0.0,769,537376,买盘,600333,2025-10-17 22:53:03
11:04:41,6.99,0.0,911,636529,买盘,600333,2025-10-17 22:53:03
11:04:44,6.99,0.0,891,622707,买盘,600333,2025-10-17 22:53:03
11:04:47,6.99,0.0,1242,867845,买盘,600333,2025-10-17 22:53:03
11:04:50,6.99,0.0,1333,931411,买盘,600333,2025-10-17 22:53:03
11:04:53,6.99,0.0,679,474624,买盘,600333,2025-10-17 22:53:03
11:04:56,7.0,0.01,212,148251,买盘,600333,2025-10-17 22:53:03
11:04:59,7.0,0.0,493,344971,买盘,600333,2025-10-17 22:53:03
11:05:02,7.0,0.0,1000,699765,买盘,600333,2025-10-17 22:53:03
11:05:05,6.99,-0.01,1081,756532,卖盘,600333,2025-10-17 22:53:03
11:05:08,6.99,0.0,1760,1231800,卖盘,600333,2025-10-17 22:53:03
11:05:11,6.99,0.0,531,371558,卖盘,600333,2025-10-17 22:53:03
11:05:14,6.99,0.0,993,694374,卖盘,600333,2025-10-17 22:53:03
11:05:17,6.99,0.0,431,300997,买盘,600333,2025-10-17 22:53:03
11:05:20,6.97,-0.02,322,224799,卖盘,600333,2025-10-17 22:53:03
11:05:23,6.98,0.01,361,251713,买盘,600333,2025-10-17 22:53:03
11:05:26,6.98,0.0,313,218175,买盘,600333,2025-10-17 22:53:03
11:05:29,6.98,0.0,585,407927,买盘,600333,2025-10-17 22:53:03
11:05:32,6.97,-0.01,183,127558,卖盘,600333,2025-10-17 22:53:03
11:05:35,6.96,-0.01,132,91924,卖盘,600333,2025-10-17 22:53:03
11:05:38,6.95,-0.01,223,155172,卖盘,600333,2025-10-17 22:53:03
11:05:41,6.95,0.0,142,98725,卖盘,600333,2025-10-17 22:53:03
11:05:44,6.94,-0.01,201,139642,卖盘,600333,2025-10-17 22:53:03
11:05:47,6.95,0.01,122,84716,买盘,600333,2025-10-17 22:53:03
11:05:50,6.95,0.0,265,184021,买盘,600333,2025-10-17 22:53:03
11:05:53,6.96,0.01,1515,1053487,买盘,600333,2025-10-17 22:53:03
11:05:56,6.96,0.0,249,173193,买盘,600333,2025-10-17 22:53:03
11:05:59,6.95,-0.01,880,612273,卖盘,600333,2025-10-17 22:53:03
11:06:02,6.96,0.01,298,207423,买盘,600333,2025-10-17 22:53:03
11:06:05,6.96,0.0,492,342435,卖盘,600333,2025-10-17 22:53:03
11:06:08,6.97,0.01,944,657455,买盘,600333,2025-10-17 22:53:03
11:06:11,6.97,0.0,604,420736,买盘,600333,2025-10-17 22:53:03
11:06:14,6.98,0.01,949,661419,买盘,600333,2025-10-17 22:53:03
11:06:17,6.98,0.0,652,454987,买盘,600333,2025-10-17 22:53:03
11:06:20,6.98,0.0,439,306482,买盘,600333,2025-10-17 22:53:03
11:06:23,6.99,0.01,177,123582,买盘,600333,2025-10-17 22:53:03
11:06:26,6.99,0.0,492,343847,买盘,600333,2025-10-17 22:53:03
11:06:29,7.0,0.01,6505,4552764,买盘,600333,2025-10-17 22:53:03
11:06:32,7.03,0.03,3381,2370088,买盘,600333,2025-10-17 22:53:03
11:06:35,7.03,0.0,748,524941,买盘,600333,2025-10-17 22:53:03
11:06:38,7.03,0.0,488,343130,买盘,600333,2025-10-17 22:53:03
11:06:41,7.05,0.02,4516,3163462,买盘,600333,2025-10-17 22:53:03
11:06:44,7.06,0.01,1058,746358,买盘,600333,2025-10-17 22:53:03
11:06:47,7.07,0.01,1112,785264,买盘,600333,2025-10-17 22:53:03
11:06:50,7.08,0.01,445,314631,买盘,600333,2025-10-17 22:53:03
11:06:53,7.09,0.01,883,625329,买盘,600333,2025-10-17 22:53:03
11:06:56,7.09,0.0,749,530739,买盘,600333,2025-10-17 22:53:03
11:06:59,7.09,0.0,3597,2552923,买盘,600333,2025-10-17 22:53:03
11:07:02,7.1,0.01,1196,848770,买盘,600333,2025-10-17 22:53:03
11:07:05,7.12,0.02,1222,868557,买盘,600333,2025-10-17 22:53:03
11:07:08,7.13,0.01,998,709592,买盘,600333,2025-10-17 22:53:03
11:07:11,7.14,0.01,1125,801279,买盘,600333,2025-10-17 22:53:03
11:07:14,7.13,-0.01,1013,722878,卖盘,600333,2025-10-17 22:53:03
11:07:17,7.15,0.02,756,539895,买盘,600333,2025-10-17 22:53:03
11:07:20,7.14,-0.01,1569,1119652,卖盘,600333,2025-10-17 22:53:03
11:07:23,7.14,0.0,1377,983571,卖盘,600333,2025-10-17 22:53:03
11:07:26,7.13,-0.01,2553,1820215,卖盘,600333,2025-10-17 22:53:03
11:07:29,7.1,-0.03,409,290869,卖盘,600333,2025-10-17 22:53:03
11:07:32,7.09,-0.01,1995,1421390,卖盘,600333,2025-10-17 22:53:03
11:07:35,7.1,0.01,656,465738,买盘,600333,2025-10-17 22:53:03
11:07:38,7.09,-0.01,459,325626,卖盘,600333,2025-10-17 22:53:03
11:07:41,7.1,0.01,665,471871,买盘,600333,2025-10-17 22:53:03
11:07:44,7.12,0.02,546,387817,买盘,600333,2025-10-17 22:53:03
11:07:47,7.13,0.01,551,392398,买盘,600333,2025-10-17 22:53:03
11:07:50,7.13,0.0,515,367032,买盘,600333,2025-10-17 22:53:03
11:07:53,7.14,0.01,729,519842,买盘,600333,2025-10-17 22:53:03
11:07:56,7.13,-0.01,403,287765,卖盘,600333,2025-10-17 22:53:03
11:07:59,7.14,0.01,676,483208,卖盘,600333,2025-10-17 22:53:03
11:08:02,7.14,0.0,1134,810401,卖盘,600333,2025-10-17 22:53:03
11:08:05,7.16,0.02,448,320002,买盘,600333,2025-10-17 22:53:03
11:08:08,7.16,0.0,672,480477,买盘,600333,2025-10-17 22:53:03
11:08:11,7.16,0.0,636,455330,买盘,600333,2025-10-17 22:53:03
11:08:14,7.16,0.0,543,389131,卖盘,600333,2025-10-17 22:53:03
11:08:17,7.16,0.0,917,657209,卖盘,600333,2025-10-17 22:53:03
11:08:20,7.17,0.01,448,321390,卖盘,600333,2025-10-17 22:53:03
11:08:23,7.18,0.01,845,605902,买盘,600333,2025-10-17 22:53:03
11:08:26,7.16,-0.02,2613,1873744,卖盘,600333,2025-10-17 22:53:03
11:08:29,7.15,-0.01,1686,1209246,卖盘,600333,2025-10-17 22:53:03
11:08:32,7.16,0.01,1085,777235,买盘,600333,2025-10-17 22:53:03
11:08:35,7.16,0.0,280,200131,买盘,600333,2025-10-17 22:53:03
11:08:38,7.12,-0.04,876,625607,卖盘,600333,2025-10-17 22:53:03
11:08:41,7.15,0.03,716,512744,中性盘,600333,2025-10-17 22:53:03
11:08:44,7.14,-0.01,256,183025,卖盘,600333,2025-10-17 22:53:03
11:08:47,7.14,0.0,181,129311,卖盘,600333,2025-10-17 22:53:03
11:08:50,7.14,0.0,531,379312,卖盘,600333,2025-10-17 22:53:03
11:08:53,7.14,0.0,267,190717,卖盘,600333,2025-10-17 22:53:03
11:08:56,7.14,0.0,167,119047,买盘,600333,2025-10-17 22:53:03
11:08:59,7.12,-0.02,504,358598,卖盘,600333,2025-10-17 22:53:03
11:09:02,7.12,0.0,158,112410,买盘,600333,2025-10-17 22:53:03
11:09:05,7.11,-0.01,802,570261,卖盘,600333,2025-10-17 22:53:03
11:09:08,7.11,0.0,610,433482,买盘,600333,2025-10-17 22:53:03
11:09:11,7.1,-0.01,557,395778,卖盘,600333,2025-10-17 22:53:03
11:09:14,7.1,0.0,962,683019,卖盘,600333,2025-10-17 22:53:03
11:09:17,7.09,-0.01,172,122041,卖盘,600333,2025-10-17 22:53:03
