时间,成交价,价格变动,成交量,成交额,买卖盘性质,股票代码,采集时间
09:25:03,6.82,0.0,4013,2736866,卖盘,600382,2025-10-17 22:52:02
09:30:00,6.83,0.01,5363,3657968,买盘,600382,2025-10-17 22:52:02
09:30:03,6.85,0.02,1022,699350,买盘,600382,2025-10-17 22:52:02
09:30:06,6.87,0.02,1353,927431,买盘,600382,2025-10-17 22:52:02
09:30:09,6.87,0.0,645,442009,卖盘,600382,2025-10-17 22:52:02
09:30:12,6.86,-0.01,825,566633,卖盘,600382,2025-10-17 22:52:02
09:30:15,6.88,0.02,630,433126,买盘,600382,2025-10-17 22:52:02
09:30:18,6.88,0.0,833,572627,卖盘,600382,2025-10-17 22:52:02
09:30:21,6.89,0.01,867,596149,买盘,600382,2025-10-17 22:52:02
09:30:24,6.88,-0.01,1882,1297171,卖盘,600382,2025-10-17 22:52:02
09:30:27,6.92,0.04,724,498635,买盘,600382,2025-10-17 22:52:02
09:30:30,6.91,-0.01,2567,1770446,中性盘,600382,2025-10-17 22:52:02
09:30:33,6.91,0.0,1038,716114,买盘,600382,2025-10-17 22:52:02
09:30:36,6.9,-0.01,404,278571,买盘,600382,2025-10-17 22:52:02
09:30:39,6.89,-0.01,357,246110,卖盘,600382,2025-10-17 22:52:02
09:30:42,6.9,0.01,461,318170,买盘,600382,2025-10-17 22:52:02
09:30:45,6.89,-0.01,1478,1018874,卖盘,600382,2025-10-17 22:52:02
09:30:48,6.89,0.0,1283,882556,卖盘,600382,2025-10-17 22:52:02
09:30:51,6.89,0.0,1077,741762,买盘,600382,2025-10-17 22:52:02
09:30:54,6.88,-0.01,302,208047,中性盘,600382,2025-10-17 22:52:02
09:30:57,6.85,-0.03,637,436690,卖盘,600382,2025-10-17 22:52:02
09:31:00,6.85,0.0,266,182136,买盘,600382,2025-10-17 22:52:02
09:31:03,6.84,-0.01,1127,771017,卖盘,600382,2025-10-17 22:52:02
09:31:06,6.83,-0.01,554,378504,卖盘,600382,2025-10-17 22:52:02
09:31:09,6.83,0.0,417,285035,卖盘,600382,2025-10-17 22:52:02
09:31:12,6.82,-0.01,738,503674,卖盘,600382,2025-10-17 22:52:02
09:31:15,6.83,0.01,1715,1171589,买盘,600382,2025-10-17 22:52:02
09:31:18,6.83,0.0,156,106667,卖盘,600382,2025-10-17 22:52:02
09:31:21,6.83,0.0,572,390707,卖盘,600382,2025-10-17 22:52:02
09:31:24,6.85,0.02,527,360336,买盘,600382,2025-10-17 22:52:02
09:31:27,6.85,0.0,90,61590,买盘,600382,2025-10-17 22:52:02
09:31:30,6.85,0.0,248,169779,买盘,600382,2025-10-17 22:52:02
09:31:33,6.84,-0.01,107,73248,卖盘,600382,2025-10-17 22:52:02
09:31:36,6.84,0.0,410,280702,卖盘,600382,2025-10-17 22:52:02
09:31:39,6.84,0.0,150,102679,卖盘,600382,2025-10-17 22:52:02
09:31:42,6.84,0.0,234,160203,卖盘,600382,2025-10-17 22:52:02
09:31:45,6.84,0.0,133,91027,买盘,600382,2025-10-17 22:52:02
09:31:48,6.84,0.0,292,199838,卖盘,600382,2025-10-17 22:52:02
09:31:51,6.85,0.01,131,89678,买盘,600382,2025-10-17 22:52:02
09:31:54,6.85,0.0,16,10959,买盘,600382,2025-10-17 22:52:02
09:31:57,6.85,0.0,388,265491,买盘,600382,2025-10-17 22:52:02
09:32:00,6.84,-0.01,51,34884,卖盘,600382,2025-10-17 22:52:02
09:32:03,6.84,0.0,304,208053,卖盘,600382,2025-10-17 22:52:02
09:32:06,6.84,0.0,178,121792,卖盘,600382,2025-10-17 22:52:02
09:32:09,6.83,-0.01,853,582639,卖盘,600382,2025-10-17 22:52:02
09:32:12,6.83,0.0,161,109962,买盘,600382,2025-10-17 22:52:02
09:32:15,6.83,0.0,469,319959,买盘,600382,2025-10-17 22:52:02
09:32:18,6.82,-0.01,230,156961,卖盘,600382,2025-10-17 22:52:02
09:32:21,6.83,0.01,231,157753,买盘,600382,2025-10-17 22:52:02
09:32:24,6.84,0.01,276,188774,买盘,600382,2025-10-17 22:52:02
09:32:27,6.84,0.0,168,115020,卖盘,600382,2025-10-17 22:52:02
09:32:30,6.88,0.04,3116,2134850,买盘,600382,2025-10-17 22:52:02
09:32:33,6.88,0.0,473,325399,买盘,600382,2025-10-17 22:52:02
09:32:36,6.88,0.0,109,75063,卖盘,600382,2025-10-17 22:52:02
09:32:39,6.9,0.02,180,124024,买盘,600382,2025-10-17 22:52:02
09:32:42,6.9,0.0,50,34476,买盘,600382,2025-10-17 22:52:02
09:32:45,6.9,0.0,322,222096,买盘,600382,2025-10-17 22:52:02
09:32:48,6.88,-0.02,213,146770,卖盘,600382,2025-10-17 22:52:02
09:32:51,6.9,0.02,282,194295,买盘,600382,2025-10-17 22:52:02
09:32:54,6.89,-0.01,48,33052,中性盘,600382,2025-10-17 22:52:02
09:32:57,6.9,0.01,1036,713882,买盘,600382,2025-10-17 22:52:02
09:33:00,6.89,-0.01,68,46829,中性盘,600382,2025-10-17 22:52:02
09:33:03,6.89,0.0,330,227412,卖盘,600382,2025-10-17 22:52:02
09:33:06,6.89,0.0,742,511625,卖盘,600382,2025-10-17 22:52:02
09:33:09,6.89,0.0,151,104109,卖盘,600382,2025-10-17 22:52:02
09:33:12,6.89,0.0,66,45474,买盘,600382,2025-10-17 22:52:02
09:33:15,6.89,0.0,148,101839,买盘,600382,2025-10-17 22:52:02
09:33:18,6.88,-0.01,646,443360,卖盘,600382,2025-10-17 22:52:02
09:33:21,6.88,0.0,58,39904,买盘,600382,2025-10-17 22:52:02
09:33:24,6.88,0.0,257,176768,买盘,600382,2025-10-17 22:52:02
09:33:27,6.89,0.01,521,358481,买盘,600382,2025-10-17 22:52:02
09:33:30,6.87,-0.02,147,101163,卖盘,600382,2025-10-17 22:52:02
09:33:33,6.87,0.0,183,125870,卖盘,600382,2025-10-17 22:52:02
09:33:36,6.88,0.01,55,37825,买盘,600382,2025-10-17 22:52:02
09:33:39,6.88,0.0,199,136726,买盘,600382,2025-10-17 22:52:02
09:33:42,6.88,0.0,252,173311,买盘,600382,2025-10-17 22:52:02
09:33:45,6.88,0.0,256,176178,买盘,600382,2025-10-17 22:52:02
09:33:48,6.89,0.01,3246,2235872,买盘,600382,2025-10-17 22:52:02
09:33:51,6.92,0.03,4479,3093984,买盘,600382,2025-10-17 22:52:02
09:33:54,6.93,0.01,1752,1214106,买盘,600382,2025-10-17 22:52:02
09:33:57,6.94,0.01,144,99890,买盘,600382,2025-10-17 22:52:02
09:34:00,6.94,0.0,163,113040,买盘,600382,2025-10-17 22:52:02
09:34:03,6.95,0.01,428,297381,买盘,600382,2025-10-17 22:52:02
09:34:06,6.95,0.0,827,574363,买盘,600382,2025-10-17 22:52:02
09:34:09,6.95,0.0,784,544932,卖盘,600382,2025-10-17 22:52:02
09:34:12,6.94,-0.01,652,452905,卖盘,600382,2025-10-17 22:52:02
09:34:15,6.94,0.0,1303,906489,卖盘,600382,2025-10-17 22:52:02
09:34:18,6.97,0.03,1154,802792,买盘,600382,2025-10-17 22:52:02
09:34:21,7.02,0.05,6261,4373575,买盘,600382,2025-10-17 22:52:02
09:34:24,7.05,0.03,1718,1209221,买盘,600382,2025-10-17 22:52:02
09:34:27,7.05,0.0,513,362076,卖盘,600382,2025-10-17 22:52:02
09:34:30,7.06,0.01,1489,1050206,中性盘,600382,2025-10-17 22:52:02
09:34:33,7.07,0.01,1935,1365897,买盘,600382,2025-10-17 22:52:02
09:34:36,7.08,0.01,1520,1073662,买盘,600382,2025-10-17 22:52:02
09:34:39,7.07,-0.01,1869,1322282,卖盘,600382,2025-10-17 22:52:02
09:34:42,7.06,-0.01,1677,1186386,卖盘,600382,2025-10-17 22:52:02
09:34:45,7.07,0.01,2991,2116823,买盘,600382,2025-10-17 22:52:02
09:34:48,7.12,0.05,4141,2936039,买盘,600382,2025-10-17 22:52:02
09:34:51,7.12,0.0,2153,1535063,卖盘,600382,2025-10-17 22:52:02
09:34:54,7.1,-0.02,944,671961,卖盘,600382,2025-10-17 22:52:02
09:34:57,7.12,0.02,859,611164,买盘,600382,2025-10-17 22:52:02
09:35:00,7.08,-0.04,1559,1106612,卖盘,600382,2025-10-17 22:52:02
09:35:03,7.1,0.02,535,379606,买盘,600382,2025-10-17 22:52:02
09:35:06,7.07,-0.03,485,343572,卖盘,600382,2025-10-17 22:52:02
09:35:09,7.07,0.0,1347,953745,卖盘,600382,2025-10-17 22:52:02
09:35:12,7.06,-0.01,814,576200,卖盘,600382,2025-10-17 22:52:02
09:35:15,7.07,0.01,925,653695,买盘,600382,2025-10-17 22:52:02
09:35:18,7.06,-0.01,2544,1796369,卖盘,600382,2025-10-17 22:52:02
09:35:21,7.05,-0.01,1065,751728,卖盘,600382,2025-10-17 22:52:02
09:35:24,7.04,-0.01,439,309619,卖盘,600382,2025-10-17 22:52:02
09:35:27,7.04,0.0,822,579025,卖盘,600382,2025-10-17 22:52:02
09:35:30,7.04,0.0,748,526996,卖盘,600382,2025-10-17 22:52:02
09:35:33,7.04,0.0,643,452644,买盘,600382,2025-10-17 22:52:02
09:35:36,7.04,0.0,796,560243,买盘,600382,2025-10-17 22:52:02
09:35:39,7.05,0.01,660,464481,买盘,600382,2025-10-17 22:52:02
09:35:42,7.05,0.0,980,689427,买盘,600382,2025-10-17 22:52:02
09:35:45,7.03,-0.02,692,487169,卖盘,600382,2025-10-17 22:52:02
09:35:48,7.04,0.01,425,298718,买盘,600382,2025-10-17 22:52:02
09:35:51,7.03,-0.01,478,336138,卖盘,600382,2025-10-17 22:52:02
09:35:54,7.03,0.0,1160,815563,卖盘,600382,2025-10-17 22:52:02
09:35:57,7.02,-0.01,670,470385,卖盘,600382,2025-10-17 22:52:02
09:36:00,7.01,-0.01,360,252747,卖盘,600382,2025-10-17 22:52:02
09:36:03,7.02,0.01,242,169764,卖盘,600382,2025-10-17 22:52:02
09:36:06,7.02,0.0,1278,896076,买盘,600382,2025-10-17 22:52:02
09:36:09,6.99,-0.03,863,604125,卖盘,600382,2025-10-17 22:52:02
09:36:12,6.99,0.0,596,416730,卖盘,600382,2025-10-17 22:52:02
09:36:15,7.01,0.02,1124,786704,买盘,600382,2025-10-17 22:52:02
09:36:18,7.0,-0.01,92,64360,买盘,600382,2025-10-17 22:52:02
09:36:21,7.02,0.02,254,178443,买盘,600382,2025-10-17 22:52:02
09:36:24,7.01,-0.01,1630,1138930,卖盘,600382,2025-10-17 22:52:02
09:36:27,7.01,0.0,316,221384,买盘,600382,2025-10-17 22:52:02
09:36:30,7.01,0.0,260,182060,买盘,600382,2025-10-17 22:52:02
09:36:33,7.0,-0.01,523,366240,卖盘,600382,2025-10-17 22:52:02
09:36:36,7.01,0.01,153,107279,买盘,600382,2025-10-17 22:52:02
09:36:39,7.0,-0.01,542,379521,卖盘,600382,2025-10-17 22:52:02
09:36:42,7.01,0.01,405,283457,中性盘,600382,2025-10-17 22:52:02
09:36:45,7.0,-0.01,398,278861,中性盘,600382,2025-10-17 22:52:02
09:36:48,7.0,0.0,138,96642,买盘,600382,2025-10-17 22:52:02
09:36:51,7.01,0.01,233,163135,卖盘,600382,2025-10-17 22:52:02
09:36:54,7.01,0.0,106,74318,卖盘,600382,2025-10-17 22:52:02
09:36:57,7.0,-0.01,545,381962,卖盘,600382,2025-10-17 22:52:02
09:37:00,7.0,0.0,128,89718,卖盘,600382,2025-10-17 22:52:02
09:37:03,7.0,0.0,207,144996,卖盘,600382,2025-10-17 22:52:02
09:37:06,7.0,0.0,57,39897,卖盘,600382,2025-10-17 22:52:02
09:37:09,6.99,-0.01,271,189514,卖盘,600382,2025-10-17 22:52:02
09:37:12,6.99,0.0,518,362332,买盘,600382,2025-10-17 22:52:02
09:37:15,6.98,-0.01,39,27234,卖盘,600382,2025-10-17 22:52:02
09:37:18,6.99,0.01,64,44745,买盘,600382,2025-10-17 22:52:02
09:37:21,6.99,0.0,134,93666,卖盘,600382,2025-10-17 22:52:02
09:37:24,7.0,0.01,35,24488,买盘,600382,2025-10-17 22:52:02
09:37:27,6.99,-0.01,36,25172,卖盘,600382,2025-10-17 22:52:02
09:37:30,7.01,0.02,498,348879,买盘,600382,2025-10-17 22:52:02
09:37:33,7.01,0.0,39,27349,卖盘,600382,2025-10-17 22:52:02
09:37:36,7.02,0.01,428,300263,买盘,600382,2025-10-17 22:52:02
09:37:39,7.03,0.01,248,174383,买盘,600382,2025-10-17 22:52:02
09:37:42,7.03,0.0,78,54837,卖盘,600382,2025-10-17 22:52:02
09:37:45,7.04,0.01,213,149913,买盘,600382,2025-10-17 22:52:02
09:37:48,7.05,0.01,748,526453,买盘,600382,2025-10-17 22:52:02
09:37:51,7.05,0.0,171,120437,买盘,600382,2025-10-17 22:52:02
09:37:54,7.05,0.0,799,563090,买盘,600382,2025-10-17 22:52:02
09:37:57,7.04,-0.01,629,443168,卖盘,600382,2025-10-17 22:52:02
09:38:00,7.03,-0.01,602,424257,卖盘,600382,2025-10-17 22:52:02
09:38:03,7.03,0.0,866,609383,卖盘,600382,2025-10-17 22:52:02
09:38:06,7.03,0.0,446,313639,卖盘,600382,2025-10-17 22:52:02
09:38:09,7.02,-0.01,355,249561,卖盘,600382,2025-10-17 22:52:02
09:38:12,7.01,-0.01,151,106047,卖盘,600382,2025-10-17 22:52:02
09:38:15,7.02,0.01,153,107375,买盘,600382,2025-10-17 22:52:02
09:38:18,7.02,0.0,298,209064,买盘,600382,2025-10-17 22:52:02
09:38:21,7.02,0.0,480,337325,买盘,600382,2025-10-17 22:52:02
09:38:24,7.02,0.0,329,231144,卖盘,600382,2025-10-17 22:52:02
09:38:27,7.03,0.01,726,510137,买盘,600382,2025-10-17 22:52:02
09:38:30,7.06,0.03,2370,1669598,买盘,600382,2025-10-17 22:52:02
09:38:33,7.07,0.01,626,441951,买盘,600382,2025-10-17 22:52:02
09:38:36,7.05,-0.02,116,81878,卖盘,600382,2025-10-17 22:52:02
09:38:39,7.05,0.0,285,200565,卖盘,600382,2025-10-17 22:52:02
09:38:42,7.03,-0.02,78,54890,卖盘,600382,2025-10-17 22:52:02
09:38:45,7.05,0.02,265,186701,买盘,600382,2025-10-17 22:52:02
09:38:48,7.05,0.0,419,295089,买盘,600382,2025-10-17 22:52:02
09:38:51,7.04,-0.01,289,203573,卖盘,600382,2025-10-17 22:52:02
09:38:54,7.05,0.01,590,415772,买盘,600382,2025-10-17 22:52:02
09:38:57,7.04,-0.01,691,486982,卖盘,600382,2025-10-17 22:52:02
09:39:00,7.07,0.03,2648,1869938,买盘,600382,2025-10-17 22:52:02
09:39:03,7.07,0.0,1587,1122688,买盘,600382,2025-10-17 22:52:02
09:39:06,7.1,0.03,1473,1044075,买盘,600382,2025-10-17 22:52:02
09:39:09,7.1,0.0,1705,1210925,买盘,600382,2025-10-17 22:52:02
09:39:12,7.12,0.02,2864,2035243,买盘,600382,2025-10-17 22:52:02
09:39:15,7.12,0.0,925,658066,买盘,600382,2025-10-17 22:52:02
09:39:18,7.13,0.01,1003,713366,买盘,600382,2025-10-17 22:52:02
09:39:21,7.14,0.01,2031,1447110,买盘,600382,2025-10-17 22:52:02
09:39:24,7.13,-0.01,1147,817389,卖盘,600382,2025-10-17 22:52:02
09:39:27,7.14,0.01,4068,2905693,买盘,600382,2025-10-17 22:52:02
09:39:30,7.14,0.0,1185,845428,卖盘,600382,2025-10-17 22:52:02
09:39:33,7.18,0.04,6022,4319760,买盘,600382,2025-10-17 22:52:02
09:39:36,7.18,0.0,3788,2722756,卖盘,600382,2025-10-17 22:52:02
09:39:39,7.2,0.02,2420,1741580,买盘,600382,2025-10-17 22:52:02
09:39:42,7.2,0.0,1089,784531,卖盘,600382,2025-10-17 22:52:02
09:39:45,7.2,0.0,1255,904665,卖盘,600382,2025-10-17 22:52:02
09:39:48,7.22,0.02,1613,1162749,买盘,600382,2025-10-17 22:52:02
09:39:51,7.22,0.0,1760,1269316,卖盘,600382,2025-10-17 22:52:02
09:39:54,7.2,-0.02,1572,1133858,卖盘,600382,2025-10-17 22:52:02
09:39:57,7.22,0.02,2219,1600528,买盘,600382,2025-10-17 22:52:02
09:40:00,7.22,0.0,1386,999363,买盘,600382,2025-10-17 22:52:02
09:40:03,7.21,-0.01,1864,1343627,卖盘,600382,2025-10-17 22:52:02
09:40:06,7.17,-0.04,1026,739728,卖盘,600382,2025-10-17 22:52:02
09:40:09,7.18,0.01,438,314818,中性盘,600382,2025-10-17 22:52:02
09:40:12,7.19,0.01,1172,843251,买盘,600382,2025-10-17 22:52:02
09:40:15,7.19,0.0,1014,729143,卖盘,600382,2025-10-17 22:52:02
09:40:18,7.24,0.05,9093,6569058,买盘,600382,2025-10-17 22:52:02
09:40:21,7.27,0.03,3400,2467073,买盘,600382,2025-10-17 22:52:02
09:40:24,7.29,0.02,980,713247,买盘,600382,2025-10-17 22:52:02
09:40:27,7.3,0.01,931,678478,买盘,600382,2025-10-17 22:52:02
09:40:30,7.3,0.0,1419,1034959,买盘,600382,2025-10-17 22:52:02
09:40:33,7.3,0.0,1940,1414768,买盘,600382,2025-10-17 22:52:02
09:40:36,7.31,0.01,1252,913718,买盘,600382,2025-10-17 22:52:02
09:40:39,7.31,0.0,971,708561,买盘,600382,2025-10-17 22:52:02
09:40:42,7.3,-0.01,1017,742226,卖盘,600382,2025-10-17 22:52:02
09:40:45,7.28,-0.02,1509,1101284,卖盘,600382,2025-10-17 22:52:02
09:40:48,7.29,0.01,952,693840,买盘,600382,2025-10-17 22:52:02
09:40:51,7.27,-0.02,878,639244,卖盘,600382,2025-10-17 22:52:02
09:40:54,7.26,-0.01,719,523580,卖盘,600382,2025-10-17 22:52:02
09:40:57,7.26,0.0,1027,745946,卖盘,600382,2025-10-17 22:52:02
09:41:00,7.26,0.0,277,201040,卖盘,600382,2025-10-17 22:52:02
09:41:03,7.25,-0.01,1041,754449,卖盘,600382,2025-10-17 22:52:02
09:41:06,7.25,0.0,569,411317,买盘,600382,2025-10-17 22:52:02
09:41:09,7.24,-0.01,1554,1121860,中性盘,600382,2025-10-17 22:52:02
09:41:12,7.24,0.0,1092,787922,买盘,600382,2025-10-17 22:52:02
09:41:15,7.22,-0.02,882,636318,中性盘,600382,2025-10-17 22:52:02
09:41:18,7.22,0.0,1109,800912,卖盘,600382,2025-10-17 22:52:02
09:41:21,7.24,0.02,3761,2722934,买盘,600382,2025-10-17 22:52:02
09:41:24,7.25,0.01,1859,1348311,中性盘,600382,2025-10-17 22:52:02
09:41:27,7.25,0.0,1169,847776,卖盘,600382,2025-10-17 22:52:02
09:41:30,7.27,0.02,1468,1065956,买盘,600382,2025-10-17 22:52:02
09:41:33,7.26,-0.01,838,609300,卖盘,600382,2025-10-17 22:52:02
09:41:36,7.27,0.01,982,713623,买盘,600382,2025-10-17 22:52:02
09:41:39,7.27,0.0,1274,926334,买盘,600382,2025-10-17 22:52:02
09:41:42,7.27,0.0,512,372432,卖盘,600382,2025-10-17 22:52:02
09:41:45,7.28,0.01,1642,1194963,买盘,600382,2025-10-17 22:52:02
09:41:48,7.28,0.0,1262,918302,卖盘,600382,2025-10-17 22:52:02
09:41:51,7.29,0.01,1549,1128602,买盘,600382,2025-10-17 22:52:02
09:41:54,7.28,-0.01,767,558364,买盘,600382,2025-10-17 22:52:02
09:41:57,7.28,0.0,1046,761046,买盘,600382,2025-10-17 22:52:02
09:42:00,7.28,0.0,578,420616,买盘,600382,2025-10-17 22:52:02
09:42:03,7.28,0.0,1372,997824,买盘,600382,2025-10-17 22:52:02
09:42:06,7.27,-0.01,391,284292,中性盘,600382,2025-10-17 22:52:02
09:42:09,7.32,0.05,8802,6421644,买盘,600382,2025-10-17 22:52:02
09:42:12,7.36,0.04,2013,1478870,买盘,600382,2025-10-17 22:52:02
09:42:15,7.47,0.11,38524,28720326,买盘,600382,2025-10-17 22:52:02
09:42:18,7.47,0.0,1688,1260936,卖盘,600382,2025-10-17 22:52:02
09:42:21,7.47,0.0,1057,789579,卖盘,600382,2025-10-17 22:52:02
09:42:24,7.47,0.0,2498,1866006,卖盘,600382,2025-10-17 22:52:02
09:42:27,7.47,0.0,1822,1361034,卖盘,600382,2025-10-17 22:52:02
09:42:30,7.47,0.0,1426,1065222,卖盘,600382,2025-10-17 22:52:02
09:42:33,7.47,0.0,1431,1068957,卖盘,600382,2025-10-17 22:52:02
09:42:36,7.47,0.0,2609,1948923,卖盘,600382,2025-10-17 22:52:02
09:42:39,7.47,0.0,1862,1390914,卖盘,600382,2025-10-17 22:52:02
09:42:42,7.47,0.0,2484,1855548,卖盘,600382,2025-10-17 22:52:02
09:42:45,7.47,0.0,1059,791073,卖盘,600382,2025-10-17 22:52:02
09:42:48,7.47,0.0,1294,966618,卖盘,600382,2025-10-17 22:52:02
09:42:51,7.47,0.0,1547,1155609,卖盘,600382,2025-10-17 22:52:02
09:42:54,7.47,0.0,749,559503,卖盘,600382,2025-10-17 22:52:02
09:42:57,7.47,0.0,2135,1594845,卖盘,600382,2025-10-17 22:52:02
09:43:00,7.47,0.0,2290,1710630,卖盘,600382,2025-10-17 22:52:02
09:43:03,7.47,0.0,1057,789579,卖盘,600382,2025-10-17 22:52:02
09:43:06,7.47,0.0,1289,962883,卖盘,600382,2025-10-17 22:52:02
09:43:09,7.47,0.0,1624,1213128,卖盘,600382,2025-10-17 22:52:02
09:43:12,7.47,0.0,791,590877,卖盘,600382,2025-10-17 22:52:02
09:43:15,7.47,0.0,822,614034,卖盘,600382,2025-10-17 22:52:02
09:43:18,7.47,0.0,909,679023,卖盘,600382,2025-10-17 22:52:02
09:43:21,7.47,0.0,724,540828,卖盘,600382,2025-10-17 22:52:02
09:43:24,7.47,0.0,1029,768663,卖盘,600382,2025-10-17 22:52:02
09:43:27,7.47,0.0,901,673047,卖盘,600382,2025-10-17 22:52:02
09:43:30,7.47,0.0,1086,811242,卖盘,600382,2025-10-17 22:52:02
09:43:33,7.47,0.0,605,451935,卖盘,600382,2025-10-17 22:52:02
09:43:36,7.47,0.0,182,135954,卖盘,600382,2025-10-17 22:52:02
09:43:39,7.47,0.0,594,443718,卖盘,600382,2025-10-17 22:52:02
09:43:42,7.47,0.0,1011,755217,卖盘,600382,2025-10-17 22:52:02
09:43:45,7.47,0.0,657,490779,卖盘,600382,2025-10-17 22:52:02
09:43:48,7.47,0.0,114,85158,卖盘,600382,2025-10-17 22:52:02
09:43:51,7.47,0.0,383,286101,卖盘,600382,2025-10-17 22:52:02
09:43:54,7.47,0.0,346,258462,卖盘,600382,2025-10-17 22:52:02
09:43:57,7.47,0.0,434,324198,卖盘,600382,2025-10-17 22:52:02
09:44:00,7.47,0.0,199,148653,卖盘,600382,2025-10-17 22:52:02
09:44:03,7.47,0.0,314,234558,卖盘,600382,2025-10-17 22:52:02
09:44:06,7.47,0.0,490,366030,卖盘,600382,2025-10-17 22:52:02
09:44:09,7.47,0.0,320,239040,卖盘,600382,2025-10-17 22:52:02
09:44:12,7.47,0.0,345,257715,卖盘,600382,2025-10-17 22:52:02
09:44:15,7.47,0.0,180,134460,卖盘,600382,2025-10-17 22:52:02
09:44:18,7.47,0.0,294,219618,卖盘,600382,2025-10-17 22:52:02
09:44:21,7.47,0.0,285,212895,卖盘,600382,2025-10-17 22:52:02
09:44:24,7.47,0.0,380,283860,卖盘,600382,2025-10-17 22:52:02
09:44:27,7.47,0.0,590,440730,卖盘,600382,2025-10-17 22:52:02
09:44:30,7.47,0.0,224,167328,卖盘,600382,2025-10-17 22:52:02
09:44:33,7.47,0.0,212,158364,卖盘,600382,2025-10-17 22:52:02
09:44:36,7.47,0.0,69,51543,卖盘,600382,2025-10-17 22:52:02
09:44:39,7.47,0.0,398,297306,卖盘,600382,2025-10-17 22:52:02
09:44:42,7.47,0.0,137,102339,卖盘,600382,2025-10-17 22:52:02
09:44:45,7.47,0.0,229,171063,卖盘,600382,2025-10-17 22:52:02
09:44:48,7.47,0.0,52,38844,卖盘,600382,2025-10-17 22:52:02
09:44:51,7.47,0.0,201,150147,卖盘,600382,2025-10-17 22:52:02
09:44:54,7.47,0.0,118,88146,卖盘,600382,2025-10-17 22:52:02
09:44:57,7.47,0.0,102,76194,卖盘,600382,2025-10-17 22:52:02
09:45:00,7.47,0.0,394,294318,卖盘,600382,2025-10-17 22:52:02
09:45:03,7.47,0.0,270,201690,卖盘,600382,2025-10-17 22:52:02
09:45:06,7.47,0.0,459,342873,卖盘,600382,2025-10-17 22:52:02
09:45:09,7.47,0.0,157,117279,卖盘,600382,2025-10-17 22:52:02
09:45:12,7.47,0.0,135,100845,卖盘,600382,2025-10-17 22:52:02
09:45:15,7.47,0.0,341,254727,卖盘,600382,2025-10-17 22:52:02
09:45:18,7.47,0.0,35,26145,卖盘,600382,2025-10-17 22:52:02
09:45:21,7.47,0.0,627,468369,卖盘,600382,2025-10-17 22:52:02
09:45:24,7.47,0.0,202,150894,卖盘,600382,2025-10-17 22:52:02
09:45:27,7.47,0.0,227,169569,卖盘,600382,2025-10-17 22:52:02
09:45:30,7.47,0.0,179,133713,卖盘,600382,2025-10-17 22:52:02
09:45:33,7.47,0.0,402,300294,卖盘,600382,2025-10-17 22:52:02
09:45:36,7.47,0.0,202,150894,卖盘,600382,2025-10-17 22:52:02
09:45:39,7.47,0.0,73,54531,卖盘,600382,2025-10-17 22:52:02
09:45:42,7.47,0.0,1325,989775,卖盘,600382,2025-10-17 22:52:02
09:45:45,7.47,0.0,266,198702,卖盘,600382,2025-10-17 22:52:02
09:45:48,7.47,0.0,642,479574,卖盘,600382,2025-10-17 22:52:02
09:45:51,7.47,0.0,254,189738,卖盘,600382,2025-10-17 22:52:02
09:45:54,7.47,0.0,424,316728,卖盘,600382,2025-10-17 22:52:02
09:45:57,7.47,0.0,637,475839,卖盘,600382,2025-10-17 22:52:02
09:46:00,7.47,0.0,206,153882,卖盘,600382,2025-10-17 22:52:02
09:46:03,7.47,0.0,663,495261,卖盘,600382,2025-10-17 22:52:02
09:46:06,7.47,0.0,184,137448,卖盘,600382,2025-10-17 22:52:02
09:46:09,7.47,0.0,197,147159,卖盘,600382,2025-10-17 22:52:02
09:46:12,7.47,0.0,373,278631,卖盘,600382,2025-10-17 22:52:02
09:46:15,7.47,0.0,237,177039,卖盘,600382,2025-10-17 22:52:02
09:46:18,7.47,0.0,156,116532,卖盘,600382,2025-10-17 22:52:02
09:46:21,7.47,0.0,299,223353,卖盘,600382,2025-10-17 22:52:02
09:46:24,7.47,0.0,5941,4437605,卖盘,600382,2025-10-17 22:52:02
09:46:27,7.47,0.0,129,96363,卖盘,600382,2025-10-17 22:52:02
09:46:30,7.47,0.0,319,238293,卖盘,600382,2025-10-17 22:52:02
09:46:33,7.47,0.0,178,132966,卖盘,600382,2025-10-17 22:52:02
09:46:36,7.47,0.0,212,158364,卖盘,600382,2025-10-17 22:52:02
09:46:39,7.47,0.0,255,190485,卖盘,600382,2025-10-17 22:52:02
09:46:42,7.47,0.0,283,211401,卖盘,600382,2025-10-17 22:52:02
09:46:45,7.47,0.0,93,69471,卖盘,600382,2025-10-17 22:52:02
09:46:48,7.47,0.0,198,147906,卖盘,600382,2025-10-17 22:52:02
09:46:51,7.47,0.0,161,120267,卖盘,600382,2025-10-17 22:52:02
09:46:54,7.47,0.0,35,26145,卖盘,600382,2025-10-17 22:52:02
09:46:57,7.47,0.0,68,50796,卖盘,600382,2025-10-17 22:52:02
09:47:00,7.47,0.0,81,60672,卖盘,600382,2025-10-17 22:52:02
09:47:03,7.47,0.0,56,41832,卖盘,600382,2025-10-17 22:52:02
09:47:06,7.47,0.0,145,108315,卖盘,600382,2025-10-17 22:52:02
09:47:09,7.47,0.0,51,38097,卖盘,600382,2025-10-17 22:52:02
09:47:12,7.47,0.0,706,527382,卖盘,600382,2025-10-17 22:52:02
09:47:15,7.47,0.0,480,358560,卖盘,600382,2025-10-17 22:52:02
09:47:18,7.47,0.0,62,46314,卖盘,600382,2025-10-17 22:52:02
09:47:21,7.47,0.0,206,153882,卖盘,600382,2025-10-17 22:52:02
09:47:24,7.47,0.0,202,150894,卖盘,600382,2025-10-17 22:52:02
09:47:27,7.47,0.0,699,522153,卖盘,600382,2025-10-17 22:52:02
09:47:30,7.47,0.0,73,54531,卖盘,600382,2025-10-17 22:52:02
09:47:33,7.47,0.0,1161,867267,卖盘,600382,2025-10-17 22:52:02
09:47:36,7.47,0.0,115,85905,卖盘,600382,2025-10-17 22:52:02
09:47:39,7.47,0.0,73,54531,卖盘,600382,2025-10-17 22:52:02
09:47:42,7.47,0.0,363,271161,卖盘,600382,2025-10-17 22:52:02
09:47:45,7.47,0.0,353,263691,卖盘,600382,2025-10-17 22:52:02
09:47:48,7.47,0.0,86,64242,卖盘,600382,2025-10-17 22:52:02
09:47:51,7.47,0.0,202,150894,卖盘,600382,2025-10-17 22:52:02
09:47:54,7.47,0.0,10,7470,卖盘,600382,2025-10-17 22:52:02
09:47:57,7.47,0.0,80,59760,卖盘,600382,2025-10-17 22:52:02
09:48:00,7.47,0.0,98,73206,卖盘,600382,2025-10-17 22:52:02
09:48:03,7.47,0.0,762,569214,卖盘,600382,2025-10-17 22:52:02
09:48:06,7.47,0.0,137,102339,卖盘,600382,2025-10-17 22:52:02
09:48:09,7.47,0.0,105,78435,卖盘,600382,2025-10-17 22:52:02
09:48:12,7.47,0.0,598,446706,卖盘,600382,2025-10-17 22:52:02
09:48:15,7.47,0.0,186,138942,卖盘,600382,2025-10-17 22:52:02
09:48:18,7.47,0.0,611,456417,卖盘,600382,2025-10-17 22:52:02
09:48:21,7.47,0.0,250,186750,卖盘,600382,2025-10-17 22:52:02
09:48:24,7.47,0.0,105,78435,卖盘,600382,2025-10-17 22:52:02
09:48:27,7.47,0.0,81,60507,卖盘,600382,2025-10-17 22:52:02
09:48:30,7.47,0.0,4,2988,卖盘,600382,2025-10-17 22:52:02
09:48:33,7.47,0.0,64,47808,卖盘,600382,2025-10-17 22:52:02
09:48:36,7.47,0.0,134,100098,卖盘,600382,2025-10-17 22:52:02
09:48:39,7.47,0.0,370,276390,卖盘,600382,2025-10-17 22:52:02
09:48:42,7.47,0.0,293,218871,卖盘,600382,2025-10-17 22:52:02
09:48:45,7.47,0.0,4,2988,卖盘,600382,2025-10-17 22:52:02
09:48:48,7.47,0.0,59,44073,卖盘,600382,2025-10-17 22:52:02
09:48:51,7.47,0.0,81,60507,卖盘,600382,2025-10-17 22:52:02
09:48:54,7.47,0.0,264,197208,卖盘,600382,2025-10-17 22:52:02
09:48:57,7.47,0.0,77,57519,卖盘,600382,2025-10-17 22:52:02
09:49:00,7.47,0.0,28,20916,卖盘,600382,2025-10-17 22:52:02
09:49:03,7.47,0.0,24,17928,卖盘,600382,2025-10-17 22:52:02
09:49:06,7.47,0.0,95,70965,卖盘,600382,2025-10-17 22:52:02
09:49:09,7.47,0.0,48,35856,卖盘,600382,2025-10-17 22:52:02
09:49:12,7.47,0.0,29,21663,卖盘,600382,2025-10-17 22:52:02
09:49:15,7.47,0.0,72,53784,卖盘,600382,2025-10-17 22:52:02
09:49:18,7.47,0.0,57,42579,卖盘,600382,2025-10-17 22:52:02
09:49:21,7.47,0.0,36,26892,卖盘,600382,2025-10-17 22:52:02
09:49:24,7.47,0.0,10,7470,卖盘,600382,2025-10-17 22:52:02
09:49:27,7.47,0.0,25,18675,卖盘,600382,2025-10-17 22:52:02
09:49:30,7.47,0.0,597,445959,卖盘,600382,2025-10-17 22:52:02
09:49:33,7.47,0.0,28,20916,卖盘,600382,2025-10-17 22:52:02
09:49:36,7.47,0.0,63,47061,卖盘,600382,2025-10-17 22:52:02
09:49:39,7.47,0.0,107,79929,卖盘,600382,2025-10-17 22:52:02
09:49:42,7.47,0.0,213,159111,卖盘,600382,2025-10-17 22:52:02
09:49:45,7.47,0.0,182,135954,卖盘,600382,2025-10-17 22:52:02
09:49:48,7.47,0.0,154,115038,卖盘,600382,2025-10-17 22:52:02
09:49:51,7.47,0.0,7,5229,卖盘,600382,2025-10-17 22:52:02
09:49:54,7.47,0.0,56,41832,卖盘,600382,2025-10-17 22:52:02
09:50:00,7.47,0.0,9,6723,卖盘,600382,2025-10-17 22:52:02
09:50:03,7.47,0.0,29,21663,卖盘,600382,2025-10-17 22:52:02
09:50:06,7.47,0.0,27,20169,卖盘,600382,2025-10-17 22:52:02
09:50:12,7.47,0.0,43,32121,卖盘,600382,2025-10-17 22:52:02
09:50:15,7.47,0.0,161,120267,卖盘,600382,2025-10-17 22:52:02
09:50:18,7.47,0.0,84,62748,卖盘,600382,2025-10-17 22:52:02
09:50:21,7.47,0.0,159,118773,卖盘,600382,2025-10-17 22:52:02
09:50:24,7.47,0.0,30,22410,卖盘,600382,2025-10-17 22:52:02
09:50:27,7.47,0.0,26,19422,卖盘,600382,2025-10-17 22:52:02
09:50:30,7.47,0.0,149,111303,卖盘,600382,2025-10-17 22:52:02
09:50:33,7.47,0.0,39,29133,卖盘,600382,2025-10-17 22:52:02
09:50:36,7.47,0.0,15,11205,卖盘,600382,2025-10-17 22:52:02
09:50:39,7.47,0.0,16,11952,卖盘,600382,2025-10-17 22:52:02
09:50:42,7.47,0.0,93,69471,卖盘,600382,2025-10-17 22:52:02
09:50:45,7.47,0.0,17,12699,卖盘,600382,2025-10-17 22:52:02
09:50:48,7.47,0.0,53,39591,卖盘,600382,2025-10-17 22:52:02
09:50:51,7.47,0.0,44,32868,卖盘,600382,2025-10-17 22:52:02
09:50:54,7.47,0.0,2,1494,卖盘,600382,2025-10-17 22:52:02
09:50:57,7.47,0.0,227,169569,卖盘,600382,2025-10-17 22:52:02
09:51:00,7.47,0.0,40,29880,卖盘,600382,2025-10-17 22:52:02
09:51:03,7.47,0.0,69,51543,卖盘,600382,2025-10-17 22:52:02
09:51:06,7.47,0.0,713,532611,卖盘,600382,2025-10-17 22:52:02
09:51:09,7.47,0.0,244,182268,卖盘,600382,2025-10-17 22:52:02
09:51:12,7.47,0.0,49,36603,卖盘,600382,2025-10-17 22:52:02
09:51:15,7.47,0.0,120,89640,卖盘,600382,2025-10-17 22:52:02
09:51:18,7.47,0.0,1527,1140669,卖盘,600382,2025-10-17 22:52:02
09:51:21,7.47,0.0,50,37350,卖盘,600382,2025-10-17 22:52:02
09:51:24,7.47,0.0,15,11205,卖盘,600382,2025-10-17 22:52:02
09:51:27,7.47,0.0,45,33615,卖盘,600382,2025-10-17 22:52:02
09:51:30,7.47,0.0,241,180027,卖盘,600382,2025-10-17 22:52:02
09:51:33,7.47,0.0,1,747,卖盘,600382,2025-10-17 22:52:02
09:51:36,7.47,0.0,63,47061,卖盘,600382,2025-10-17 22:52:02
09:51:39,7.47,0.0,75,56025,卖盘,600382,2025-10-17 22:52:02
09:51:42,7.47,0.0,295,220365,卖盘,600382,2025-10-17 22:52:02
09:51:45,7.47,0.0,22,16434,卖盘,600382,2025-10-17 22:52:02
09:51:48,7.47,0.0,90,67230,卖盘,600382,2025-10-17 22:52:02
09:51:51,7.47,0.0,130,97110,卖盘,600382,2025-10-17 22:52:02
09:51:54,7.47,0.0,2032,1517904,卖盘,600382,2025-10-17 22:52:02
09:51:57,7.47,0.0,111,82917,卖盘,600382,2025-10-17 22:52:02
09:52:00,7.47,0.0,4,2988,卖盘,600382,2025-10-17 22:52:02
09:52:03,7.47,0.0,113,84411,卖盘,600382,2025-10-17 22:52:02
09:52:06,7.47,0.0,111,82917,卖盘,600382,2025-10-17 22:52:02
09:52:09,7.47,0.0,100,74700,卖盘,600382,2025-10-17 22:52:02
09:52:12,7.47,0.0,11,8217,卖盘,600382,2025-10-17 22:52:02
09:52:15,7.47,0.0,95,70965,卖盘,600382,2025-10-17 22:52:02
09:52:18,7.47,0.0,92,68724,卖盘,600382,2025-10-17 22:52:02
09:52:21,7.47,0.0,102,76194,卖盘,600382,2025-10-17 22:52:02
09:52:24,7.47,0.0,144,107568,卖盘,600382,2025-10-17 22:52:02
09:52:27,7.47,0.0,56,41832,卖盘,600382,2025-10-17 22:52:02
09:52:30,7.47,0.0,2,1494,卖盘,600382,2025-10-17 22:52:02
09:52:33,7.47,0.0,106,79182,卖盘,600382,2025-10-17 22:52:02
09:52:36,7.47,0.0,70,52290,卖盘,600382,2025-10-17 22:52:02
09:52:39,7.47,0.0,336,250992,卖盘,600382,2025-10-17 22:52:02
09:52:42,7.47,0.0,75,56025,卖盘,600382,2025-10-17 22:52:02
09:52:45,7.47,0.0,13,9711,卖盘,600382,2025-10-17 22:52:02
09:52:48,7.47,0.0,420,313740,卖盘,600382,2025-10-17 22:52:02
09:52:51,7.47,0.0,599,447453,卖盘,600382,2025-10-17 22:52:02
09:52:54,7.47,0.0,373,278631,卖盘,600382,2025-10-17 22:52:02
09:52:57,7.47,0.0,271,202437,卖盘,600382,2025-10-17 22:52:02
09:53:00,7.47,0.0,310,231570,卖盘,600382,2025-10-17 22:52:02
09:53:03,7.47,0.0,14,10458,卖盘,600382,2025-10-17 22:52:02
09:53:06,7.47,0.0,111,82917,卖盘,600382,2025-10-17 22:52:02
09:53:09,7.47,0.0,37,27639,卖盘,600382,2025-10-17 22:52:02
09:53:12,7.47,0.0,103,76941,卖盘,600382,2025-10-17 22:52:02
09:53:15,7.47,0.0,8,5976,卖盘,600382,2025-10-17 22:52:02
09:53:18,7.47,0.0,52,38844,卖盘,600382,2025-10-17 22:52:02
09:53:21,7.47,0.0,15,11205,卖盘,600382,2025-10-17 22:52:02
09:53:24,7.47,0.0,49,36603,卖盘,600382,2025-10-17 22:52:02
09:53:27,7.47,0.0,105,78435,卖盘,600382,2025-10-17 22:52:02
09:53:30,7.47,0.0,232,173304,卖盘,600382,2025-10-17 22:52:02
09:53:33,7.47,0.0,7,5229,卖盘,600382,2025-10-17 22:52:02
09:53:36,7.47,0.0,68,50796,卖盘,600382,2025-10-17 22:52:02
09:53:39,7.47,0.0,109,81423,卖盘,600382,2025-10-17 22:52:02
09:53:42,7.47,0.0,499,372753,卖盘,600382,2025-10-17 22:52:02
09:53:45,7.47,0.0,62,46314,卖盘,600382,2025-10-17 22:52:02
09:53:51,7.47,0.0,51,38097,卖盘,600382,2025-10-17 22:52:02
09:53:54,7.47,0.0,204,152388,卖盘,600382,2025-10-17 22:52:02
09:53:57,7.47,0.0,122,91134,卖盘,600382,2025-10-17 22:52:02
09:54:00,7.47,0.0,110,82170,卖盘,600382,2025-10-17 22:52:02
09:54:03,7.47,0.0,125,93375,卖盘,600382,2025-10-17 22:52:02
09:54:06,7.47,0.0,87,64989,卖盘,600382,2025-10-17 22:52:02
09:54:09,7.47,0.0,276,206172,卖盘,600382,2025-10-17 22:52:02
09:54:12,7.47,0.0,25,18675,卖盘,600382,2025-10-17 22:52:02
09:54:15,7.47,0.0,8,5976,卖盘,600382,2025-10-17 22:52:02
09:54:18,7.47,0.0,120,89640,卖盘,600382,2025-10-17 22:52:02
09:54:21,7.47,0.0,139,103833,卖盘,600382,2025-10-17 22:52:02
09:54:24,7.47,0.0,99,73953,卖盘,600382,2025-10-17 22:52:02
09:54:27,7.47,0.0,72,53784,卖盘,600382,2025-10-17 22:52:02
09:54:30,7.47,0.0,87,64989,卖盘,600382,2025-10-17 22:52:02
09:54:33,7.47,0.0,78,58266,卖盘,600382,2025-10-17 22:52:02
09:54:36,7.47,0.0,471,351837,卖盘,600382,2025-10-17 22:52:02
09:54:39,7.47,0.0,128,95616,卖盘,600382,2025-10-17 22:52:02
09:54:42,7.47,0.0,115,85905,卖盘,600382,2025-10-17 22:52:02
09:54:45,7.47,0.0,72,53784,卖盘,600382,2025-10-17 22:52:02
09:54:48,7.47,0.0,386,288342,卖盘,600382,2025-10-17 22:52:02
09:54:51,7.47,0.0,97,72459,卖盘,600382,2025-10-17 22:52:02
09:54:54,7.47,0.0,99,73953,卖盘,600382,2025-10-17 22:52:02
09:55:00,7.47,0.0,60,44820,卖盘,600382,2025-10-17 22:52:02
09:55:03,7.47,0.0,10,7470,卖盘,600382,2025-10-17 22:52:02
09:55:06,7.47,0.0,25,18675,卖盘,600382,2025-10-17 22:52:02
09:55:09,7.47,0.0,60,44820,卖盘,600382,2025-10-17 22:52:02
09:55:12,7.47,0.0,100,74700,卖盘,600382,2025-10-17 22:52:02
09:55:15,7.47,0.0,9,6723,卖盘,600382,2025-10-17 22:52:02
09:55:18,7.47,0.0,149,111303,卖盘,600382,2025-10-17 22:52:02
09:55:21,7.47,0.0,74,55278,卖盘,600382,2025-10-17 22:52:02
09:55:24,7.47,0.0,12,8964,卖盘,600382,2025-10-17 22:52:02
09:55:27,7.47,0.0,41,30627,卖盘,600382,2025-10-17 22:52:02
09:55:30,7.47,0.0,500,373500,卖盘,600382,2025-10-17 22:52:02
09:55:33,7.47,0.0,35,26145,卖盘,600382,2025-10-17 22:52:02
09:55:36,7.47,0.0,5,3735,卖盘,600382,2025-10-17 22:52:02
09:55:39,7.47,0.0,46,34362,卖盘,600382,2025-10-17 22:52:02
09:55:42,7.47,0.0,43,32121,卖盘,600382,2025-10-17 22:52:02
09:55:45,7.47,0.0,84,62748,卖盘,600382,2025-10-17 22:52:02
09:55:48,7.47,0.0,57,42579,卖盘,600382,2025-10-17 22:52:02
09:55:51,7.47,0.0,122,91134,卖盘,600382,2025-10-17 22:52:02
09:55:54,7.47,0.0,81,60507,卖盘,600382,2025-10-17 22:52:02
09:55:57,7.47,0.0,35,26145,卖盘,600382,2025-10-17 22:52:02
09:56:00,7.47,0.0,85,63495,卖盘,600382,2025-10-17 22:52:02
09:56:03,7.47,0.0,2,1494,卖盘,600382,2025-10-17 22:52:02
09:56:06,7.47,0.0,103,76941,卖盘,600382,2025-10-17 22:52:02
09:56:09,7.47,0.0,2,1494,卖盘,600382,2025-10-17 22:52:02
09:56:12,7.47,0.0,6,4482,卖盘,600382,2025-10-17 22:52:02
09:56:15,7.47,0.0,109,81423,卖盘,600382,2025-10-17 22:52:02
09:56:18,7.47,0.0,163,121761,卖盘,600382,2025-10-17 22:52:02
09:56:21,7.47,0.0,9,6723,卖盘,600382,2025-10-17 22:52:02
09:56:24,7.47,0.0,367,274149,卖盘,600382,2025-10-17 22:52:02
09:56:27,7.47,0.0,55,41085,卖盘,600382,2025-10-17 22:52:02
09:56:30,7.47,0.0,63,47061,卖盘,600382,2025-10-17 22:52:02
09:56:36,7.47,0.0,41,30627,卖盘,600382,2025-10-17 22:52:02
09:56:39,7.47,0.0,42,31374,卖盘,600382,2025-10-17 22:52:02
09:56:42,7.47,0.0,15,11205,卖盘,600382,2025-10-17 22:52:02
09:56:45,7.47,0.0,30,22410,卖盘,600382,2025-10-17 22:52:02
09:56:48,7.47,0.0,29,21663,卖盘,600382,2025-10-17 22:52:02
09:56:51,7.47,0.0,64,47808,卖盘,600382,2025-10-17 22:52:02
09:56:54,7.47,0.0,35,26145,卖盘,600382,2025-10-17 22:52:02
09:56:57,7.47,0.0,7,5229,卖盘,600382,2025-10-17 22:52:02
09:57:00,7.47,0.0,6,4482,卖盘,600382,2025-10-17 22:52:02
09:57:03,7.47,0.0,502,374994,卖盘,600382,2025-10-17 22:52:02
09:57:06,7.47,0.0,1147,856809,卖盘,600382,2025-10-17 22:52:02
09:57:12,7.47,0.0,60,44820,卖盘,600382,2025-10-17 22:52:02
09:57:15,7.47,0.0,65,48555,卖盘,600382,2025-10-17 22:52:02
09:57:18,7.47,0.0,28,20916,卖盘,600382,2025-10-17 22:52:02
09:57:21,7.47,0.0,10,7470,卖盘,600382,2025-10-17 22:52:02
09:57:24,7.47,0.0,40,29880,卖盘,600382,2025-10-17 22:52:02
09:57:27,7.47,0.0,11,8217,卖盘,600382,2025-10-17 22:52:02
09:57:30,7.47,0.0,513,383211,卖盘,600382,2025-10-17 22:52:02
09:57:33,7.47,0.0,122,91134,卖盘,600382,2025-10-17 22:52:02
09:57:36,7.47,0.0,19,14193,卖盘,600382,2025-10-17 22:52:02
09:57:39,7.47,0.0,62,46314,卖盘,600382,2025-10-17 22:52:02
09:57:42,7.47,0.0,127,94869,卖盘,600382,2025-10-17 22:52:02
09:57:45,7.47,0.0,10,7470,卖盘,600382,2025-10-17 22:52:02
09:57:48,7.47,0.0,50,37350,卖盘,600382,2025-10-17 22:52:02
09:57:51,7.47,0.0,121,90387,卖盘,600382,2025-10-17 22:52:02
09:57:54,7.47,0.0,23,17181,卖盘,600382,2025-10-17 22:52:02
09:57:57,7.47,0.0,1,747,卖盘,600382,2025-10-17 22:52:02
09:58:00,7.47,0.0,49,36603,卖盘,600382,2025-10-17 22:52:02
09:58:03,7.47,0.0,31,23157,卖盘,600382,2025-10-17 22:52:02
09:58:06,7.47,0.0,39,29133,卖盘,600382,2025-10-17 22:52:02
09:58:09,7.47,0.0,132,98604,卖盘,600382,2025-10-17 22:52:02
09:58:12,7.47,0.0,19,14193,卖盘,600382,2025-10-17 22:52:02
09:58:15,7.47,0.0,120,89640,卖盘,600382,2025-10-17 22:52:02
09:58:18,7.47,0.0,7,5229,卖盘,600382,2025-10-17 22:52:02
09:58:21,7.47,0.0,73,54531,卖盘,600382,2025-10-17 22:52:02
09:58:24,7.47,0.0,43,32121,卖盘,600382,2025-10-17 22:52:02
09:58:27,7.47,0.0,44,32868,卖盘,600382,2025-10-17 22:52:02
09:58:30,7.47,0.0,14,10458,卖盘,600382,2025-10-17 22:52:02
09:58:33,7.47,0.0,28,20916,卖盘,600382,2025-10-17 22:52:02
09:58:36,7.47,0.0,167,124749,卖盘,600382,2025-10-17 22:52:02
09:58:39,7.47,0.0,240,179280,卖盘,600382,2025-10-17 22:52:02
09:58:45,7.47,0.0,38,28386,卖盘,600382,2025-10-17 22:52:02
09:58:48,7.47,0.0,3,2241,卖盘,600382,2025-10-17 22:52:02
09:58:54,7.47,0.0,63,47061,卖盘,600382,2025-10-17 22:52:02
09:58:57,7.47,0.0,100,74700,卖盘,600382,2025-10-17 22:52:02
09:59:00,7.47,0.0,53,39591,卖盘,600382,2025-10-17 22:52:02
09:59:03,7.47,0.0,6,4482,卖盘,600382,2025-10-17 22:52:02
09:59:06,7.47,0.0,11,8217,卖盘,600382,2025-10-17 22:52:02
09:59:09,7.47,0.0,13,9711,卖盘,600382,2025-10-17 22:52:02
09:59:12,7.47,0.0,35,26145,卖盘,600382,2025-10-17 22:52:02
09:59:15,7.47,0.0,4,2988,卖盘,600382,2025-10-17 22:52:02
09:59:18,7.47,0.0,24,17928,卖盘,600382,2025-10-17 22:52:02
09:59:21,7.47,0.0,11,8217,卖盘,600382,2025-10-17 22:52:02
09:59:24,7.47,0.0,2,1494,卖盘,600382,2025-10-17 22:52:02
09:59:27,7.47,0.0,10,7470,卖盘,600382,2025-10-17 22:52:02
09:59:30,7.47,0.0,20,14940,卖盘,600382,2025-10-17 22:52:02
09:59:33,7.47,0.0,85,63495,卖盘,600382,2025-10-17 22:52:02
09:59:36,7.47,0.0,308,230076,卖盘,600382,2025-10-17 22:52:02
09:59:39,7.47,0.0,5,3735,卖盘,600382,2025-10-17 22:52:02
09:59:42,7.47,0.0,63,47061,卖盘,600382,2025-10-17 22:52:02
09:59:45,7.47,0.0,85,63495,卖盘,600382,2025-10-17 22:52:02
09:59:48,7.47,0.0,29,21663,卖盘,600382,2025-10-17 22:52:02
09:59:51,7.47,0.0,30,22410,卖盘,600382,2025-10-17 22:52:02
09:59:54,7.47,0.0,107,79929,卖盘,600382,2025-10-17 22:52:02
09:59:57,7.47,0.0,12,8964,卖盘,600382,2025-10-17 22:52:02
10:00:00,7.47,0.0,21,15687,卖盘,600382,2025-10-17 22:52:02
10:00:03,7.47,0.0,84,62748,卖盘,600382,2025-10-17 22:52:02
10:00:06,7.47,0.0,91,67977,卖盘,600382,2025-10-17 22:52:02
10:00:09,7.47,0.0,14,10458,卖盘,600382,2025-10-17 22:52:02
10:00:12,7.47,0.0,391,292077,卖盘,600382,2025-10-17 22:52:02
10:00:15,7.47,0.0,30,22410,卖盘,600382,2025-10-17 22:52:02
10:00:18,7.47,0.0,14,10458,卖盘,600382,2025-10-17 22:52:02
10:00:24,7.47,0.0,317,236799,卖盘,600382,2025-10-17 22:52:02
10:00:27,7.47,0.0,47,35109,卖盘,600382,2025-10-17 22:52:02
10:00:30,7.47,0.0,91,67977,卖盘,600382,2025-10-17 22:52:02
10:00:33,7.47,0.0,28,20916,卖盘,600382,2025-10-17 22:52:02
10:00:36,7.47,0.0,77,57519,卖盘,600382,2025-10-17 22:52:02
10:00:39,7.47,0.0,5,3735,卖盘,600382,2025-10-17 22:52:02
10:00:45,7.47,0.0,168,125496,卖盘,600382,2025-10-17 22:52:02
10:00:48,7.47,0.0,80,59760,卖盘,600382,2025-10-17 22:52:02
10:00:51,7.47,0.0,99,73953,卖盘,600382,2025-10-17 22:52:02
10:00:54,7.47,0.0,203,151641,卖盘,600382,2025-10-17 22:52:02
10:00:57,7.47,0.0,502,374994,卖盘,600382,2025-10-17 22:52:02
10:01:00,7.47,0.0,32,23904,卖盘,600382,2025-10-17 22:52:02
10:01:03,7.47,0.0,39,29133,卖盘,600382,2025-10-17 22:52:02
10:01:06,7.47,0.0,76,56772,卖盘,600382,2025-10-17 22:52:02
10:01:09,7.47,0.0,10,7470,卖盘,600382,2025-10-17 22:52:02
10:01:12,7.47,0.0,11,8217,卖盘,600382,2025-10-17 22:52:02
10:01:18,7.47,0.0,89,66483,卖盘,600382,2025-10-17 22:52:02
10:01:21,7.47,0.0,71,53037,卖盘,600382,2025-10-17 22:52:02
10:01:24,7.47,0.0,62,46314,卖盘,600382,2025-10-17 22:52:02
10:01:27,7.47,0.0,6,4482,卖盘,600382,2025-10-17 22:52:02
10:01:30,7.47,0.0,79,59013,卖盘,600382,2025-10-17 22:52:02
10:01:33,7.47,0.0,2,1494,卖盘,600382,2025-10-17 22:52:02
10:01:36,7.47,0.0,62,46314,卖盘,600382,2025-10-17 22:52:02
10:01:39,7.47,0.0,20,14940,卖盘,600382,2025-10-17 22:52:02
10:01:42,7.47,0.0,214,159858,卖盘,600382,2025-10-17 22:52:02
10:01:45,7.47,0.0,50,37350,卖盘,600382,2025-10-17 22:52:02
10:01:48,7.47,0.0,19,14193,卖盘,600382,2025-10-17 22:52:02
10:01:51,7.47,0.0,61,45567,卖盘,600382,2025-10-17 22:52:02
10:01:54,7.47,0.0,20,14940,卖盘,600382,2025-10-17 22:52:02
10:01:57,7.47,0.0,73,54531,卖盘,600382,2025-10-17 22:52:02
10:02:00,7.47,0.0,224,167328,卖盘,600382,2025-10-17 22:52:02
10:02:06,7.47,0.0,2,1494,卖盘,600382,2025-10-17 22:52:02
10:02:09,7.47,0.0,20,14940,卖盘,600382,2025-10-17 22:52:02
10:02:15,7.47,0.0,196,146412,卖盘,600382,2025-10-17 22:52:02
10:02:18,7.47,0.0,11,8217,卖盘,600382,2025-10-17 22:52:02
10:02:21,7.47,0.0,53,39591,卖盘,600382,2025-10-17 22:52:02
10:02:24,7.47,0.0,25,18675,卖盘,600382,2025-10-17 22:52:02
10:02:27,7.47,0.0,33,24651,卖盘,600382,2025-10-17 22:52:02
10:02:30,7.47,0.0,50,37350,卖盘,600382,2025-10-17 22:52:02
10:02:33,7.47,0.0,10,7470,卖盘,600382,2025-10-17 22:52:02
10:02:36,7.47,0.0,38,28386,卖盘,600382,2025-10-17 22:52:02
10:02:39,7.47,0.0,7,5229,卖盘,600382,2025-10-17 22:52:02
10:02:42,7.47,0.0,72,53784,卖盘,600382,2025-10-17 22:52:02
10:02:45,7.47,0.0,11,8217,卖盘,600382,2025-10-17 22:52:02
10:02:48,7.47,0.0,3,2241,卖盘,600382,2025-10-17 22:52:02
10:02:51,7.47,0.0,111,82917,卖盘,600382,2025-10-17 22:52:02
10:02:54,7.47,0.0,16,11952,卖盘,600382,2025-10-17 22:52:02
10:02:57,7.47,0.0,3,2241,卖盘,600382,2025-10-17 22:52:02
10:03:00,7.47,0.0,40,29880,卖盘,600382,2025-10-17 22:52:02
10:03:03,7.47,0.0,10,7470,卖盘,600382,2025-10-17 22:52:02
10:03:06,7.47,0.0,12,8964,卖盘,600382,2025-10-17 22:52:02
10:03:09,7.47,0.0,8,5976,卖盘,600382,2025-10-17 22:52:02
10:03:12,7.47,0.0,327,244269,卖盘,600382,2025-10-17 22:52:02
10:03:15,7.47,0.0,42,31374,卖盘,600382,2025-10-17 22:52:02
10:03:18,7.47,0.0,1204,899388,卖盘,600382,2025-10-17 22:52:02
10:03:21,7.47,0.0,314,234558,卖盘,600382,2025-10-17 22:52:02
10:03:24,7.47,0.0,105,78435,卖盘,600382,2025-10-17 22:52:02
10:03:27,7.47,0.0,123,91881,卖盘,600382,2025-10-17 22:52:02
10:03:30,7.47,0.0,390,291330,卖盘,600382,2025-10-17 22:52:02
10:03:33,7.47,0.0,38,28386,卖盘,600382,2025-10-17 22:52:02
10:03:36,7.47,0.0,10,7470,卖盘,600382,2025-10-17 22:52:02
10:03:39,7.47,0.0,255,190485,卖盘,600382,2025-10-17 22:52:02
10:03:42,7.47,0.0,636,475092,卖盘,600382,2025-10-17 22:52:02
10:03:45,7.47,0.0,751,560997,卖盘,600382,2025-10-17 22:52:02
10:03:48,7.47,0.0,265,197955,卖盘,600382,2025-10-17 22:52:02
10:03:51,7.47,0.0,340,253980,卖盘,600382,2025-10-17 22:52:02
10:03:54,7.47,0.0,706,527389,卖盘,600382,2025-10-17 22:52:02
10:03:57,7.47,0.0,1060,791820,卖盘,600382,2025-10-17 22:52:02
10:04:00,7.47,0.0,80,59760,卖盘,600382,2025-10-17 22:52:02
10:04:03,7.47,0.0,250,186750,卖盘,600382,2025-10-17 22:52:02
10:04:06,7.47,0.0,214,159858,卖盘,600382,2025-10-17 22:52:02
10:04:09,7.47,0.0,189,141183,卖盘,600382,2025-10-17 22:52:02
10:04:12,7.47,0.0,106,79182,卖盘,600382,2025-10-17 22:52:02
10:04:15,7.47,0.0,48,35856,卖盘,600382,2025-10-17 22:52:02
10:04:18,7.47,0.0,98,73206,卖盘,600382,2025-10-17 22:52:02
10:04:21,7.47,0.0,100,74700,卖盘,600382,2025-10-17 22:52:02
10:04:24,7.47,0.0,1234,921798,卖盘,600382,2025-10-17 22:52:02
10:04:27,7.47,0.0,139,103833,卖盘,600382,2025-10-17 22:52:02
10:04:30,7.47,0.0,85,63495,卖盘,600382,2025-10-17 22:52:02
10:04:33,7.47,0.0,78,58266,卖盘,600382,2025-10-17 22:52:02
10:04:36,7.47,0.0,179,133713,卖盘,600382,2025-10-17 22:52:02
10:04:39,7.47,0.0,183,136701,卖盘,600382,2025-10-17 22:52:02
10:04:42,7.47,0.0,100,74700,卖盘,600382,2025-10-17 22:52:02
10:04:45,7.47,0.0,262,195714,卖盘,600382,2025-10-17 22:52:02
10:04:48,7.47,0.0,82,61254,卖盘,600382,2025-10-17 22:52:02
10:04:51,7.47,0.0,216,161352,卖盘,600382,2025-10-17 22:52:02
10:04:54,7.47,0.0,6,4482,卖盘,600382,2025-10-17 22:52:02
10:04:57,7.47,0.0,74,55278,卖盘,600382,2025-10-17 22:52:02
10:05:00,7.47,0.0,60,44820,卖盘,600382,2025-10-17 22:52:02
10:05:03,7.47,0.0,66,49302,卖盘,600382,2025-10-17 22:52:02
10:05:06,7.47,0.0,7,5229,卖盘,600382,2025-10-17 22:52:02
10:05:09,7.47,0.0,17,12699,卖盘,600382,2025-10-17 22:52:02
10:05:12,7.47,0.0,161,120267,卖盘,600382,2025-10-17 22:52:02
10:05:15,7.47,0.0,92,68724,卖盘,600382,2025-10-17 22:52:02
10:05:18,7.47,0.0,49,36603,卖盘,600382,2025-10-17 22:52:02
10:05:21,7.47,0.0,66,49302,卖盘,600382,2025-10-17 22:52:02
10:05:24,7.47,0.0,50,37350,卖盘,600382,2025-10-17 22:52:02
10:05:27,7.47,0.0,77,57519,卖盘,600382,2025-10-17 22:52:02
10:05:30,7.47,0.0,243,181521,卖盘,600382,2025-10-17 22:52:02
10:05:33,7.47,0.0,50,37350,卖盘,600382,2025-10-17 22:52:02
10:05:36,7.47,0.0,51,38097,卖盘,600382,2025-10-17 22:52:02
10:05:39,7.47,0.0,65,48555,卖盘,600382,2025-10-17 22:52:02
10:05:42,7.47,0.0,104,77688,卖盘,600382,2025-10-17 22:52:02
10:05:45,7.47,0.0,372,277884,卖盘,600382,2025-10-17 22:52:02
10:05:48,7.47,0.0,5,3735,卖盘,600382,2025-10-17 22:52:02
10:05:51,7.47,0.0,128,95616,卖盘,600382,2025-10-17 22:52:02
10:05:54,7.47,0.0,135,100845,卖盘,600382,2025-10-17 22:52:02
10:06:00,7.47,0.0,25,18675,卖盘,600382,2025-10-17 22:52:02
10:06:03,7.47,0.0,20,14940,卖盘,600382,2025-10-17 22:52:02
10:06:06,7.47,0.0,85,63495,卖盘,600382,2025-10-17 22:52:02
10:06:09,7.47,0.0,58,43326,卖盘,600382,2025-10-17 22:52:02
10:06:15,7.47,0.0,28,20916,卖盘,600382,2025-10-17 22:52:02
10:06:18,7.47,0.0,7,5229,卖盘,600382,2025-10-17 22:52:02
10:06:21,7.47,0.0,96,71712,卖盘,600382,2025-10-17 22:52:02
10:06:24,7.47,0.0,67,50049,卖盘,600382,2025-10-17 22:52:02
10:06:33,7.47,0.0,41,30627,卖盘,600382,2025-10-17 22:52:02
10:06:36,7.47,0.0,167,124749,卖盘,600382,2025-10-17 22:52:02
10:06:39,7.47,0.0,2,1494,卖盘,600382,2025-10-17 22:52:02
10:06:42,7.47,0.0,36,26892,卖盘,600382,2025-10-17 22:52:02
10:06:45,7.47,0.0,2,1494,卖盘,600382,2025-10-17 22:52:02
10:06:48,7.47,0.0,970,724590,卖盘,600382,2025-10-17 22:52:02
10:06:51,7.47,0.0,15,11205,卖盘,600382,2025-10-17 22:52:02
10:06:54,7.47,0.0,199,148653,卖盘,600382,2025-10-17 22:52:02
10:06:57,7.47,0.0,11,8217,卖盘,600382,2025-10-17 22:52:02
10:07:00,7.47,0.0,15,11205,卖盘,600382,2025-10-17 22:52:02
10:07:03,7.47,0.0,146,109062,卖盘,600382,2025-10-17 22:52:02
10:07:06,7.47,0.0,112,83664,卖盘,600382,2025-10-17 22:52:02
10:07:09,7.47,0.0,30,22410,卖盘,600382,2025-10-17 22:52:02
10:07:12,7.47,0.0,50,37350,卖盘,600382,2025-10-17 22:52:02
10:07:15,7.47,0.0,29,21663,卖盘,600382,2025-10-17 22:52:02
10:07:18,7.47,0.0,30,22410,卖盘,600382,2025-10-17 22:52:02
10:07:21,7.47,0.0,4,2988,卖盘,600382,2025-10-17 22:52:02
10:07:27,7.47,0.0,10,7470,卖盘,600382,2025-10-17 22:52:02
10:07:30,7.47,0.0,29,21663,卖盘,600382,2025-10-17 22:52:02
10:07:36,7.47,0.0,10,7470,卖盘,600382,2025-10-17 22:52:02
10:07:39,7.47,0.0,50,37350,卖盘,600382,2025-10-17 22:52:02
10:07:42,7.47,0.0,14,10458,卖盘,600382,2025-10-17 22:52:02
10:07:45,7.47,0.0,10,7470,卖盘,600382,2025-10-17 22:52:02
10:07:48,7.47,0.0,22,16434,卖盘,600382,2025-10-17 22:52:02
10:07:51,7.47,0.0,42,31374,卖盘,600382,2025-10-17 22:52:02
10:07:54,7.47,0.0,71,52888,卖盘,600382,2025-10-17 22:52:02
10:07:57,7.47,0.0,9,6723,卖盘,600382,2025-10-17 22:52:02
10:08:00,7.47,0.0,31,23157,卖盘,600382,2025-10-17 22:52:02
10:08:03,7.47,0.0,30,22410,卖盘,600382,2025-10-17 22:52:02
10:08:06,7.47,0.0,73,54531,卖盘,600382,2025-10-17 22:52:02
10:08:09,7.47,0.0,1,747,卖盘,600382,2025-10-17 22:52:02
10:08:15,7.47,0.0,10,7470,卖盘,600382,2025-10-17 22:52:02
10:08:18,7.47,0.0,103,76941,卖盘,600382,2025-10-17 22:52:02
10:08:21,7.47,0.0,17,12699,卖盘,600382,2025-10-17 22:52:02
10:08:24,7.47,0.0,2,1494,卖盘,600382,2025-10-17 22:52:02
10:08:27,7.47,0.0,201,150147,卖盘,600382,2025-10-17 22:52:02
10:08:30,7.47,0.0,82,61254,卖盘,600382,2025-10-17 22:52:02
10:08:36,7.47,0.0,9,6723,卖盘,600382,2025-10-17 22:52:02
10:08:39,7.47,0.0,10,7470,卖盘,600382,2025-10-17 22:52:02
10:08:42,7.47,0.0,5,3735,卖盘,600382,2025-10-17 22:52:02
10:08:45,7.47,0.0,18,13446,卖盘,600382,2025-10-17 22:52:02
10:08:48,7.47,0.0,2,1494,卖盘,600382,2025-10-17 22:52:02
10:08:51,7.47,0.0,86,64242,卖盘,600382,2025-10-17 22:52:02
10:08:54,7.47,0.0,504,376488,卖盘,600382,2025-10-17 22:52:02
10:08:57,7.47,0.0,50,37350,卖盘,600382,2025-10-17 22:52:02
10:09:00,7.47,0.0,1,747,卖盘,600382,2025-10-17 22:52:02
10:09:03,7.47,0.0,111,82917,卖盘,600382,2025-10-17 22:52:02
10:09:06,7.47,0.0,5,3735,卖盘,600382,2025-10-17 22:52:02
10:09:09,7.47,0.0,15,11205,卖盘,600382,2025-10-17 22:52:02
10:09:12,7.47,0.0,49,36603,卖盘,600382,2025-10-17 22:52:02
10:09:15,7.47,0.0,20,14940,卖盘,600382,2025-10-17 22:52:02
10:09:18,7.47,0.0,23,17181,卖盘,600382,2025-10-17 22:52:02
10:09:24,7.47,0.0,4,2988,卖盘,600382,2025-10-17 22:52:02
10:09:30,7.47,0.0,2,1494,卖盘,600382,2025-10-17 22:52:02
10:09:33,7.47,0.0,142,106074,卖盘,600382,2025-10-17 22:52:02
10:09:36,7.47,0.0,16,11952,卖盘,600382,2025-10-17 22:52:02
10:09:48,7.47,0.0,7,5229,卖盘,600382,2025-10-17 22:52:02
10:09:51,7.47,0.0,1,747,卖盘,600382,2025-10-17 22:52:02
10:09:57,7.47,0.0,9,6723,卖盘,600382,2025-10-17 22:52:02
10:10:00,7.47,0.0,10,7470,卖盘,600382,2025-10-17 22:52:02
10:10:03,7.47,0.0,158,118026,卖盘,600382,2025-10-17 22:52:02
10:10:06,7.47,0.0,137,102339,卖盘,600382,2025-10-17 22:52:02
10:10:09,7.47,0.0,85,63495,卖盘,600382,2025-10-17 22:52:02
10:10:12,7.47,0.0,58,43326,卖盘,600382,2025-10-17 22:52:02
10:10:15,7.47,0.0,20,14940,卖盘,600382,2025-10-17 22:52:02
10:10:18,7.47,0.0,5,3735,卖盘,600382,2025-10-17 22:52:02
10:10:21,7.47,0.0,20,14940,卖盘,600382,2025-10-17 22:52:02
10:10:24,7.47,0.0,3,2241,卖盘,600382,2025-10-17 22:52:02
10:10:27,7.47,0.0,507,378729,卖盘,600382,2025-10-17 22:52:02
10:10:30,7.47,0.0,5,3735,卖盘,600382,2025-10-17 22:52:02
10:10:33,7.47,0.0,473,353331,卖盘,600382,2025-10-17 22:52:02
10:10:39,7.47,0.0,31,23157,卖盘,600382,2025-10-17 22:52:02
10:10:42,7.47,0.0,11,8217,卖盘,600382,2025-10-17 22:52:02
10:10:48,7.47,0.0,5,3735,卖盘,600382,2025-10-17 22:52:02
10:10:51,7.47,0.0,6,4482,卖盘,600382,2025-10-17 22:52:02
10:10:54,7.47,0.0,79,59013,卖盘,600382,2025-10-17 22:52:02
10:10:57,7.47,0.0,120,89640,卖盘,600382,2025-10-17 22:52:02
10:11:00,7.47,0.0,382,285354,卖盘,600382,2025-10-17 22:52:02
10:11:03,7.47,0.0,12,8964,卖盘,600382,2025-10-17 22:52:02
10:11:06,7.47,0.0,20,14940,卖盘,600382,2025-10-17 22:52:02
10:11:12,7.47,0.0,3,2241,卖盘,600382,2025-10-17 22:52:02
10:11:18,7.47,0.0,3,2241,卖盘,600382,2025-10-17 22:52:02
10:11:21,7.47,0.0,29,21663,卖盘,600382,2025-10-17 22:52:02
10:11:24,7.47,0.0,30,22410,卖盘,600382,2025-10-17 22:52:02
10:11:27,7.47,0.0,15,11205,卖盘,600382,2025-10-17 22:52:02
10:11:30,7.47,0.0,2,1494,卖盘,600382,2025-10-17 22:52:02
10:11:33,7.47,0.0,186,138942,卖盘,600382,2025-10-17 22:52:02
10:11:36,7.47,0.0,33,24651,卖盘,600382,2025-10-17 22:52:02
10:11:39,7.47,0.0,5,3735,卖盘,600382,2025-10-17 22:52:02
10:11:48,7.47,0.0,1,747,卖盘,600382,2025-10-17 22:52:02
10:11:51,7.47,0.0,161,120267,卖盘,600382,2025-10-17 22:52:02
10:11:54,7.47,0.0,86,64242,卖盘,600382,2025-10-17 22:52:02
10:12:00,7.47,0.0,13,9711,卖盘,600382,2025-10-17 22:52:02
10:12:03,7.47,0.0,7,5229,卖盘,600382,2025-10-17 22:52:02
10:12:06,7.47,0.0,3,2241,卖盘,600382,2025-10-17 22:52:02
10:12:09,7.47,0.0,20,14940,卖盘,600382,2025-10-17 22:52:02
10:12:15,7.47,0.0,51,38097,卖盘,600382,2025-10-17 22:52:02
10:12:18,7.47,0.0,42,31374,卖盘,600382,2025-10-17 22:52:02
10:12:21,7.47,0.0,10,7470,卖盘,600382,2025-10-17 22:52:02
10:12:24,7.47,0.0,52,38844,卖盘,600382,2025-10-17 22:52:02
10:12:27,7.47,0.0,2,1494,卖盘,600382,2025-10-17 22:52:02
10:12:30,7.47,0.0,6,4482,卖盘,600382,2025-10-17 22:52:02
10:12:33,7.47,0.0,4,2988,卖盘,600382,2025-10-17 22:52:02
10:12:36,7.47,0.0,20,14940,卖盘,600382,2025-10-17 22:52:02
10:12:39,7.47,0.0,50,37350,卖盘,600382,2025-10-17 22:52:02
10:12:42,7.47,0.0,88,65736,卖盘,600382,2025-10-17 22:52:02
10:12:45,7.47,0.0,82,61254,卖盘,600382,2025-10-17 22:52:02
10:12:48,7.47,0.0,20,14940,卖盘,600382,2025-10-17 22:52:02
10:12:57,7.47,0.0,51,38097,卖盘,600382,2025-10-17 22:52:02
10:13:00,7.47,0.0,45,33615,卖盘,600382,2025-10-17 22:52:02
10:13:06,7.47,0.0,101,75447,卖盘,600382,2025-10-17 22:52:02
10:13:12,7.47,0.0,30,22410,卖盘,600382,2025-10-17 22:52:02
10:13:18,7.47,0.0,8,5976,卖盘,600382,2025-10-17 22:52:02
10:13:21,7.47,0.0,10,7470,卖盘,600382,2025-10-17 22:52:02
10:13:24,7.47,0.0,29,21663,卖盘,600382,2025-10-17 22:52:02
10:13:30,7.47,0.0,21,15687,卖盘,600382,2025-10-17 22:52:02
10:13:36,7.47,0.0,66,49302,卖盘,600382,2025-10-17 22:52:02
10:13:42,7.47,0.0,2,1494,卖盘,600382,2025-10-17 22:52:02
10:13:45,7.47,0.0,18,13446,卖盘,600382,2025-10-17 22:52:02
10:13:48,7.47,0.0,114,85158,卖盘,600382,2025-10-17 22:52:02
10:13:51,7.47,0.0,11,8217,卖盘,600382,2025-10-17 22:52:02
10:14:00,7.47,0.0,19,14193,卖盘,600382,2025-10-17 22:52:02
10:14:03,7.47,0.0,35,26145,卖盘,600382,2025-10-17 22:52:02
10:14:09,7.47,0.0,79,59013,卖盘,600382,2025-10-17 22:52:02
10:14:15,7.47,0.0,22,16434,卖盘,600382,2025-10-17 22:52:02
10:14:30,7.47,0.0,10,7470,卖盘,600382,2025-10-17 22:52:02
10:14:36,7.47,0.0,90,67230,卖盘,600382,2025-10-17 22:52:02
10:14:39,7.47,0.0,17,12699,卖盘,600382,2025-10-17 22:52:02
10:14:42,7.47,0.0,63,47061,卖盘,600382,2025-10-17 22:52:02
10:14:45,7.47,0.0,57,42579,卖盘,600382,2025-10-17 22:52:02
10:14:48,7.47,0.0,45,33615,卖盘,600382,2025-10-17 22:52:02
10:14:54,7.47,0.0,183,136701,卖盘,600382,2025-10-17 22:52:02
10:15:00,7.47,0.0,10,7470,卖盘,600382,2025-10-17 22:52:02
10:15:03,7.47,0.0,14,10458,卖盘,600382,2025-10-17 22:52:02
10:15:09,7.47,0.0,3,2241,卖盘,600382,2025-10-17 22:52:02
10:15:12,7.47,0.0,27,20169,卖盘,600382,2025-10-17 22:52:02
10:15:15,7.47,0.0,30,22410,卖盘,600382,2025-10-17 22:52:02
10:15:21,7.47,0.0,18,13446,卖盘,600382,2025-10-17 22:52:02
10:15:24,7.47,0.0,25,18675,卖盘,600382,2025-10-17 22:52:02
10:15:27,7.47,0.0,12,8964,卖盘,600382,2025-10-17 22:52:02
10:15:33,7.47,0.0,10,7470,卖盘,600382,2025-10-17 22:52:02
10:15:42,7.47,0.0,5,3735,卖盘,600382,2025-10-17 22:52:02
10:15:45,7.47,0.0,5,3735,卖盘,600382,2025-10-17 22:52:02
10:15:48,7.47,0.0,130,97110,卖盘,600382,2025-10-17 22:52:02
10:15:51,7.47,0.0,8,5976,卖盘,600382,2025-10-17 22:52:02
10:15:54,7.47,0.0,36,26892,卖盘,600382,2025-10-17 22:52:02
10:15:57,7.47,0.0,29,21663,卖盘,600382,2025-10-17 22:52:02
10:16:06,7.47,0.0,38,28386,卖盘,600382,2025-10-17 22:52:02
10:16:09,7.47,0.0,4,2988,卖盘,600382,2025-10-17 22:52:02
10:16:24,7.47,0.0,1,747,卖盘,600382,2025-10-17 22:52:02
10:16:33,7.47,0.0,80,59760,卖盘,600382,2025-10-17 22:52:02
10:16:36,7.47,0.0,16,11952,卖盘,600382,2025-10-17 22:52:02
10:16:45,7.47,0.0,6,4482,卖盘,600382,2025-10-17 22:52:02
10:16:48,7.47,0.0,50,37350,卖盘,600382,2025-10-17 22:52:02
10:16:51,7.47,0.0,3,2241,卖盘,600382,2025-10-17 22:52:02
10:16:54,7.47,0.0,10,7470,卖盘,600382,2025-10-17 22:52:02
10:17:00,7.47,0.0,34,25398,卖盘,600382,2025-10-17 22:52:02
10:17:03,7.47,0.0,55,41085,卖盘,600382,2025-10-17 22:52:02
10:17:21,7.47,0.0,21,15687,卖盘,600382,2025-10-17 22:52:02
10:17:24,7.47,0.0,531,396657,卖盘,600382,2025-10-17 22:52:02
10:17:30,7.47,0.0,30,22410,卖盘,600382,2025-10-17 22:52:02
10:17:33,7.47,0.0,30,22410,卖盘,600382,2025-10-17 22:52:02
10:17:36,7.47,0.0,10,7470,卖盘,600382,2025-10-17 22:52:02
10:17:42,7.47,0.0,8,5976,卖盘,600382,2025-10-17 22:52:02
10:17:45,7.47,0.0,10,7470,卖盘,600382,2025-10-17 22:52:02
10:17:48,7.47,0.0,41,30627,卖盘,600382,2025-10-17 22:52:02
10:18:00,7.47,0.0,10,7470,卖盘,600382,2025-10-17 22:52:02
10:18:03,7.47,0.0,24,17928,卖盘,600382,2025-10-17 22:52:02
10:18:12,7.47,0.0,30,22410,卖盘,600382,2025-10-17 22:52:02
10:18:24,7.47,0.0,43,32121,卖盘,600382,2025-10-17 22:52:02
10:18:27,7.47,0.0,18,13446,卖盘,600382,2025-10-17 22:52:02
10:18:30,7.47,0.0,10,7470,卖盘,600382,2025-10-17 22:52:02
10:18:33,7.47,0.0,247,184509,卖盘,600382,2025-10-17 22:52:02
10:18:36,7.47,0.0,6,4482,卖盘,600382,2025-10-17 22:52:02
10:18:39,7.47,0.0,2,1494,卖盘,600382,2025-10-17 22:52:02
10:18:42,7.47,0.0,94,70218,卖盘,600382,2025-10-17 22:52:02
10:18:45,7.47,0.0,26,19422,卖盘,600382,2025-10-17 22:52:02
10:18:48,7.47,0.0,5,3735,卖盘,600382,2025-10-17 22:52:02
10:18:51,7.47,0.0,1,747,卖盘,600382,2025-10-17 22:52:02
10:18:57,7.47,0.0,21,15687,卖盘,600382,2025-10-17 22:52:02
10:19:00,7.47,0.0,5,3735,卖盘,600382,2025-10-17 22:52:02
10:19:03,7.47,0.0,22,16434,卖盘,600382,2025-10-17 22:52:02
10:19:15,7.47,0.0,63,47061,卖盘,600382,2025-10-17 22:52:02
10:19:24,7.47,0.0,3,2241,卖盘,600382,2025-10-17 22:52:02
10:19:30,7.47,0.0,64,47808,卖盘,600382,2025-10-17 22:52:02
10:19:33,7.47,0.0,27,20169,卖盘,600382,2025-10-17 22:52:02
10:19:36,7.47,0.0,20,14940,卖盘,600382,2025-10-17 22:52:02
10:19:39,7.47,0.0,6,4482,卖盘,600382,2025-10-17 22:52:02
10:19:45,7.47,0.0,10,7470,卖盘,600382,2025-10-17 22:52:02
10:20:00,7.47,0.0,9,6723,卖盘,600382,2025-10-17 22:52:02
10:20:03,7.47,0.0,11,8217,卖盘,600382,2025-10-17 22:52:02
10:20:06,7.47,0.0,23,17181,卖盘,600382,2025-10-17 22:52:02
10:20:09,7.47,0.0,50,37350,卖盘,600382,2025-10-17 22:52:02
10:20:15,7.47,0.0,13,9711,卖盘,600382,2025-10-17 22:52:02
10:20:21,7.47,0.0,1,747,卖盘,600382,2025-10-17 22:52:02
10:20:24,7.47,0.0,2,1494,卖盘,600382,2025-10-17 22:52:02
10:20:27,7.47,0.0,4,2988,卖盘,600382,2025-10-17 22:52:02
10:20:33,7.47,0.0,47,35109,卖盘,600382,2025-10-17 22:52:02
10:20:36,7.47,0.0,10,7470,卖盘,600382,2025-10-17 22:52:02
10:20:42,7.47,0.0,50,37350,卖盘,600382,2025-10-17 22:52:02
10:20:48,7.47,0.0,10,7470,卖盘,600382,2025-10-17 22:52:02
10:20:54,7.47,0.0,2,1494,卖盘,600382,2025-10-17 22:52:02
10:20:57,7.47,0.0,10,7470,卖盘,600382,2025-10-17 22:52:02
10:21:03,7.47,0.0,20,14940,卖盘,600382,2025-10-17 22:52:02
10:21:06,7.47,0.0,2,1494,卖盘,600382,2025-10-17 22:52:02
10:21:09,7.47,0.0,3,2241,卖盘,600382,2025-10-17 22:52:02
10:21:12,7.47,0.0,10,7470,卖盘,600382,2025-10-17 22:52:02
10:21:15,7.47,0.0,20,14940,卖盘,600382,2025-10-17 22:52:02
10:21:24,7.47,0.0,30,22410,卖盘,600382,2025-10-17 22:52:02
10:21:27,7.47,0.0,2,1494,卖盘,600382,2025-10-17 22:52:02
10:21:33,7.47,0.0,41,30627,卖盘,600382,2025-10-17 22:52:02
10:21:39,7.47,0.0,26,19422,卖盘,600382,2025-10-17 22:52:02
10:21:42,7.47,0.0,1,747,卖盘,600382,2025-10-17 22:52:02
10:21:45,7.47,0.0,40,29880,卖盘,600382,2025-10-17 22:52:02
10:21:48,7.47,0.0,1,747,卖盘,600382,2025-10-17 22:52:02
10:21:51,7.47,0.0,3,2241,卖盘,600382,2025-10-17 22:52:02
10:21:54,7.47,0.0,43,32121,卖盘,600382,2025-10-17 22:52:02
10:21:57,7.47,0.0,193,144171,卖盘,600382,2025-10-17 22:52:02
10:22:00,7.47,0.0,1,747,卖盘,600382,2025-10-17 22:52:02
10:22:09,7.47,0.0,1,747,卖盘,600382,2025-10-17 22:52:02
10:22:18,7.47,0.0,2,1494,卖盘,600382,2025-10-17 22:52:02
10:22:24,7.47,0.0,4,2988,卖盘,600382,2025-10-17 22:52:02
10:22:30,7.47,0.0,47,35109,卖盘,600382,2025-10-17 22:52:02
10:22:36,7.47,0.0,149,111303,卖盘,600382,2025-10-17 22:52:02
10:22:42,7.47,0.0,7,5229,卖盘,600382,2025-10-17 22:52:02
10:22:45,7.47,0.0,20,14940,卖盘,600382,2025-10-17 22:52:02
10:22:54,7.47,0.0,21,15687,卖盘,600382,2025-10-17 22:52:02
10:22:57,7.47,0.0,16,11952,卖盘,600382,2025-10-17 22:52:02
10:23:00,7.47,0.0,15,11205,卖盘,600382,2025-10-17 22:52:02
10:23:03,7.47,0.0,20,14940,卖盘,600382,2025-10-17 22:52:02
10:23:36,7.47,0.0,29,21663,卖盘,600382,2025-10-17 22:52:02
10:23:48,7.47,0.0,3,2241,卖盘,600382,2025-10-17 22:52:02
10:23:51,7.47,0.0,3,2241,卖盘,600382,2025-10-17 22:52:02
10:23:54,7.47,0.0,4,2988,卖盘,600382,2025-10-17 22:52:02
10:24:03,7.47,0.0,4,2988,卖盘,600382,2025-10-17 22:52:02
10:24:09,7.47,0.0,2,1494,卖盘,600382,2025-10-17 22:52:02
10:24:12,7.47,0.0,4,2988,卖盘,600382,2025-10-17 22:52:02
10:24:15,7.47,0.0,1,747,卖盘,600382,2025-10-17 22:52:02
10:24:18,7.47,0.0,39,29133,卖盘,600382,2025-10-17 22:52:02
10:24:21,7.47,0.0,3,2241,卖盘,600382,2025-10-17 22:52:02
10:24:30,7.47,0.0,8,5976,卖盘,600382,2025-10-17 22:52:02
10:24:33,7.47,0.0,4,2988,卖盘,600382,2025-10-17 22:52:02
10:24:39,7.47,0.0,10,7470,卖盘,600382,2025-10-17 22:52:02
10:24:54,7.47,0.0,20,14940,卖盘,600382,2025-10-17 22:52:02
10:25:00,7.47,0.0,4,2988,卖盘,600382,2025-10-17 22:52:02
10:25:03,7.47,0.0,2,1494,卖盘,600382,2025-10-17 22:52:02
10:25:09,7.47,0.0,4,2988,卖盘,600382,2025-10-17 22:52:02
10:25:18,7.47,0.0,50,37350,卖盘,600382,2025-10-17 22:52:02
10:25:21,7.47,0.0,8,5976,卖盘,600382,2025-10-17 22:52:02
10:25:24,7.47,0.0,5,3735,卖盘,600382,2025-10-17 22:52:02
10:25:30,7.47,0.0,42,31374,卖盘,600382,2025-10-17 22:52:02
10:25:33,7.47,0.0,8,5976,卖盘,600382,2025-10-17 22:52:02
10:25:39,7.47,0.0,100,74700,卖盘,600382,2025-10-17 22:52:02
10:25:45,7.47,0.0,70,52290,卖盘,600382,2025-10-17 22:52:02
10:25:48,7.47,0.0,4,2988,卖盘,600382,2025-10-17 22:52:02
10:25:51,7.47,0.0,45,33615,卖盘,600382,2025-10-17 22:52:02
10:25:54,7.47,0.0,10,7470,卖盘,600382,2025-10-17 22:52:02
10:25:57,7.47,0.0,113,84411,卖盘,600382,2025-10-17 22:52:02
10:26:00,7.47,0.0,27,20169,卖盘,600382,2025-10-17 22:52:02
10:26:24,7.47,0.0,5,3735,卖盘,600382,2025-10-17 22:52:02
10:26:27,7.47,0.0,11,8217,卖盘,600382,2025-10-17 22:52:02
10:26:33,7.47,0.0,10,7470,卖盘,600382,2025-10-17 22:52:02
10:26:45,7.47,0.0,5,3735,卖盘,600382,2025-10-17 22:52:02
10:26:48,7.47,0.0,4,2988,卖盘,600382,2025-10-17 22:52:02
10:27:09,7.47,0.0,7,5229,卖盘,600382,2025-10-17 22:52:02
10:27:27,7.47,0.0,50,37350,卖盘,600382,2025-10-17 22:52:02
10:27:39,7.47,0.0,1,747,卖盘,600382,2025-10-17 22:52:02
10:27:45,7.47,0.0,7,5229,卖盘,600382,2025-10-17 22:52:02
10:27:51,7.47,0.0,15,11205,卖盘,600382,2025-10-17 22:52:02
10:28:03,7.47,0.0,7,5229,卖盘,600382,2025-10-17 22:52:02
10:28:06,7.47,0.0,3,2166,卖盘,600382,2025-10-17 22:52:02
10:28:09,7.47,0.0,23,17181,卖盘,600382,2025-10-17 22:52:02
10:28:15,7.47,0.0,21,15687,卖盘,600382,2025-10-17 22:52:02
10:28:24,7.47,0.0,17,12699,卖盘,600382,2025-10-17 22:52:02
10:28:30,7.47,0.0,14,10458,卖盘,600382,2025-10-17 22:52:02
10:28:33,7.47,0.0,10,7470,卖盘,600382,2025-10-17 22:52:02
10:28:48,7.47,0.0,1,747,卖盘,600382,2025-10-17 22:52:02
10:28:51,7.47,0.0,31,23157,卖盘,600382,2025-10-17 22:52:02
10:29:00,7.47,0.0,9,6723,卖盘,600382,2025-10-17 22:52:02
10:29:03,7.47,0.0,22,16434,卖盘,600382,2025-10-17 22:52:02
10:29:12,7.47,0.0,5,3735,卖盘,600382,2025-10-17 22:52:02
10:29:15,7.47,0.0,10,7470,卖盘,600382,2025-10-17 22:52:02
10:29:24,7.47,0.0,36,26892,卖盘,600382,2025-10-17 22:52:02
10:29:30,7.47,0.0,8,5976,卖盘,600382,2025-10-17 22:52:02
10:29:54,7.47,0.0,6,4482,卖盘,600382,2025-10-17 22:52:02
10:29:57,7.47,0.0,4,2988,卖盘,600382,2025-10-17 22:52:02
10:30:03,7.47,0.0,5,3735,卖盘,600382,2025-10-17 22:52:02
10:30:15,7.47,0.0,94,70218,卖盘,600382,2025-10-17 22:52:02
10:30:27,7.47,0.0,50,37350,卖盘,600382,2025-10-17 22:52:02
10:30:30,7.47,0.0,1,747,卖盘,600382,2025-10-17 22:52:02
10:30:33,7.47,0.0,400,298800,卖盘,600382,2025-10-17 22:52:02
10:30:36,7.47,0.0,19,14193,卖盘,600382,2025-10-17 22:52:02
10:30:51,7.47,0.0,2,1494,卖盘,600382,2025-10-17 22:52:02
10:30:54,7.47,0.0,5,3735,卖盘,600382,2025-10-17 22:52:02
10:31:00,7.47,0.0,15,11205,卖盘,600382,2025-10-17 22:52:02
10:31:03,7.47,0.0,15,11205,卖盘,600382,2025-10-17 22:52:02
10:31:12,7.47,0.0,92,68724,卖盘,600382,2025-10-17 22:52:02
10:31:18,7.47,0.0,1,747,卖盘,600382,2025-10-17 22:52:02
10:31:36,7.47,0.0,3,2241,卖盘,600382,2025-10-17 22:52:02
10:31:42,7.47,0.0,10,7470,卖盘,600382,2025-10-17 22:52:02
10:31:45,7.47,0.0,30,22410,卖盘,600382,2025-10-17 22:52:02
10:31:54,7.47,0.0,10,7470,卖盘,600382,2025-10-17 22:52:02
10:32:15,7.47,0.0,16,11952,卖盘,600382,2025-10-17 22:52:02
10:32:21,7.47,0.0,14,10458,卖盘,600382,2025-10-17 22:52:02
10:32:27,7.47,0.0,32,23904,卖盘,600382,2025-10-17 22:52:02
10:32:36,7.47,0.0,30,22410,卖盘,600382,2025-10-17 22:52:02
10:32:39,7.47,0.0,18,13446,卖盘,600382,2025-10-17 22:52:02
10:32:45,7.47,0.0,5,3735,卖盘,600382,2025-10-17 22:52:02
10:32:54,7.47,0.0,39,29133,卖盘,600382,2025-10-17 22:52:02
10:32:57,7.47,0.0,25,18675,卖盘,600382,2025-10-17 22:52:02
10:33:00,7.47,0.0,5,3735,卖盘,600382,2025-10-17 22:52:02
10:33:03,7.47,0.0,13,9711,卖盘,600382,2025-10-17 22:52:02
10:33:12,7.47,0.0,2,1494,卖盘,600382,2025-10-17 22:52:02
10:33:30,7.47,0.0,9,6723,卖盘,600382,2025-10-17 22:52:02
10:33:39,7.47,0.0,4,2988,卖盘,600382,2025-10-17 22:52:02
10:33:42,7.47,0.0,34,25398,卖盘,600382,2025-10-17 22:52:02
10:33:51,7.47,0.0,18,13446,卖盘,600382,2025-10-17 22:52:02
10:33:54,7.47,0.0,2,1494,卖盘,600382,2025-10-17 22:52:02
10:34:00,7.47,0.0,10,7470,卖盘,600382,2025-10-17 22:52:02
10:34:03,7.47,0.0,99,73953,卖盘,600382,2025-10-17 22:52:02
10:34:15,7.47,0.0,4,2988,卖盘,600382,2025-10-17 22:52:02
10:34:30,7.47,0.0,1,747,卖盘,600382,2025-10-17 22:52:02
10:34:39,7.47,0.0,100,74700,卖盘,600382,2025-10-17 22:52:02
10:35:00,7.47,0.0,18,13446,卖盘,600382,2025-10-17 22:52:02
10:35:06,7.47,0.0,1,747,卖盘,600382,2025-10-17 22:52:02
10:35:18,7.47,0.0,4,2988,卖盘,600382,2025-10-17 22:52:02
10:35:30,7.47,0.0,1,747,卖盘,600382,2025-10-17 22:52:02
10:35:42,7.47,0.0,15,11205,卖盘,600382,2025-10-17 22:52:02
10:35:45,7.47,0.0,20,14940,卖盘,600382,2025-10-17 22:52:02
10:35:51,7.47,0.0,22,16434,卖盘,600382,2025-10-17 22:52:02
10:36:15,7.47,0.0,10,7470,卖盘,600382,2025-10-17 22:52:02
10:36:21,7.47,0.0,1,747,卖盘,600382,2025-10-17 22:52:02
10:36:36,7.47,0.0,22,16434,卖盘,600382,2025-10-17 22:52:02
10:36:39,7.47,0.0,52,38844,卖盘,600382,2025-10-17 22:52:02
10:36:57,7.47,0.0,2,1494,卖盘,600382,2025-10-17 22:52:02
10:37:00,7.47,0.0,1,747,卖盘,600382,2025-10-17 22:52:02
10:37:03,7.47,0.0,12,8964,卖盘,600382,2025-10-17 22:52:02
10:37:06,7.47,0.0,62,46314,卖盘,600382,2025-10-17 22:52:02
10:37:21,7.47,0.0,8,5976,卖盘,600382,2025-10-17 22:52:02
10:37:24,7.47,0.0,50,37350,卖盘,600382,2025-10-17 22:52:02
10:37:30,7.47,0.0,25,18675,卖盘,600382,2025-10-17 22:52:02
10:37:33,7.47,0.0,12,8964,卖盘,600382,2025-10-17 22:52:02
10:37:36,7.47,0.0,75,56025,卖盘,600382,2025-10-17 22:52:02
10:37:42,7.47,0.0,67,50049,卖盘,600382,2025-10-17 22:52:02
10:37:57,7.47,0.0,5,3735,卖盘,600382,2025-10-17 22:52:02
10:38:03,7.47,0.0,10,7470,卖盘,600382,2025-10-17 22:52:02
10:38:06,7.47,0.0,1,747,卖盘,600382,2025-10-17 22:52:02
10:38:12,7.47,0.0,3,2241,卖盘,600382,2025-10-17 22:52:02
10:38:15,7.47,0.0,20,14940,卖盘,600382,2025-10-17 22:52:02
10:38:18,7.47,0.0,5,3735,卖盘,600382,2025-10-17 22:52:02
10:38:21,7.47,0.0,11,8217,卖盘,600382,2025-10-17 22:52:02
10:38:24,7.47,0.0,3,2241,卖盘,600382,2025-10-17 22:52:02
10:38:27,7.47,0.0,3,2241,卖盘,600382,2025-10-17 22:52:02
10:38:39,7.47,0.0,1,747,卖盘,600382,2025-10-17 22:52:02
10:38:42,7.47,0.0,69,51543,卖盘,600382,2025-10-17 22:52:02
10:38:48,7.47,0.0,18,13446,卖盘,600382,2025-10-17 22:52:02
10:38:54,7.47,0.0,47,35109,卖盘,600382,2025-10-17 22:52:02
10:38:57,7.47,0.0,88,65736,卖盘,600382,2025-10-17 22:52:02
10:39:00,7.47,0.0,1,747,卖盘,600382,2025-10-17 22:52:02
10:39:03,7.47,0.0,5,3735,卖盘,600382,2025-10-17 22:52:02
10:39:06,7.47,0.0,43,32121,卖盘,600382,2025-10-17 22:52:02
10:39:45,7.47,0.0,20,14940,卖盘,600382,2025-10-17 22:52:02
10:39:54,7.47,0.0,1,747,卖盘,600382,2025-10-17 22:52:02
10:39:57,7.47,0.0,5,3735,卖盘,600382,2025-10-17 22:52:02
10:40:00,7.47,0.0,1,747,卖盘,600382,2025-10-17 22:52:02
10:40:06,7.47,0.0,26,19422,卖盘,600382,2025-10-17 22:52:02
10:40:09,7.47,0.0,3,2241,卖盘,600382,2025-10-17 22:52:02
10:40:12,7.47,0.0,17,12699,卖盘,600382,2025-10-17 22:52:02
10:40:27,7.47,0.0,24,17928,卖盘,600382,2025-10-17 22:52:02
10:40:33,7.47,0.0,10,7470,卖盘,600382,2025-10-17 22:52:02
10:40:45,7.47,0.0,10,7470,卖盘,600382,2025-10-17 22:52:02
10:40:54,7.47,0.0,6,4482,卖盘,600382,2025-10-17 22:52:02
10:41:06,7.47,0.0,50,37350,卖盘,600382,2025-10-17 22:52:02
10:41:12,7.47,0.0,1,747,卖盘,600382,2025-10-17 22:52:02
10:41:39,7.47,0.0,1000,747000,卖盘,600382,2025-10-17 22:52:02
10:41:42,7.47,0.0,4,2988,卖盘,600382,2025-10-17 22:52:02
10:41:54,7.47,0.0,20,14940,卖盘,600382,2025-10-17 22:52:02
10:42:03,7.47,0.0,100,74700,卖盘,600382,2025-10-17 22:52:02
10:42:06,7.47,0.0,2,1494,卖盘,600382,2025-10-17 22:52:02
10:42:09,7.47,0.0,3,2241,卖盘,600382,2025-10-17 22:52:02
10:42:21,7.47,0.0,60,44820,卖盘,600382,2025-10-17 22:52:02
10:42:27,7.47,0.0,7,5229,卖盘,600382,2025-10-17 22:52:02
10:42:42,7.47,0.0,80,59760,卖盘,600382,2025-10-17 22:52:02
10:42:48,7.47,0.0,6,4482,卖盘,600382,2025-10-17 22:52:02
10:42:51,7.47,0.0,20,14940,卖盘,600382,2025-10-17 22:52:02
10:42:54,7.47,0.0,24,17928,卖盘,600382,2025-10-17 22:52:02
10:42:57,7.47,0.0,18,13446,卖盘,600382,2025-10-17 22:52:02
10:43:00,7.47,0.0,56,41832,卖盘,600382,2025-10-17 22:52:02
10:43:09,7.47,0.0,9,6723,卖盘,600382,2025-10-17 22:52:02
10:43:18,7.47,0.0,10,7470,卖盘,600382,2025-10-17 22:52:02
10:43:27,7.47,0.0,50,37350,卖盘,600382,2025-10-17 22:52:02
10:43:33,7.47,0.0,1,747,卖盘,600382,2025-10-17 22:52:02
10:43:36,7.47,0.0,50,37350,卖盘,600382,2025-10-17 22:52:02
10:43:45,7.47,0.0,48,35856,卖盘,600382,2025-10-17 22:52:02
10:43:54,7.47,0.0,51,38097,卖盘,600382,2025-10-17 22:52:02
10:44:03,7.47,0.0,50,37350,卖盘,600382,2025-10-17 22:52:02
10:44:06,7.47,0.0,5,3735,卖盘,600382,2025-10-17 22:52:02
10:44:09,7.47,0.0,7,5229,卖盘,600382,2025-10-17 22:52:02
10:44:12,7.47,0.0,52,38844,卖盘,600382,2025-10-17 22:52:02
10:44:18,7.47,0.0,20,14940,卖盘,600382,2025-10-17 22:52:02
10:44:36,7.47,0.0,35,26145,卖盘,600382,2025-10-17 22:52:02
10:44:51,7.47,0.0,10,7470,卖盘,600382,2025-10-17 22:52:02
10:45:09,7.47,0.0,1,747,卖盘,600382,2025-10-17 22:52:02
10:45:12,7.47,0.0,30,22410,卖盘,600382,2025-10-17 22:52:02
10:45:24,7.47,0.0,205,153135,卖盘,600382,2025-10-17 22:52:02
10:45:30,7.47,0.0,8,5976,卖盘,600382,2025-10-17 22:52:02
10:45:42,7.47,0.0,130,97110,卖盘,600382,2025-10-17 22:52:02
10:46:00,7.47,0.0,21,15687,卖盘,600382,2025-10-17 22:52:02
10:46:21,7.47,0.0,1,747,卖盘,600382,2025-10-17 22:52:02
10:46:30,7.47,0.0,20,14940,卖盘,600382,2025-10-17 22:52:02
10:46:33,7.47,0.0,15,11205,卖盘,600382,2025-10-17 22:52:02
10:46:36,7.47,0.0,1,747,卖盘,600382,2025-10-17 22:52:02
10:46:39,7.47,0.0,17,12699,卖盘,600382,2025-10-17 22:52:02
10:46:45,7.47,0.0,1,747,卖盘,600382,2025-10-17 22:52:02
10:46:54,7.47,0.0,1,747,卖盘,600382,2025-10-17 22:52:02
10:46:57,7.47,0.0,10,7470,卖盘,600382,2025-10-17 22:52:02
10:47:00,7.47,0.0,7,5229,卖盘,600382,2025-10-17 22:52:02
10:47:03,7.47,0.0,8,5976,卖盘,600382,2025-10-17 22:52:02
10:47:09,7.47,0.0,2,1494,卖盘,600382,2025-10-17 22:52:02
10:47:15,7.47,0.0,1,747,卖盘,600382,2025-10-17 22:52:02
10:47:21,7.47,0.0,1,747,卖盘,600382,2025-10-17 22:52:02
10:47:27,7.47,0.0,11,8217,卖盘,600382,2025-10-17 22:52:02
10:47:33,7.47,0.0,3,2241,卖盘,600382,2025-10-17 22:52:02
10:48:09,7.47,0.0,18,13446,卖盘,600382,2025-10-17 22:52:02
10:48:15,7.47,0.0,65,48555,卖盘,600382,2025-10-17 22:52:02
10:48:48,7.47,0.0,12,8964,卖盘,600382,2025-10-17 22:52:02
10:49:15,7.47,0.0,4,2988,卖盘,600382,2025-10-17 22:52:02
10:49:18,7.47,0.0,1,747,卖盘,600382,2025-10-17 22:52:02
10:49:21,7.47,0.0,29,21663,卖盘,600382,2025-10-17 22:52:02
10:49:24,7.47,0.0,4,2988,卖盘,600382,2025-10-17 22:52:02
10:49:42,7.47,0.0,20,14940,卖盘,600382,2025-10-17 22:52:02
10:50:03,7.47,0.0,5,3735,卖盘,600382,2025-10-17 22:52:02
10:50:06,7.47,0.0,12,8964,卖盘,600382,2025-10-17 22:52:02
10:50:09,7.47,0.0,2,1494,卖盘,600382,2025-10-17 22:52:02
10:50:12,7.47,0.0,10,7470,卖盘,600382,2025-10-17 22:52:02
10:50:27,7.47,0.0,1,747,卖盘,600382,2025-10-17 22:52:02
10:50:36,7.47,0.0,5,3735,卖盘,600382,2025-10-17 22:52:02
10:50:45,7.47,0.0,12,8964,卖盘,600382,2025-10-17 22:52:02
10:50:51,7.47,0.0,12,8964,卖盘,600382,2025-10-17 22:52:02
10:51:06,7.47,0.0,115,85905,卖盘,600382,2025-10-17 22:52:02
10:51:42,7.47,0.0,100,74700,卖盘,600382,2025-10-17 22:52:02
10:51:45,7.47,0.0,16,11952,卖盘,600382,2025-10-17 22:52:02
10:52:03,7.47,0.0,2,1494,卖盘,600382,2025-10-17 22:52:02
10:52:09,7.47,0.0,5,3735,卖盘,600382,2025-10-17 22:52:02
10:52:18,7.47,0.0,10,7470,卖盘,600382,2025-10-17 22:52:02
10:52:24,7.47,0.0,1,747,卖盘,600382,2025-10-17 22:52:02
10:52:27,7.47,0.0,9,6723,卖盘,600382,2025-10-17 22:52:02
10:52:39,7.47,0.0,150,112050,卖盘,600382,2025-10-17 22:52:02
10:52:45,7.47,0.0,13,9711,卖盘,600382,2025-10-17 22:52:02
10:53:03,7.47,0.0,1,747,卖盘,600382,2025-10-17 22:52:02
10:53:15,7.47,0.0,1,747,卖盘,600382,2025-10-17 22:52:02
10:53:33,7.47,0.0,1,747,卖盘,600382,2025-10-17 22:52:02
10:53:45,7.47,0.0,6,4482,卖盘,600382,2025-10-17 22:52:02
10:53:51,7.47,0.0,4,2988,卖盘,600382,2025-10-17 22:52:02
10:53:57,7.47,0.0,1042,778374,卖盘,600382,2025-10-17 22:52:02
10:54:15,7.47,0.0,2,1494,卖盘,600382,2025-10-17 22:52:02
10:54:33,7.47,0.0,32,23904,卖盘,600382,2025-10-17 22:52:02
10:54:39,7.47,0.0,4,2988,卖盘,600382,2025-10-17 22:52:02
10:54:42,7.47,0.0,17,12699,卖盘,600382,2025-10-17 22:52:02
10:54:51,7.47,0.0,20,14940,卖盘,600382,2025-10-17 22:52:02
10:54:54,7.47,0.0,2,1494,卖盘,600382,2025-10-17 22:52:02
10:54:57,7.47,0.0,2,1494,卖盘,600382,2025-10-17 22:52:02
10:55:09,7.47,0.0,1,747,卖盘,600382,2025-10-17 22:52:02
10:55:18,7.47,0.0,11,8217,卖盘,600382,2025-10-17 22:52:02
10:55:27,7.47,0.0,200,149400,卖盘,600382,2025-10-17 22:52:02
10:55:30,7.47,0.0,87,64989,卖盘,600382,2025-10-17 22:52:02
10:55:48,7.47,0.0,4,2988,卖盘,600382,2025-10-17 22:52:02
10:55:57,7.47,0.0,62,46314,卖盘,600382,2025-10-17 22:52:02
10:56:09,7.47,0.0,23,17181,卖盘,600382,2025-10-17 22:52:02
10:56:15,7.47,0.0,8,5976,卖盘,600382,2025-10-17 22:52:02
10:56:39,7.47,0.0,98,73206,卖盘,600382,2025-10-17 22:52:02
10:56:42,7.47,0.0,20,14940,卖盘,600382,2025-10-17 22:52:02
10:56:45,7.47,0.0,58,43326,卖盘,600382,2025-10-17 22:52:02
10:56:57,7.47,0.0,1,747,卖盘,600382,2025-10-17 22:52:02
10:57:06,7.47,0.0,10,7470,卖盘,600382,2025-10-17 22:52:02
10:57:12,7.47,0.0,53,39591,卖盘,600382,2025-10-17 22:52:02
10:57:18,7.47,0.0,9,6723,卖盘,600382,2025-10-17 22:52:02
10:57:30,7.47,0.0,20,14940,卖盘,600382,2025-10-17 22:52:02
10:57:36,7.47,0.0,14,10458,卖盘,600382,2025-10-17 22:52:02
10:58:09,7.47,0.0,86,64242,卖盘,600382,2025-10-17 22:52:02
10:58:12,7.47,0.0,9,6723,卖盘,600382,2025-10-17 22:52:02
10:58:30,7.47,0.0,22,16434,卖盘,600382,2025-10-17 22:52:02
10:58:48,7.47,0.0,10,7470,卖盘,600382,2025-10-17 22:52:02
10:59:00,7.47,0.0,20,14940,卖盘,600382,2025-10-17 22:52:02
10:59:39,7.47,0.0,10,7470,卖盘,600382,2025-10-17 22:52:02
10:59:42,7.47,0.0,2,1494,卖盘,600382,2025-10-17 22:52:02
11:00:00,7.47,0.0,2,1494,卖盘,600382,2025-10-17 22:52:02
11:00:09,7.47,0.0,5,3735,卖盘,600382,2025-10-17 22:52:02
11:00:15,7.47,0.0,6,4482,卖盘,600382,2025-10-17 22:52:02
11:00:30,7.47,0.0,39,29133,卖盘,600382,2025-10-17 22:52:02
11:00:39,7.47,0.0,10,7470,卖盘,600382,2025-10-17 22:52:02
11:01:09,7.47,0.0,41,30627,卖盘,600382,2025-10-17 22:52:02
11:01:27,7.47,0.0,6,4482,卖盘,600382,2025-10-17 22:52:02
11:01:39,7.47,0.0,1,747,卖盘,600382,2025-10-17 22:52:02
11:01:48,7.47,0.0,38,28386,卖盘,600382,2025-10-17 22:52:02
11:02:03,7.47,0.0,201,150147,卖盘,600382,2025-10-17 22:52:02
11:02:12,7.47,0.0,10,7470,卖盘,600382,2025-10-17 22:52:02
11:02:42,7.47,0.0,7,5229,卖盘,600382,2025-10-17 22:52:02
11:03:24,7.47,0.0,5,3735,卖盘,600382,2025-10-17 22:52:02
11:04:09,7.47,0.0,3,2241,卖盘,600382,2025-10-17 22:52:02
11:04:27,7.47,0.0,4,2988,卖盘,600382,2025-10-17 22:52:02
11:04:33,7.47,0.0,30,22410,卖盘,600382,2025-10-17 22:52:02
11:04:36,7.47,0.0,1,747,卖盘,600382,2025-10-17 22:52:02
11:04:39,7.47,0.0,20,14940,卖盘,600382,2025-10-17 22:52:02
11:04:57,7.47,0.0,3,2241,卖盘,600382,2025-10-17 22:52:02
11:05:36,7.47,0.0,1,747,卖盘,600382,2025-10-17 22:52:02
11:05:48,7.47,0.0,1,747,卖盘,600382,2025-10-17 22:52:02
11:05:54,7.47,0.0,3231,2413557,卖盘,600382,2025-10-17 22:52:02
11:05:57,7.47,0.0,6,4482,卖盘,600382,2025-10-17 22:52:02
11:06:00,7.47,0.0,4,2988,卖盘,600382,2025-10-17 22:52:02
11:06:03,7.47,0.0,1,747,卖盘,600382,2025-10-17 22:52:02
11:06:09,7.47,0.0,31,23157,卖盘,600382,2025-10-17 22:52:02
11:06:12,7.47,0.0,40,29880,卖盘,600382,2025-10-17 22:52:02
11:06:21,7.47,0.0,60,44820,卖盘,600382,2025-10-17 22:52:02
11:06:42,7.47,0.0,1,747,卖盘,600382,2025-10-17 22:52:02
11:06:45,7.47,0.0,15,11205,卖盘,600382,2025-10-17 22:52:02
11:06:48,7.47,0.0,11,8217,卖盘,600382,2025-10-17 22:52:02
11:07:00,7.47,0.0,17,12699,卖盘,600382,2025-10-17 22:52:02
11:07:21,7.47,0.0,19,14193,卖盘,600382,2025-10-17 22:52:02
11:07:27,7.47,0.0,60,44820,卖盘,600382,2025-10-17 22:52:02
11:07:48,7.47,0.0,76,56772,卖盘,600382,2025-10-17 22:52:02
11:07:57,7.47,0.0,5,3735,卖盘,600382,2025-10-17 22:52:02
11:08:00,7.47,0.0,18,13446,卖盘,600382,2025-10-17 22:52:02
11:08:12,7.47,0.0,107,79929,卖盘,600382,2025-10-17 22:52:02
11:08:21,7.47,0.0,5,3735,卖盘,600382,2025-10-17 22:52:02
11:08:48,7.47,0.0,2,1494,卖盘,600382,2025-10-17 22:52:02
11:09:24,7.47,0.0,47,35109,卖盘,600382,2025-10-17 22:52:02
11:09:33,7.47,0.0,1,747,卖盘,600382,2025-10-17 22:52:02
11:09:36,7.47,0.0,36,26892,卖盘,600382,2025-10-17 22:52:02
11:10:03,7.47,0.0,421,314487,卖盘,600382,2025-10-17 22:52:02
11:10:06,7.47,0.0,2,1494,卖盘,600382,2025-10-17 22:52:02
11:10:15,7.47,0.0,480,358560,卖盘,600382,2025-10-17 22:52:02
11:10:30,7.47,0.0,4,2988,卖盘,600382,2025-10-17 22:52:02
11:10:45,7.47,0.0,39,29133,卖盘,600382,2025-10-17 22:52:02
11:10:54,7.47,0.0,10,7470,卖盘,600382,2025-10-17 22:52:02
11:10:57,7.47,0.0,95,70965,卖盘,600382,2025-10-17 22:52:02
11:11:03,7.47,0.0,3,2241,卖盘,600382,2025-10-17 22:52:02
11:11:24,7.47,0.0,2,1494,卖盘,600382,2025-10-17 22:52:02
11:11:27,7.47,0.0,10,7470,卖盘,600382,2025-10-17 22:52:02
11:11:39,7.47,0.0,2,1494,卖盘,600382,2025-10-17 22:52:02
11:11:42,7.47,0.0,30,22410,卖盘,600382,2025-10-17 22:52:02
11:12:09,7.47,0.0,59,44073,卖盘,600382,2025-10-17 22:52:02
11:12:12,7.47,0.0,2,1494,卖盘,600382,2025-10-17 22:52:02
11:12:30,7.47,0.0,2,1494,卖盘,600382,2025-10-17 22:52:02
11:12:42,7.47,0.0,10,7470,卖盘,600382,2025-10-17 22:52:02
11:12:48,7.47,0.0,2,1494,卖盘,600382,2025-10-17 22:52:02
11:12:54,7.47,0.0,6,4482,卖盘,600382,2025-10-17 22:52:02
11:12:57,7.47,0.0,5,3735,卖盘,600382,2025-10-17 22:52:02
11:13:03,7.47,0.0,13,9711,卖盘,600382,2025-10-17 22:52:02
11:13:06,7.47,0.0,4,2988,卖盘,600382,2025-10-17 22:52:02
11:13:15,7.47,0.0,10,7470,卖盘,600382,2025-10-17 22:52:02
11:13:21,7.47,0.0,16,11952,卖盘,600382,2025-10-17 22:52:02
11:13:24,7.47,0.0,4,2988,卖盘,600382,2025-10-17 22:52:02
11:13:30,7.47,0.0,32,23904,卖盘,600382,2025-10-17 22:52:02
11:14:00,7.47,0.0,166,124002,卖盘,600382,2025-10-17 22:52:02
11:14:03,7.47,0.0,20,14940,卖盘,600382,2025-10-17 22:52:02
11:14:15,7.47,0.0,11,8217,卖盘,600382,2025-10-17 22:52:02
11:14:18,7.47,0.0,2,1494,卖盘,600382,2025-10-17 22:52:02
11:14:21,7.47,0.0,43,32121,卖盘,600382,2025-10-17 22:52:02
11:14:27,7.47,0.0,13,9711,卖盘,600382,2025-10-17 22:52:02
11:14:33,7.47,0.0,5,3735,卖盘,600382,2025-10-17 22:52:02
11:14:45,7.47,0.0,10,7470,卖盘,600382,2025-10-17 22:52:02
11:14:51,7.47,0.0,201,150147,卖盘,600382,2025-10-17 22:52:02
11:15:00,7.47,0.0,11,8217,卖盘,600382,2025-10-17 22:52:02
11:15:03,7.47,0.0,27,20169,卖盘,600382,2025-10-17 22:52:02
11:15:39,7.47,0.0,6,4482,卖盘,600382,2025-10-17 22:52:02
11:15:54,7.47,0.0,2,1494,卖盘,600382,2025-10-17 22:52:02
11:16:09,7.47,0.0,20,14940,卖盘,600382,2025-10-17 22:52:02
11:16:21,7.47,0.0,1,747,卖盘,600382,2025-10-17 22:52:02
11:16:30,7.47,0.0,7,5229,卖盘,600382,2025-10-17 22:52:02
11:16:45,7.47,0.0,1,747,卖盘,600382,2025-10-17 22:52:02
11:16:48,7.47,0.0,7,5229,卖盘,600382,2025-10-17 22:52:02
11:17:06,7.47,0.0,30,22410,卖盘,600382,2025-10-17 22:52:02
11:17:15,7.47,0.0,1,747,卖盘,600382,2025-10-17 22:52:02
11:17:36,7.47,0.0,50,37350,卖盘,600382,2025-10-17 22:52:02
11:17:42,7.47,0.0,1,747,卖盘,600382,2025-10-17 22:52:02
11:17:45,7.47,0.0,44,32868,卖盘,600382,2025-10-17 22:52:02
11:17:51,7.47,0.0,4,2988,卖盘,600382,2025-10-17 22:52:02
11:18:00,7.47,0.0,10,7470,卖盘,600382,2025-10-17 22:52:02
11:18:24,7.47,0.0,27,20169,卖盘,600382,2025-10-17 22:52:02
11:19:21,7.47,0.0,13,9711,卖盘,600382,2025-10-17 22:52:02
11:19:24,7.47,0.0,7,5229,卖盘,600382,2025-10-17 22:52:02
11:19:27,7.47,0.0,17,12699,卖盘,600382,2025-10-17 22:52:02
11:19:39,7.47,0.0,4,2988,卖盘,600382,2025-10-17 22:52:02
11:20:12,7.47,0.0,34,25398,卖盘,600382,2025-10-17 22:52:02
11:20:51,7.47,0.0,12,8964,卖盘,600382,2025-10-17 22:52:02
11:21:15,7.47,0.0,52,38844,卖盘,600382,2025-10-17 22:52:02
11:21:27,7.47,0.0,5,3735,卖盘,600382,2025-10-17 22:52:02
11:21:33,7.47,0.0,8,5976,卖盘,600382,2025-10-17 22:52:02
11:21:39,7.47,0.0,6,4467,卖盘,600382,2025-10-17 22:52:02
11:21:54,7.47,0.0,5,3735,卖盘,600382,2025-10-17 22:52:02
11:21:57,7.47,0.0,12,8964,卖盘,600382,2025-10-17 22:52:02
11:22:18,7.47,0.0,10,7470,卖盘,600382,2025-10-17 22:52:02
11:22:21,7.47,0.0,11,8217,卖盘,600382,2025-10-17 22:52:02
11:22:27,7.47,0.0,10,7470,卖盘,600382,2025-10-17 22:52:02
11:22:39,7.47,0.0,10,7470,卖盘,600382,2025-10-17 22:52:02
11:22:48,7.47,0.0,7,5229,卖盘,600382,2025-10-17 22:52:02
11:22:51,7.47,0.0,16,11952,卖盘,600382,2025-10-17 22:52:02
11:22:57,7.47,0.0,10,7470,卖盘,600382,2025-10-17 22:52:02
11:23:30,7.47,0.0,13,9711,卖盘,600382,2025-10-17 22:52:02
11:23:42,7.47,0.0,11,8217,卖盘,600382,2025-10-17 22:52:02
11:23:45,7.47,0.0,10,7470,卖盘,600382,2025-10-17 22:52:02
11:23:48,7.47,0.0,4,2988,卖盘,600382,2025-10-17 22:52:02
11:23:57,7.47,0.0,22,16434,卖盘,600382,2025-10-17 22:52:02
11:24:24,7.47,0.0,1,747,卖盘,600382,2025-10-17 22:52:02
11:24:39,7.47,0.0,6,4482,卖盘,600382,2025-10-17 22:52:02
11:24:54,7.47,0.0,6,4482,卖盘,600382,2025-10-17 22:52:02
11:25:03,7.47,0.0,14,10458,卖盘,600382,2025-10-17 22:52:02
11:25:33,7.47,0.0,20,14940,卖盘,600382,2025-10-17 22:52:02
11:25:36,7.47,0.0,8,5976,卖盘,600382,2025-10-17 22:52:02
11:26:12,7.47,0.0,2,1494,卖盘,600382,2025-10-17 22:52:02
11:26:51,7.47,0.0,2,1494,卖盘,600382,2025-10-17 22:52:02
11:26:54,7.47,0.0,41,30298,卖盘,600382,2025-10-17 22:52:02
11:27:27,7.47,0.0,50,37350,卖盘,600382,2025-10-17 22:52:02
11:27:39,7.47,0.0,6,4482,卖盘,600382,2025-10-17 22:52:02
11:27:48,7.47,0.0,6,4482,卖盘,600382,2025-10-17 22:52:02
11:27:51,7.47,0.0,10,7470,卖盘,600382,2025-10-17 22:52:02
11:28:27,7.47,0.0,50,37350,卖盘,600382,2025-10-17 22:52:02
11:28:30,7.47,0.0,2,1494,卖盘,600382,2025-10-17 22:52:02
11:29:00,7.47,0.0,12,8964,卖盘,600382,2025-10-17 22:52:02
11:29:12,7.47,0.0,1,747,卖盘,600382,2025-10-17 22:52:02
11:29:33,7.47,0.0,9,6723,卖盘,600382,2025-10-17 22:52:02
11:29:42,7.47,0.0,10,7470,卖盘,600382,2025-10-17 22:52:02
11:29:51,7.47,0.0,5,3735,卖盘,600382,2025-10-17 22:52:02
11:29:57,7.47,0.0,30,22410,卖盘,600382,2025-10-17 22:52:02
13:00:03,7.47,0.0,111,82917,卖盘,600382,2025-10-17 22:52:02
13:00:06,7.47,0.0,2823,2108781,卖盘,600382,2025-10-17 22:52:02
13:00:09,7.47,0.0,592,442224,卖盘,600382,2025-10-17 22:52:02
13:00:12,7.47,0.0,59,43999,卖盘,600382,2025-10-17 22:52:02
13:00:15,7.47,0.0,50,37350,卖盘,600382,2025-10-17 22:52:02
13:00:21,7.47,0.0,1,747,卖盘,600382,2025-10-17 22:52:02
13:00:24,7.47,0.0,9,6723,卖盘,600382,2025-10-17 22:52:02
13:00:39,7.47,0.0,4,2988,卖盘,600382,2025-10-17 22:52:02
13:00:48,7.47,0.0,10,7470,卖盘,600382,2025-10-17 22:52:02
13:00:54,7.47,0.0,28,20916,卖盘,600382,2025-10-17 22:52:02
13:01:09,7.47,0.0,6,4482,卖盘,600382,2025-10-17 22:52:02
13:01:24,7.47,0.0,10,7470,卖盘,600382,2025-10-17 22:52:02
13:01:30,7.47,0.0,8,5976,卖盘,600382,2025-10-17 22:52:02
13:01:36,7.47,0.0,5,3735,卖盘,600382,2025-10-17 22:52:02
13:01:39,7.47,0.0,40,29880,卖盘,600382,2025-10-17 22:52:02
13:01:42,7.47,0.0,19,14193,卖盘,600382,2025-10-17 22:52:02
13:02:18,7.47,0.0,11,8217,卖盘,600382,2025-10-17 22:52:02
13:02:24,7.47,0.0,6,4482,卖盘,600382,2025-10-17 22:52:02
13:02:27,7.47,0.0,55,41085,卖盘,600382,2025-10-17 22:52:02
13:02:42,7.47,0.0,18,13446,卖盘,600382,2025-10-17 22:52:02
13:02:45,7.47,0.0,2,1494,卖盘,600382,2025-10-17 22:52:02
13:02:51,7.47,0.0,5,3735,卖盘,600382,2025-10-17 22:52:02
13:03:03,7.47,0.0,9,6723,卖盘,600382,2025-10-17 22:52:02
13:03:06,7.47,0.0,2,1494,卖盘,600382,2025-10-17 22:52:02
13:03:15,7.47,0.0,10,7470,卖盘,600382,2025-10-17 22:52:02
13:03:21,7.47,0.0,2,1494,卖盘,600382,2025-10-17 22:52:02
13:03:33,7.47,0.0,561,419067,卖盘,600382,2025-10-17 22:52:02
13:03:36,7.47,0.0,10,7470,卖盘,600382,2025-10-17 22:52:02
13:03:39,7.47,0.0,27,20169,卖盘,600382,2025-10-17 22:52:02
13:03:45,7.47,0.0,39,29133,卖盘,600382,2025-10-17 22:52:02
13:04:03,7.47,0.0,28,20916,卖盘,600382,2025-10-17 22:52:02
13:04:06,7.47,0.0,592,442224,卖盘,600382,2025-10-17 22:52:02
13:04:15,7.47,0.0,2,1494,卖盘,600382,2025-10-17 22:52:02
13:04:24,7.47,0.0,10,7470,卖盘,600382,2025-10-17 22:52:02
13:04:30,7.47,0.0,8,5976,卖盘,600382,2025-10-17 22:52:02
13:04:39,7.47,0.0,10,7470,卖盘,600382,2025-10-17 22:52:02
13:04:42,7.47,0.0,2,1494,卖盘,600382,2025-10-17 22:52:02
13:04:45,7.47,0.0,30,22410,卖盘,600382,2025-10-17 22:52:02
13:05:00,7.47,0.0,69,51543,卖盘,600382,2025-10-17 22:52:02
13:05:06,7.47,0.0,5,3735,卖盘,600382,2025-10-17 22:52:02
13:05:21,7.47,0.0,19,14193,卖盘,600382,2025-10-17 22:52:02
13:05:30,7.47,0.0,6,4482,卖盘,600382,2025-10-17 22:52:02
13:05:33,7.47,0.0,3,2241,卖盘,600382,2025-10-17 22:52:02
13:05:36,7.47,0.0,52,38844,卖盘,600382,2025-10-17 22:52:02
13:05:48,7.47,0.0,2,1494,卖盘,600382,2025-10-17 22:52:02
13:06:00,7.47,0.0,7,5229,卖盘,600382,2025-10-17 22:52:02
13:06:09,7.47,0.0,1,747,卖盘,600382,2025-10-17 22:52:02
13:06:33,7.47,0.0,50,37350,卖盘,600382,2025-10-17 22:52:02
13:06:39,7.47,0.0,15,11205,卖盘,600382,2025-10-17 22:52:02
13:06:42,7.47,0.0,1,747,卖盘,600382,2025-10-17 22:52:02
13:06:48,7.47,0.0,12,8964,卖盘,600382,2025-10-17 22:52:02
13:07:00,7.47,0.0,50,37021,卖盘,600382,2025-10-17 22:52:02
13:07:24,7.47,0.0,100,74700,卖盘,600382,2025-10-17 22:52:02
13:07:27,7.47,0.0,14,10458,卖盘,600382,2025-10-17 22:52:02
13:07:36,7.47,0.0,47,35109,卖盘,600382,2025-10-17 22:52:02
13:07:42,7.47,0.0,10,7470,卖盘,600382,2025-10-17 22:52:02
13:07:48,7.47,0.0,10,7470,卖盘,600382,2025-10-17 22:52:02
13:07:51,7.47,0.0,16,11952,卖盘,600382,2025-10-17 22:52:02
13:08:03,7.47,0.0,5,3735,卖盘,600382,2025-10-17 22:52:02
13:08:06,7.47,0.0,1,747,卖盘,600382,2025-10-17 22:52:02
13:08:15,7.47,0.0,9,6723,卖盘,600382,2025-10-17 22:52:02
13:08:21,7.47,0.0,10,7470,卖盘,600382,2025-10-17 22:52:02
13:08:33,7.47,0.0,16,11952,卖盘,600382,2025-10-17 22:52:02
13:08:39,7.47,0.0,2,1494,卖盘,600382,2025-10-17 22:52:02
13:08:42,7.47,0.0,9,6723,卖盘,600382,2025-10-17 22:52:02
13:08:45,7.47,0.0,7,5229,卖盘,600382,2025-10-17 22:52:02
13:08:54,7.47,0.0,1,747,卖盘,600382,2025-10-17 22:52:02
13:09:00,7.47,0.0,7,5229,卖盘,600382,2025-10-17 22:52:02
13:09:12,7.47,0.0,3,2241,卖盘,600382,2025-10-17 22:52:02
13:09:27,7.47,0.0,3,2241,卖盘,600382,2025-10-17 22:52:02
13:09:39,7.47,0.0,115,85905,卖盘,600382,2025-10-17 22:52:02
13:09:45,7.47,0.0,72,53784,卖盘,600382,2025-10-17 22:52:02
13:09:54,7.47,0.0,109,81423,卖盘,600382,2025-10-17 22:52:02
13:10:06,7.47,0.0,1,747,卖盘,600382,2025-10-17 22:52:02
13:10:12,7.47,0.0,5,3735,卖盘,600382,2025-10-17 22:52:02
13:10:27,7.47,0.0,10,7470,卖盘,600382,2025-10-17 22:52:02
13:10:30,7.47,0.0,53,39591,卖盘,600382,2025-10-17 22:52:02
13:10:33,7.47,0.0,400,298800,卖盘,600382,2025-10-17 22:52:02
13:10:39,7.47,0.0,100,74700,卖盘,600382,2025-10-17 22:52:02
13:10:42,7.47,0.0,12,8964,卖盘,600382,2025-10-17 22:52:02
13:10:45,7.47,0.0,10,7470,卖盘,600382,2025-10-17 22:52:02
13:10:51,7.47,0.0,3,2241,卖盘,600382,2025-10-17 22:52:02
13:10:57,7.47,0.0,8,5976,卖盘,600382,2025-10-17 22:52:02
13:11:00,7.47,0.0,10,7470,卖盘,600382,2025-10-17 22:52:02
13:11:03,7.47,0.0,6,4482,卖盘,600382,2025-10-17 22:52:02
13:11:06,7.47,0.0,37,27639,卖盘,600382,2025-10-17 22:52:02
13:11:09,7.47,0.0,2,1494,卖盘,600382,2025-10-17 22:52:02
13:11:12,7.47,0.0,5,3735,卖盘,600382,2025-10-17 22:52:02
13:11:33,7.47,0.0,50,37350,卖盘,600382,2025-10-17 22:52:02
13:11:36,7.47,0.0,1,747,卖盘,600382,2025-10-17 22:52:02
13:11:51,7.47,0.0,8,5976,卖盘,600382,2025-10-17 22:52:02
13:11:57,7.47,0.0,19,14193,卖盘,600382,2025-10-17 22:52:02
13:12:12,7.47,0.0,3,2241,卖盘,600382,2025-10-17 22:52:02
13:12:24,7.47,0.0,10,7470,卖盘,600382,2025-10-17 22:52:02
13:12:36,7.47,0.0,10,7470,卖盘,600382,2025-10-17 22:52:02
13:12:45,7.47,0.0,232,173304,卖盘,600382,2025-10-17 22:52:02
13:12:48,7.47,0.0,6,4482,卖盘,600382,2025-10-17 22:52:02
13:12:51,7.47,0.0,23,17181,卖盘,600382,2025-10-17 22:52:02
13:12:57,7.47,0.0,30,22410,卖盘,600382,2025-10-17 22:52:02
13:13:00,7.47,0.0,1,747,卖盘,600382,2025-10-17 22:52:02
13:13:03,7.47,0.0,10,7470,卖盘,600382,2025-10-17 22:52:02
13:13:09,7.47,0.0,1,747,卖盘,600382,2025-10-17 22:52:02
13:13:24,7.47,0.0,60,44820,卖盘,600382,2025-10-17 22:52:02
13:13:27,7.47,0.0,90,67230,卖盘,600382,2025-10-17 22:52:02
13:13:30,7.47,0.0,20,14940,卖盘,600382,2025-10-17 22:52:02
13:13:36,7.47,0.0,5,3735,卖盘,600382,2025-10-17 22:52:02
13:13:39,7.47,0.0,1,747,卖盘,600382,2025-10-17 22:52:02
13:13:42,7.47,0.0,20,14940,卖盘,600382,2025-10-17 22:52:02
13:13:48,7.47,0.0,2,1494,卖盘,600382,2025-10-17 22:52:02
13:13:51,7.47,0.0,14,10458,卖盘,600382,2025-10-17 22:52:02
13:14:09,7.47,0.0,13,9711,卖盘,600382,2025-10-17 22:52:02
13:14:24,7.47,0.0,40,29880,卖盘,600382,2025-10-17 22:52:02
13:14:36,7.47,0.0,1,747,卖盘,600382,2025-10-17 22:52:02
13:14:42,7.47,0.0,33,24651,卖盘,600382,2025-10-17 22:52:02
13:14:51,7.47,0.0,4,2988,卖盘,600382,2025-10-17 22:52:02
13:14:57,7.47,0.0,2,1494,卖盘,600382,2025-10-17 22:52:02
13:15:03,7.47,0.0,41,30627,卖盘,600382,2025-10-17 22:52:02
13:15:27,7.47,0.0,7,5229,卖盘,600382,2025-10-17 22:52:02
13:15:36,7.47,0.0,9,6723,卖盘,600382,2025-10-17 22:52:02
13:16:00,7.47,0.0,15,11205,卖盘,600382,2025-10-17 22:52:02
13:16:12,7.47,0.0,8,5976,卖盘,600382,2025-10-17 22:52:02
13:16:15,7.47,0.0,8,5976,卖盘,600382,2025-10-17 22:52:02
13:16:42,7.47,0.0,8,5976,卖盘,600382,2025-10-17 22:52:02
13:16:45,7.47,0.0,3,2241,卖盘,600382,2025-10-17 22:52:02
13:16:48,7.47,0.0,8,5976,卖盘,600382,2025-10-17 22:52:02
13:17:12,7.47,0.0,2,1494,卖盘,600382,2025-10-17 22:52:02
13:17:18,7.47,0.0,1,747,卖盘,600382,2025-10-17 22:52:02
13:17:30,7.47,0.0,3,2241,卖盘,600382,2025-10-17 22:52:02
13:17:42,7.47,0.0,1,747,卖盘,600382,2025-10-17 22:52:02
13:17:48,7.47,0.0,33,24651,卖盘,600382,2025-10-17 22:52:02
13:17:51,7.47,0.0,71,53037,卖盘,600382,2025-10-17 22:52:02
13:17:54,7.47,0.0,1,747,卖盘,600382,2025-10-17 22:52:02
13:18:00,7.47,0.0,10,7470,卖盘,600382,2025-10-17 22:52:02
13:18:03,7.47,0.0,28,20916,卖盘,600382,2025-10-17 22:52:02
13:18:21,7.47,0.0,107,79929,卖盘,600382,2025-10-17 22:52:02
13:18:39,7.47,0.0,10,7470,卖盘,600382,2025-10-17 22:52:02
13:18:45,7.47,0.0,5,3735,卖盘,600382,2025-10-17 22:52:02
13:18:48,7.47,0.0,6,4482,卖盘,600382,2025-10-17 22:52:02
13:18:57,7.47,0.0,3,2241,卖盘,600382,2025-10-17 22:52:02
13:19:12,7.47,0.0,26,19422,卖盘,600382,2025-10-17 22:52:02
13:19:15,7.47,0.0,20,14940,卖盘,600382,2025-10-17 22:52:02
13:19:21,7.47,0.0,5,3735,卖盘,600382,2025-10-17 22:52:02
13:19:27,7.47,0.0,20,14940,卖盘,600382,2025-10-17 22:52:02
13:19:33,7.47,0.0,20,14940,卖盘,600382,2025-10-17 22:52:02
13:19:39,7.47,0.0,1,747,卖盘,600382,2025-10-17 22:52:02
13:19:51,7.47,0.0,5,3735,卖盘,600382,2025-10-17 22:52:02
13:20:03,7.47,0.0,60,44820,卖盘,600382,2025-10-17 22:52:02
13:20:06,7.47,0.0,33,24651,卖盘,600382,2025-10-17 22:52:02
13:20:15,7.47,0.0,14,10458,卖盘,600382,2025-10-17 22:52:02
13:20:18,7.47,0.0,20,14940,卖盘,600382,2025-10-17 22:52:02
13:20:21,7.47,0.0,2,1494,卖盘,600382,2025-10-17 22:52:02
13:20:33,7.47,0.0,18,13446,卖盘,600382,2025-10-17 22:52:02
13:20:39,7.47,0.0,3,2241,卖盘,600382,2025-10-17 22:52:02
13:20:42,7.47,0.0,51,38097,卖盘,600382,2025-10-17 22:52:02
13:21:09,7.47,0.0,1,747,卖盘,600382,2025-10-17 22:52:02
13:21:18,7.47,0.0,10,7470,卖盘,600382,2025-10-17 22:52:02
13:21:30,7.47,0.0,91,67977,卖盘,600382,2025-10-17 22:52:02
13:21:33,7.47,0.0,10,7470,卖盘,600382,2025-10-17 22:52:02
13:21:36,7.47,0.0,20,14940,卖盘,600382,2025-10-17 22:52:02
13:21:42,7.47,0.0,52,38844,卖盘,600382,2025-10-17 22:52:02
13:21:51,7.47,0.0,100,74700,卖盘,600382,2025-10-17 22:52:02
13:21:54,7.47,0.0,8,5976,卖盘,600382,2025-10-17 22:52:02
13:22:03,7.47,0.0,5,3735,卖盘,600382,2025-10-17 22:52:02
13:22:27,7.47,0.0,25,18675,卖盘,600382,2025-10-17 22:52:02
13:22:30,7.47,0.0,162,121014,卖盘,600382,2025-10-17 22:52:02
13:22:51,7.47,0.0,7,5229,卖盘,600382,2025-10-17 22:52:02
13:22:54,7.47,0.0,2,1494,卖盘,600382,2025-10-17 22:52:02
13:23:03,7.47,0.0,3,2241,卖盘,600382,2025-10-17 22:52:02
13:23:06,7.47,0.0,15,11205,卖盘,600382,2025-10-17 22:52:02
13:23:36,7.47,0.0,1,747,卖盘,600382,2025-10-17 22:52:02
13:23:45,7.47,0.0,9,6723,卖盘,600382,2025-10-17 22:52:02
13:23:48,7.47,0.0,2,1494,卖盘,600382,2025-10-17 22:52:02
13:24:03,7.47,0.0,8,5976,卖盘,600382,2025-10-17 22:52:02
13:24:09,7.47,0.0,5,3735,卖盘,600382,2025-10-17 22:52:02
13:24:18,7.47,0.0,16,11952,卖盘,600382,2025-10-17 22:52:02
13:24:33,7.47,0.0,13,9711,卖盘,600382,2025-10-17 22:52:02
13:25:15,7.47,0.0,92,68724,卖盘,600382,2025-10-17 22:52:02
13:25:18,7.47,0.0,2,1494,卖盘,600382,2025-10-17 22:52:02
13:25:21,7.47,0.0,7,5229,卖盘,600382,2025-10-17 22:52:02
13:26:00,7.47,0.0,80,59760,卖盘,600382,2025-10-17 22:52:02
13:26:06,7.47,0.0,8,5976,卖盘,600382,2025-10-17 22:52:02
13:26:24,7.47,0.0,50,37350,卖盘,600382,2025-10-17 22:52:02
13:26:36,7.47,0.0,10,7470,卖盘,600382,2025-10-17 22:52:02
13:26:39,7.47,0.0,10,7470,卖盘,600382,2025-10-17 22:52:02
13:26:51,7.47,0.0,4,2988,卖盘,600382,2025-10-17 22:52:02
13:27:45,7.47,0.0,2,1494,卖盘,600382,2025-10-17 22:52:02
13:27:48,7.47,0.0,2,1494,卖盘,600382,2025-10-17 22:52:02
13:28:12,7.47,0.0,1,747,卖盘,600382,2025-10-17 22:52:02
13:28:21,7.47,0.0,10,7470,卖盘,600382,2025-10-17 22:52:02
13:28:33,7.47,0.0,3,2241,卖盘,600382,2025-10-17 22:52:02
13:28:39,7.47,0.0,100,74700,卖盘,600382,2025-10-17 22:52:02
13:28:42,7.47,0.0,103,76941,卖盘,600382,2025-10-17 22:52:02
13:28:45,7.47,0.0,20,14940,卖盘,600382,2025-10-17 22:52:02
13:28:57,7.47,0.0,3,2241,卖盘,600382,2025-10-17 22:52:02
13:29:12,7.47,0.0,7,5229,卖盘,600382,2025-10-17 22:52:02
13:29:21,7.47,0.0,400,298800,卖盘,600382,2025-10-17 22:52:02
13:29:48,7.47,0.0,10,7470,卖盘,600382,2025-10-17 22:52:02
13:29:54,7.47,0.0,192,143424,卖盘,600382,2025-10-17 22:52:02
13:30:00,7.47,0.0,6,4482,卖盘,600382,2025-10-17 22:52:02
13:30:30,7.47,0.0,3,2241,卖盘,600382,2025-10-17 22:52:02
13:30:33,7.47,0.0,16,11952,卖盘,600382,2025-10-17 22:52:02
13:30:39,7.47,0.0,398,297306,卖盘,600382,2025-10-17 22:52:02
13:30:48,7.47,0.0,10,7470,卖盘,600382,2025-10-17 22:52:02
13:31:09,7.47,0.0,2,1494,卖盘,600382,2025-10-17 22:52:02
13:31:21,7.47,0.0,200,149400,卖盘,600382,2025-10-17 22:52:02
13:31:42,7.47,0.0,30,22410,卖盘,600382,2025-10-17 22:52:02
13:31:57,7.47,0.0,43,32121,卖盘,600382,2025-10-17 22:52:02
13:32:15,7.47,0.0,2,1494,卖盘,600382,2025-10-17 22:52:02
13:32:18,7.47,0.0,2,1494,卖盘,600382,2025-10-17 22:52:02
13:32:27,7.47,0.0,1,747,卖盘,600382,2025-10-17 22:52:02
13:32:30,7.47,0.0,21,15687,卖盘,600382,2025-10-17 22:52:02
13:32:33,7.47,0.0,5,3735,卖盘,600382,2025-10-17 22:52:02
13:32:36,7.47,0.0,13,9711,卖盘,600382,2025-10-17 22:52:02
13:32:39,7.47,0.0,5,3608,卖盘,600382,2025-10-17 22:52:02
13:32:51,7.47,0.0,50,37350,卖盘,600382,2025-10-17 22:52:02
13:32:57,7.47,0.0,8,5976,卖盘,600382,2025-10-17 22:52:02
13:33:24,7.47,0.0,10,7470,卖盘,600382,2025-10-17 22:52:02
13:33:54,7.47,0.0,8,5976,卖盘,600382,2025-10-17 22:52:02
13:34:30,7.47,0.0,100,74700,卖盘,600382,2025-10-17 22:52:02
13:34:48,7.47,0.0,6,4482,卖盘,600382,2025-10-17 22:52:02
13:34:57,7.47,0.0,11,8217,卖盘,600382,2025-10-17 22:52:02
13:35:00,7.47,0.0,50,37350,卖盘,600382,2025-10-17 22:52:02
13:35:09,7.47,0.0,11,8217,卖盘,600382,2025-10-17 22:52:02
13:35:21,7.47,0.0,2,1494,卖盘,600382,2025-10-17 22:52:02
13:35:42,7.47,0.0,8,5976,卖盘,600382,2025-10-17 22:52:02
13:35:57,7.47,0.0,9,6723,卖盘,600382,2025-10-17 22:52:02
13:36:33,7.47,0.0,1,747,卖盘,600382,2025-10-17 22:52:02
13:36:39,7.47,0.0,3,2241,卖盘,600382,2025-10-17 22:52:02
13:36:48,7.47,0.0,5,3735,卖盘,600382,2025-10-17 22:52:02
13:37:09,7.47,0.0,1,747,卖盘,600382,2025-10-17 22:52:02
13:37:15,7.47,0.0,2,1494,卖盘,600382,2025-10-17 22:52:02
13:37:18,7.47,0.0,5,3735,卖盘,600382,2025-10-17 22:52:02
13:37:27,7.47,0.0,21,15687,卖盘,600382,2025-10-17 22:52:02
13:37:48,7.47,0.0,2,1494,卖盘,600382,2025-10-17 22:52:02
13:38:15,7.47,0.0,2,1494,卖盘,600382,2025-10-17 22:52:02
13:38:24,7.47,0.0,16,11952,卖盘,600382,2025-10-17 22:52:02
13:38:27,7.47,0.0,3,2241,卖盘,600382,2025-10-17 22:52:02
13:38:42,7.47,0.0,10,7141,卖盘,600382,2025-10-17 22:52:02
13:38:48,7.47,0.0,10,7470,卖盘,600382,2025-10-17 22:52:02
13:39:00,7.47,0.0,4,2988,卖盘,600382,2025-10-17 22:52:02
13:39:03,7.47,0.0,30,22410,卖盘,600382,2025-10-17 22:52:02
13:39:15,7.47,0.0,332,248004,卖盘,600382,2025-10-17 22:52:02
13:39:48,7.47,0.0,5,3735,卖盘,600382,2025-10-17 22:52:02
13:40:06,7.47,0.0,24,17928,卖盘,600382,2025-10-17 22:52:02
13:40:24,7.47,0.0,52,38844,卖盘,600382,2025-10-17 22:52:02
13:40:39,7.47,0.0,30,22410,卖盘,600382,2025-10-17 22:52:02
13:40:57,7.47,0.0,45,33615,卖盘,600382,2025-10-17 22:52:02
13:41:03,7.47,0.0,2,1494,卖盘,600382,2025-10-17 22:52:02
13:41:06,7.47,0.0,4,2988,卖盘,600382,2025-10-17 22:52:02
13:41:27,7.47,0.0,5,3735,卖盘,600382,2025-10-17 22:52:02
13:41:30,7.47,0.0,8,5976,卖盘,600382,2025-10-17 22:52:02
13:41:42,7.47,0.0,22,16434,卖盘,600382,2025-10-17 22:52:02
13:41:48,7.47,0.0,4,2988,卖盘,600382,2025-10-17 22:52:02
13:41:54,7.47,0.0,44,32868,卖盘,600382,2025-10-17 22:52:02
13:42:24,7.47,0.0,33,24651,卖盘,600382,2025-10-17 22:52:02
13:43:03,7.47,0.0,33,24651,卖盘,600382,2025-10-17 22:52:02
13:43:09,7.47,0.0,50,37350,卖盘,600382,2025-10-17 22:52:02
13:43:15,7.47,0.0,33,24651,卖盘,600382,2025-10-17 22:52:02
13:43:27,7.47,0.0,10,7470,卖盘,600382,2025-10-17 22:52:02
13:43:36,7.47,0.0,67,50049,卖盘,600382,2025-10-17 22:52:02
13:43:57,7.47,0.0,6,4482,卖盘,600382,2025-10-17 22:52:02
13:44:15,7.47,0.0,4,2988,卖盘,600382,2025-10-17 22:52:02
13:44:33,7.47,0.0,5,3735,卖盘,600382,2025-10-17 22:52:02
13:44:36,7.47,0.0,5,3735,卖盘,600382,2025-10-17 22:52:02
13:44:42,7.47,0.0,24,17928,卖盘,600382,2025-10-17 22:52:02
13:44:45,7.47,0.0,2,1494,卖盘,600382,2025-10-17 22:52:02
13:45:12,7.47,0.0,10,7470,卖盘,600382,2025-10-17 22:52:02
13:45:27,7.47,0.0,2,1494,卖盘,600382,2025-10-17 22:52:02
13:45:30,7.47,0.0,8,5976,卖盘,600382,2025-10-17 22:52:02
13:46:09,7.47,0.0,3,2241,卖盘,600382,2025-10-17 22:52:02
13:46:12,7.47,0.0,32,23904,卖盘,600382,2025-10-17 22:52:02
13:46:18,7.47,0.0,2,1494,卖盘,600382,2025-10-17 22:52:02
13:46:51,7.47,0.0,10,7470,卖盘,600382,2025-10-17 22:52:02
13:47:12,7.47,0.0,2,1494,卖盘,600382,2025-10-17 22:52:02
13:47:45,7.47,0.0,3,2241,卖盘,600382,2025-10-17 22:52:02
13:48:00,7.47,0.0,3,2241,卖盘,600382,2025-10-17 22:52:02
13:48:03,7.47,0.0,2,1494,卖盘,600382,2025-10-17 22:52:02
13:48:06,7.47,0.0,3,2241,卖盘,600382,2025-10-17 22:52:02
13:48:12,7.47,0.0,10,7470,卖盘,600382,2025-10-17 22:52:02
13:48:15,7.47,0.0,7,5229,卖盘,600382,2025-10-17 22:52:02
13:48:18,7.47,0.0,3,2241,卖盘,600382,2025-10-17 22:52:02
13:48:30,7.47,0.0,23,17181,卖盘,600382,2025-10-17 22:52:02
13:48:45,7.47,0.0,13,9711,卖盘,600382,2025-10-17 22:52:02
13:49:27,7.47,0.0,17,12699,卖盘,600382,2025-10-17 22:52:02
13:49:30,7.47,0.0,2,1494,卖盘,600382,2025-10-17 22:52:02
13:49:48,7.47,0.0,1,747,卖盘,600382,2025-10-17 22:52:02
13:50:09,7.47,0.0,55,41085,卖盘,600382,2025-10-17 22:52:02
13:50:42,7.47,0.0,1,747,卖盘,600382,2025-10-17 22:52:02
13:51:15,7.47,0.0,25,18675,卖盘,600382,2025-10-17 22:52:02
13:51:24,7.47,0.0,20,14940,卖盘,600382,2025-10-17 22:52:02
13:51:45,7.47,0.0,13,9711,卖盘,600382,2025-10-17 22:52:02
13:51:51,7.47,0.0,1,747,卖盘,600382,2025-10-17 22:52:02
13:51:54,7.47,0.0,5,3735,卖盘,600382,2025-10-17 22:52:02
13:52:06,7.47,0.0,1,747,卖盘,600382,2025-10-17 22:52:02
13:52:54,7.47,0.0,20,14940,卖盘,600382,2025-10-17 22:52:02
13:54:27,7.47,0.0,1,747,卖盘,600382,2025-10-17 22:52:02
13:54:39,7.47,0.0,2,1494,卖盘,600382,2025-10-17 22:52:02
13:54:45,7.47,0.0,1,747,卖盘,600382,2025-10-17 22:52:02
13:55:09,7.47,0.0,80,59760,卖盘,600382,2025-10-17 22:52:02
13:55:12,7.47,0.0,50,37350,卖盘,600382,2025-10-17 22:52:02
13:55:18,7.47,0.0,3,2241,卖盘,600382,2025-10-17 22:52:02
13:55:30,7.47,0.0,15,11205,卖盘,600382,2025-10-17 22:52:02
13:55:42,7.47,0.0,8,5976,卖盘,600382,2025-10-17 22:52:02
13:55:51,7.47,0.0,30,22410,卖盘,600382,2025-10-17 22:52:02
13:56:15,7.47,0.0,10,7470,卖盘,600382,2025-10-17 22:52:02
13:56:30,7.47,0.0,2,1494,卖盘,600382,2025-10-17 22:52:02
13:56:33,7.47,0.0,7,5229,卖盘,600382,2025-10-17 22:52:02
13:57:06,7.47,0.0,16,11952,卖盘,600382,2025-10-17 22:52:02
13:57:09,7.47,0.0,22,16434,卖盘,600382,2025-10-17 22:52:02
13:57:21,7.47,0.0,20,14940,卖盘,600382,2025-10-17 22:52:02
13:57:36,7.47,0.0,10,7470,卖盘,600382,2025-10-17 22:52:02
13:57:42,7.47,0.0,2,1494,卖盘,600382,2025-10-17 22:52:02
13:57:48,7.47,0.0,1,747,卖盘,600382,2025-10-17 22:52:02
13:58:03,7.47,0.0,8,5976,卖盘,600382,2025-10-17 22:52:02
13:58:06,7.47,0.0,50,37350,卖盘,600382,2025-10-17 22:52:02
13:58:12,7.47,0.0,37,27639,卖盘,600382,2025-10-17 22:52:02
13:58:24,7.47,0.0,1,747,卖盘,600382,2025-10-17 22:52:02
13:58:39,7.47,0.0,30,22410,卖盘,600382,2025-10-17 22:52:02
13:58:42,7.47,0.0,50,37350,卖盘,600382,2025-10-17 22:52:02
13:59:03,7.47,0.0,100,74700,卖盘,600382,2025-10-17 22:52:02
13:59:06,7.47,0.0,22,16434,卖盘,600382,2025-10-17 22:52:02
13:59:27,7.47,0.0,31,23157,卖盘,600382,2025-10-17 22:52:02
13:59:51,7.47,0.0,14,10458,卖盘,600382,2025-10-17 22:52:02
13:59:54,7.47,0.0,6,4482,卖盘,600382,2025-10-17 22:52:02
13:59:57,7.47,0.0,200,149400,卖盘,600382,2025-10-17 22:52:02
14:00:00,7.47,0.0,3,2241,卖盘,600382,2025-10-17 22:52:02
14:00:09,7.47,0.0,80,59760,卖盘,600382,2025-10-17 22:52:02
14:00:21,7.47,0.0,6,4482,卖盘,600382,2025-10-17 22:52:02
14:00:36,7.47,0.0,2,1494,卖盘,600382,2025-10-17 22:52:02
14:00:42,7.47,0.0,109,81423,卖盘,600382,2025-10-17 22:52:02
14:02:06,7.47,0.0,4,2988,卖盘,600382,2025-10-17 22:52:02
14:02:21,7.47,0.0,10,7470,卖盘,600382,2025-10-17 22:52:02
14:02:30,7.47,0.0,2,1494,卖盘,600382,2025-10-17 22:52:02
14:02:42,7.47,0.0,6,4482,卖盘,600382,2025-10-17 22:52:02
14:02:57,7.47,0.0,5,3735,卖盘,600382,2025-10-17 22:52:02
14:03:15,7.47,0.0,20,14940,卖盘,600382,2025-10-17 22:52:02
14:03:27,7.47,0.0,200,149400,卖盘,600382,2025-10-17 22:52:02
14:03:30,7.47,0.0,30,22410,卖盘,600382,2025-10-17 22:52:02
14:03:33,7.47,0.0,10,7470,卖盘,600382,2025-10-17 22:52:02
14:03:42,7.47,0.0,15,11205,卖盘,600382,2025-10-17 22:52:02
14:03:48,7.47,0.0,10,7470,卖盘,600382,2025-10-17 22:52:02
14:04:09,7.47,0.0,2,1494,卖盘,600382,2025-10-17 22:52:02
14:04:12,7.47,0.0,204,152388,卖盘,600382,2025-10-17 22:52:02
14:04:18,7.47,0.0,1,747,卖盘,600382,2025-10-17 22:52:02
14:04:27,7.47,0.0,2,1494,卖盘,600382,2025-10-17 22:52:02
14:04:33,7.47,0.0,1,747,卖盘,600382,2025-10-17 22:52:02
14:04:42,7.47,0.0,24,17928,卖盘,600382,2025-10-17 22:52:02
14:05:03,7.47,0.0,5,3735,卖盘,600382,2025-10-17 22:52:02
14:05:18,7.47,0.0,10,7470,卖盘,600382,2025-10-17 22:52:02
14:05:39,7.47,0.0,3,2241,卖盘,600382,2025-10-17 22:52:02
14:05:51,7.47,0.0,10,7470,卖盘,600382,2025-10-17 22:52:02
14:06:00,7.47,0.0,50,37350,卖盘,600382,2025-10-17 22:52:02
14:06:15,7.47,0.0,24,17928,卖盘,600382,2025-10-17 22:52:02
14:06:39,7.47,0.0,3,2241,卖盘,600382,2025-10-17 22:52:02
14:06:42,7.47,0.0,10,7470,卖盘,600382,2025-10-17 22:52:02
14:06:48,7.47,0.0,50,37350,卖盘,600382,2025-10-17 22:52:02
14:06:54,7.47,0.0,61,45567,卖盘,600382,2025-10-17 22:52:02
14:07:45,7.47,0.0,3,2241,卖盘,600382,2025-10-17 22:52:02
14:07:57,7.47,0.0,1,747,卖盘,600382,2025-10-17 22:52:02
14:09:57,7.47,0.0,65,48555,卖盘,600382,2025-10-17 22:52:02
14:10:00,7.47,0.0,10,7470,卖盘,600382,2025-10-17 22:52:02
14:10:21,7.47,0.0,38,28386,卖盘,600382,2025-10-17 22:52:02
14:10:51,7.47,0.0,10,7470,卖盘,600382,2025-10-17 22:52:02
14:11:06,7.47,0.0,20,14940,卖盘,600382,2025-10-17 22:52:02
14:11:21,7.47,0.0,2,1494,卖盘,600382,2025-10-17 22:52:02
14:11:24,7.47,0.0,200,149400,卖盘,600382,2025-10-17 22:52:02
14:11:30,7.47,0.0,5,3735,卖盘,600382,2025-10-17 22:52:02
14:11:42,7.47,0.0,4,2988,卖盘,600382,2025-10-17 22:52:02
14:11:45,7.47,0.0,8,5976,卖盘,600382,2025-10-17 22:52:02
14:12:00,7.47,0.0,42,31374,卖盘,600382,2025-10-17 22:52:02
14:12:21,7.47,0.0,16,11952,卖盘,600382,2025-10-17 22:52:02
14:12:42,7.47,0.0,2,1830,卖盘,600382,2025-10-17 22:52:02
14:12:54,7.47,0.0,1,747,卖盘,600382,2025-10-17 22:52:02
14:13:03,7.47,0.0,15,11205,卖盘,600382,2025-10-17 22:52:02
14:13:24,7.47,0.0,5,3735,卖盘,600382,2025-10-17 22:52:02
14:13:39,7.47,0.0,5,3735,卖盘,600382,2025-10-17 22:52:02
14:13:48,7.47,0.0,20,14940,卖盘,600382,2025-10-17 22:52:02
14:13:57,7.47,0.0,50,37350,卖盘,600382,2025-10-17 22:52:02
14:14:06,7.47,0.0,10,7470,卖盘,600382,2025-10-17 22:52:02
14:14:09,7.47,0.0,16,11952,卖盘,600382,2025-10-17 22:52:02
14:14:15,7.47,0.0,10,7470,卖盘,600382,2025-10-17 22:52:02
14:14:21,7.47,0.0,5,3735,卖盘,600382,2025-10-17 22:52:02
14:14:33,7.47,0.0,50,37350,卖盘,600382,2025-10-17 22:52:02
14:14:57,7.47,0.0,1,747,卖盘,600382,2025-10-17 22:52:02
14:15:03,7.47,0.0,90,67230,卖盘,600382,2025-10-17 22:52:02
14:15:06,7.47,0.0,10,7470,卖盘,600382,2025-10-17 22:52:02
14:15:12,7.47,0.0,48,35856,卖盘,600382,2025-10-17 22:52:02
14:15:24,7.47,0.0,16,11952,卖盘,600382,2025-10-17 22:52:02
14:15:27,7.47,0.0,63,47061,卖盘,600382,2025-10-17 22:52:02
14:15:33,7.47,0.0,28,20916,卖盘,600382,2025-10-17 22:52:02
14:15:42,7.47,0.0,22,16434,卖盘,600382,2025-10-17 22:52:02
14:15:51,7.47,0.0,20,14940,卖盘,600382,2025-10-17 22:52:02
14:16:24,7.47,0.0,60,44820,卖盘,600382,2025-10-17 22:52:02
14:16:39,7.47,0.0,10,7470,卖盘,600382,2025-10-17 22:52:02
14:17:03,7.47,0.0,3,2241,卖盘,600382,2025-10-17 22:52:02
14:17:06,7.47,0.0,113,84411,卖盘,600382,2025-10-17 22:52:02
14:17:18,7.47,0.0,1,747,卖盘,600382,2025-10-17 22:52:02
14:17:24,7.47,0.0,50,37350,卖盘,600382,2025-10-17 22:52:02
14:17:30,7.47,0.0,50,37350,卖盘,600382,2025-10-17 22:52:02
14:17:45,7.47,0.0,12,8964,卖盘,600382,2025-10-17 22:52:02
14:17:51,7.47,0.0,51,38097,卖盘,600382,2025-10-17 22:52:02
14:18:24,7.47,0.0,54,40338,卖盘,600382,2025-10-17 22:52:02
14:18:39,7.47,0.0,16,11952,卖盘,600382,2025-10-17 22:52:02
14:18:54,7.47,0.0,7,5229,卖盘,600382,2025-10-17 22:52:02
14:19:00,7.47,0.0,12,8964,卖盘,600382,2025-10-17 22:52:02
14:19:03,7.47,0.0,5,3735,卖盘,600382,2025-10-17 22:52:02
14:19:24,7.47,0.0,35,25772,卖盘,600382,2025-10-17 22:52:02
14:19:27,7.47,0.0,4,2988,卖盘,600382,2025-10-17 22:52:02
14:19:48,7.47,0.0,1,747,卖盘,600382,2025-10-17 22:52:02
14:19:51,7.47,0.0,10,7470,卖盘,600382,2025-10-17 22:52:02
14:19:57,7.47,0.0,2,1494,卖盘,600382,2025-10-17 22:52:02
