时间,成交价,价格变动,成交量,成交额,买卖盘性质,股票代码,采集时间
09:25:02,6.5,0.12,86524,56240600,买盘,600403,2025-10-17 22:46:17
09:30:02,6.55,0.05,28238,18450278,买盘,600403,2025-10-17 22:46:17
09:30:05,6.47,-0.08,32225,21068004,卖盘,600403,2025-10-17 22:46:17
09:30:08,6.58,0.11,51071,33525062,买盘,600403,2025-10-17 22:46:17
09:30:11,6.53,-0.05,36322,23890252,卖盘,600403,2025-10-17 22:46:17
09:30:14,6.6,0.07,19942,13125986,买盘,600403,2025-10-17 22:46:17
09:30:17,6.6,0.0,13944,9203040,卖盘,600403,2025-10-17 22:46:17
09:30:20,6.6,0.0,24662,16276920,卖盘,600403,2025-10-17 22:46:17
09:30:23,6.6,0.0,23994,15836040,卖盘,600403,2025-10-17 22:46:17
09:30:26,6.6,0.0,17001,11220396,卖盘,600403,2025-10-17 22:46:17
09:30:29,6.6,0.0,11203,7393993,卖盘,600403,2025-10-17 22:46:17
09:30:32,6.6,0.0,10356,6834960,卖盘,600403,2025-10-17 22:46:17
09:30:35,6.6,0.0,4230,2791800,卖盘,600403,2025-10-17 22:46:17
09:30:38,6.6,0.0,2232,1473120,卖盘,600403,2025-10-17 22:46:17
09:30:41,6.6,0.0,2354,1553640,卖盘,600403,2025-10-17 22:46:17
09:30:44,6.6,0.0,969,639540,卖盘,600403,2025-10-17 22:46:17
09:30:47,6.6,0.0,1101,726660,卖盘,600403,2025-10-17 22:46:17
09:30:50,6.6,0.0,1966,1297560,卖盘,600403,2025-10-17 22:46:17
09:30:53,6.6,0.0,555,366300,卖盘,600403,2025-10-17 22:46:17
09:30:56,6.6,0.0,1080,712800,卖盘,600403,2025-10-17 22:46:17
09:30:59,6.6,0.0,1652,1090320,卖盘,600403,2025-10-17 22:46:17
09:31:02,6.6,0.0,184,121440,卖盘,600403,2025-10-17 22:46:17
09:31:05,6.6,0.0,634,418440,卖盘,600403,2025-10-17 22:46:17
09:31:08,6.6,0.0,343,226380,卖盘,600403,2025-10-17 22:46:17
09:31:11,6.6,0.0,721,475860,卖盘,600403,2025-10-17 22:46:17
09:31:14,6.6,0.0,1149,758340,卖盘,600403,2025-10-17 22:46:17
09:31:17,6.6,0.0,537,354420,卖盘,600403,2025-10-17 22:46:17
09:31:20,6.6,0.0,186,122760,卖盘,600403,2025-10-17 22:46:17
09:31:23,6.6,0.0,512,337920,卖盘,600403,2025-10-17 22:46:17
09:31:26,6.6,0.0,892,588720,卖盘,600403,2025-10-17 22:46:17
09:31:29,6.6,0.0,703,463980,卖盘,600403,2025-10-17 22:46:17
09:31:32,6.6,0.0,230,151800,卖盘,600403,2025-10-17 22:46:17
09:31:35,6.6,0.0,1386,914760,卖盘,600403,2025-10-17 22:46:17
09:31:38,6.6,0.0,720,475200,卖盘,600403,2025-10-17 22:46:17
09:31:41,6.6,0.0,435,287100,卖盘,600403,2025-10-17 22:46:17
09:31:44,6.6,0.0,222,146520,卖盘,600403,2025-10-17 22:46:17
09:31:47,6.6,0.0,293,193380,卖盘,600403,2025-10-17 22:46:17
09:31:50,6.6,0.0,3748,2473680,卖盘,600403,2025-10-17 22:46:17
09:31:53,6.6,0.0,159,104940,卖盘,600403,2025-10-17 22:46:17
09:31:56,6.6,0.0,201,132660,卖盘,600403,2025-10-17 22:46:17
09:31:59,6.6,0.0,280,184800,卖盘,600403,2025-10-17 22:46:17
09:32:02,6.6,0.0,933,615780,卖盘,600403,2025-10-17 22:46:17
09:32:05,6.6,0.0,568,374880,卖盘,600403,2025-10-17 22:46:17
09:32:08,6.6,0.0,208,137280,卖盘,600403,2025-10-17 22:46:17
09:32:11,6.6,0.0,871,574860,卖盘,600403,2025-10-17 22:46:17
09:32:14,6.6,0.0,169,111540,卖盘,600403,2025-10-17 22:46:17
09:32:17,6.6,0.0,281,185460,卖盘,600403,2025-10-17 22:46:17
09:32:20,6.6,0.0,339,223740,卖盘,600403,2025-10-17 22:46:17
09:32:23,6.6,0.0,281,185460,卖盘,600403,2025-10-17 22:46:17
09:32:26,6.6,0.0,56,36960,卖盘,600403,2025-10-17 22:46:17
09:32:29,6.6,0.0,313,206580,卖盘,600403,2025-10-17 22:46:17
09:32:32,6.6,0.0,322,212520,卖盘,600403,2025-10-17 22:46:17
09:32:35,6.6,0.0,428,282480,卖盘,600403,2025-10-17 22:46:17
09:32:38,6.6,0.0,587,387420,卖盘,600403,2025-10-17 22:46:17
09:32:41,6.6,0.0,601,396660,卖盘,600403,2025-10-17 22:46:17
09:32:44,6.6,0.0,132,87120,卖盘,600403,2025-10-17 22:46:17
09:32:47,6.6,0.0,293,193380,卖盘,600403,2025-10-17 22:46:17
09:32:50,6.6,0.0,479,316140,卖盘,600403,2025-10-17 22:46:17
09:32:53,6.6,0.0,197,130020,卖盘,600403,2025-10-17 22:46:17
09:32:56,6.6,0.0,222,146520,卖盘,600403,2025-10-17 22:46:17
09:32:59,6.6,0.0,173,114180,卖盘,600403,2025-10-17 22:46:17
09:33:02,6.6,0.0,106,69960,卖盘,600403,2025-10-17 22:46:17
09:33:05,6.6,0.0,169,111540,卖盘,600403,2025-10-17 22:46:17
09:33:08,6.6,0.0,286,188760,卖盘,600403,2025-10-17 22:46:17
09:33:11,6.6,0.0,252,166320,卖盘,600403,2025-10-17 22:46:17
09:33:14,6.6,0.0,103,67980,卖盘,600403,2025-10-17 22:46:17
09:33:17,6.6,0.0,146,96360,卖盘,600403,2025-10-17 22:46:17
09:33:20,6.6,0.0,1038,685080,卖盘,600403,2025-10-17 22:46:17
09:33:23,6.6,0.0,371,244860,卖盘,600403,2025-10-17 22:46:17
09:33:26,6.6,0.0,264,174240,卖盘,600403,2025-10-17 22:46:17
09:33:29,6.6,0.0,151,99660,卖盘,600403,2025-10-17 22:46:17
09:33:32,6.6,0.0,333,219780,卖盘,600403,2025-10-17 22:46:17
09:33:35,6.6,0.0,96,63360,卖盘,600403,2025-10-17 22:46:17
09:33:38,6.6,0.0,322,212520,卖盘,600403,2025-10-17 22:46:17
09:33:41,6.6,0.0,217,143220,卖盘,600403,2025-10-17 22:46:17
09:33:44,6.6,0.0,196,129360,卖盘,600403,2025-10-17 22:46:17
09:33:47,6.6,0.0,338,223080,卖盘,600403,2025-10-17 22:46:17
09:33:50,6.6,0.0,314,207240,卖盘,600403,2025-10-17 22:46:17
09:33:53,6.6,0.0,62,40920,卖盘,600403,2025-10-17 22:46:17
09:33:56,6.6,0.0,219,144540,卖盘,600403,2025-10-17 22:46:17
09:33:59,6.6,0.0,225,148500,卖盘,600403,2025-10-17 22:46:17
09:34:02,6.6,0.0,82,54120,卖盘,600403,2025-10-17 22:46:17
09:34:05,6.6,0.0,343,226380,卖盘,600403,2025-10-17 22:46:17
09:34:08,6.6,0.0,395,260700,卖盘,600403,2025-10-17 22:46:17
09:34:11,6.6,0.0,84,55440,卖盘,600403,2025-10-17 22:46:17
09:34:14,6.6,0.0,46,30360,卖盘,600403,2025-10-17 22:46:17
09:34:17,6.6,0.0,411,271260,卖盘,600403,2025-10-17 22:46:17
09:34:20,6.6,0.0,92,60720,卖盘,600403,2025-10-17 22:46:17
09:34:23,6.6,0.0,319,210540,卖盘,600403,2025-10-17 22:46:17
09:34:26,6.6,0.0,174,114840,卖盘,600403,2025-10-17 22:46:17
09:34:29,6.6,0.0,247,163020,卖盘,600403,2025-10-17 22:46:17
09:34:32,6.6,0.0,72,47520,卖盘,600403,2025-10-17 22:46:17
09:34:35,6.6,0.0,204,134640,卖盘,600403,2025-10-17 22:46:17
09:34:38,6.6,0.0,11,7260,卖盘,600403,2025-10-17 22:46:17
09:34:41,6.6,0.0,88,58080,卖盘,600403,2025-10-17 22:46:17
09:34:44,6.6,0.0,80,52800,卖盘,600403,2025-10-17 22:46:17
09:34:47,6.6,0.0,181,119460,卖盘,600403,2025-10-17 22:46:17
09:34:50,6.6,0.0,715,471900,卖盘,600403,2025-10-17 22:46:17
09:34:53,6.6,0.0,144,95040,卖盘,600403,2025-10-17 22:46:17
09:34:56,6.6,0.0,61,40260,卖盘,600403,2025-10-17 22:46:17
09:34:59,6.6,0.0,185,122100,卖盘,600403,2025-10-17 22:46:17
09:35:02,6.6,0.0,65,42900,卖盘,600403,2025-10-17 22:46:17
09:35:05,6.6,0.0,105,69300,卖盘,600403,2025-10-17 22:46:17
09:35:08,6.6,0.0,294,194040,卖盘,600403,2025-10-17 22:46:17
09:35:11,6.6,0.0,451,297660,卖盘,600403,2025-10-17 22:46:17
09:35:14,6.6,0.0,271,178900,卖盘,600403,2025-10-17 22:46:17
09:35:17,6.6,0.0,144,95040,卖盘,600403,2025-10-17 22:46:17
09:35:20,6.6,0.0,473,312180,卖盘,600403,2025-10-17 22:46:17
09:35:23,6.6,0.0,152,100320,卖盘,600403,2025-10-17 22:46:17
09:35:26,6.6,0.0,160,105600,卖盘,600403,2025-10-17 22:46:17
09:35:29,6.6,0.0,167,110220,卖盘,600403,2025-10-17 22:46:17
09:35:32,6.6,0.0,127,83820,卖盘,600403,2025-10-17 22:46:17
09:35:35,6.6,0.0,9,5940,卖盘,600403,2025-10-17 22:46:17
09:35:38,6.6,0.0,74,48840,卖盘,600403,2025-10-17 22:46:17
09:35:41,6.6,0.0,88,58080,卖盘,600403,2025-10-17 22:46:17
09:35:44,6.6,0.0,157,103620,卖盘,600403,2025-10-17 22:46:17
09:35:47,6.6,0.0,46,30360,卖盘,600403,2025-10-17 22:46:17
09:35:50,6.6,0.0,66,43560,卖盘,600403,2025-10-17 22:46:17
09:35:53,6.6,0.0,53,34980,卖盘,600403,2025-10-17 22:46:17
09:35:56,6.6,0.0,119,78540,卖盘,600403,2025-10-17 22:46:17
09:35:59,6.6,0.0,18,11880,卖盘,600403,2025-10-17 22:46:17
09:36:02,6.6,0.0,45,29700,卖盘,600403,2025-10-17 22:46:17
09:36:05,6.6,0.0,23,15180,卖盘,600403,2025-10-17 22:46:17
09:36:08,6.6,0.0,68,44880,卖盘,600403,2025-10-17 22:46:17
09:36:11,6.6,0.0,131,86460,卖盘,600403,2025-10-17 22:46:17
09:36:14,6.6,0.0,18,11880,卖盘,600403,2025-10-17 22:46:17
09:36:17,6.6,0.0,46,30360,卖盘,600403,2025-10-17 22:46:17
09:36:20,6.6,0.0,122,80520,卖盘,600403,2025-10-17 22:46:17
09:36:23,6.6,0.0,21,13860,卖盘,600403,2025-10-17 22:46:17
09:36:26,6.6,0.0,59,38940,卖盘,600403,2025-10-17 22:46:17
09:36:29,6.6,0.0,192,126720,卖盘,600403,2025-10-17 22:46:17
09:36:32,6.6,0.0,20,13200,卖盘,600403,2025-10-17 22:46:17
09:36:35,6.6,0.0,32,21120,卖盘,600403,2025-10-17 22:46:17
09:36:38,6.6,0.0,49,32340,卖盘,600403,2025-10-17 22:46:17
09:36:41,6.6,0.0,292,192720,卖盘,600403,2025-10-17 22:46:17
09:36:44,6.6,0.0,54,35640,卖盘,600403,2025-10-17 22:46:17
09:36:47,6.6,0.0,31,20460,卖盘,600403,2025-10-17 22:46:17
09:36:50,6.6,0.0,116,76560,卖盘,600403,2025-10-17 22:46:17
09:36:53,6.6,0.0,481,317460,卖盘,600403,2025-10-17 22:46:17
09:36:56,6.6,0.0,92,60720,卖盘,600403,2025-10-17 22:46:17
09:36:59,6.6,0.0,145,95700,卖盘,600403,2025-10-17 22:46:17
09:37:02,6.6,0.0,61,40260,卖盘,600403,2025-10-17 22:46:17
09:37:05,6.6,0.0,43,28380,卖盘,600403,2025-10-17 22:46:17
09:37:08,6.6,0.0,82,54120,卖盘,600403,2025-10-17 22:46:17
09:37:11,6.6,0.0,201,132660,卖盘,600403,2025-10-17 22:46:17
09:37:14,6.6,0.0,1,660,卖盘,600403,2025-10-17 22:46:17
09:37:17,6.6,0.0,52,34320,卖盘,600403,2025-10-17 22:46:17
09:37:20,6.6,0.0,55,36300,卖盘,600403,2025-10-17 22:46:17
09:37:23,6.6,0.0,17,11220,卖盘,600403,2025-10-17 22:46:17
09:37:26,6.6,0.0,22,14520,卖盘,600403,2025-10-17 22:46:17
09:37:29,6.6,0.0,126,83160,卖盘,600403,2025-10-17 22:46:17
09:37:32,6.6,0.0,19,12540,卖盘,600403,2025-10-17 22:46:17
09:37:35,6.6,0.0,73,48180,卖盘,600403,2025-10-17 22:46:17
09:37:38,6.6,0.0,40,26400,卖盘,600403,2025-10-17 22:46:17
09:37:41,6.6,0.0,543,358380,卖盘,600403,2025-10-17 22:46:17
09:37:44,6.6,0.0,36,23760,卖盘,600403,2025-10-17 22:46:17
09:37:47,6.6,0.0,7,4620,卖盘,600403,2025-10-17 22:46:17
09:37:50,6.6,0.0,69,45540,卖盘,600403,2025-10-17 22:46:17
09:37:53,6.6,0.0,51,33660,卖盘,600403,2025-10-17 22:46:17
09:37:56,6.6,0.0,187,123420,卖盘,600403,2025-10-17 22:46:17
09:37:59,6.6,0.0,182,120120,卖盘,600403,2025-10-17 22:46:17
09:38:02,6.6,0.0,19,12540,卖盘,600403,2025-10-17 22:46:17
09:38:05,6.6,0.0,1198,790680,卖盘,600403,2025-10-17 22:46:17
09:38:08,6.6,0.0,13,8580,卖盘,600403,2025-10-17 22:46:17
09:38:11,6.6,0.0,24,15840,卖盘,600403,2025-10-17 22:46:17
09:38:14,6.6,0.0,12,7920,卖盘,600403,2025-10-17 22:46:17
09:38:17,6.6,0.0,100,66000,卖盘,600403,2025-10-17 22:46:17
09:38:20,6.6,0.0,403,265980,卖盘,600403,2025-10-17 22:46:17
09:38:23,6.6,0.0,31,20460,卖盘,600403,2025-10-17 22:46:17
09:38:26,6.6,0.0,79,52140,卖盘,600403,2025-10-17 22:46:17
09:38:29,6.6,0.0,7,4620,卖盘,600403,2025-10-17 22:46:17
09:38:32,6.6,0.0,107,70620,卖盘,600403,2025-10-17 22:46:17
09:38:35,6.6,0.0,488,322080,卖盘,600403,2025-10-17 22:46:17
09:38:38,6.6,0.0,72,47520,卖盘,600403,2025-10-17 22:46:17
09:38:41,6.6,0.0,75,49500,卖盘,600403,2025-10-17 22:46:17
09:38:44,6.6,0.0,350,231000,卖盘,600403,2025-10-17 22:46:17
09:38:47,6.6,0.0,83,54780,卖盘,600403,2025-10-17 22:46:17
09:38:50,6.6,0.0,185,122100,卖盘,600403,2025-10-17 22:46:17
09:38:53,6.6,0.0,19,12540,卖盘,600403,2025-10-17 22:46:17
09:38:56,6.6,0.0,25,16500,卖盘,600403,2025-10-17 22:46:17
09:38:59,6.6,0.0,24,15840,卖盘,600403,2025-10-17 22:46:17
09:39:02,6.6,0.0,23,15180,卖盘,600403,2025-10-17 22:46:17
09:39:05,6.6,0.0,168,110880,卖盘,600403,2025-10-17 22:46:17
09:39:08,6.6,0.0,26,17160,卖盘,600403,2025-10-17 22:46:17
09:39:11,6.6,0.0,192,126720,卖盘,600403,2025-10-17 22:46:17
09:39:14,6.6,0.0,3,1980,卖盘,600403,2025-10-17 22:46:17
09:39:17,6.6,0.0,11,7260,卖盘,600403,2025-10-17 22:46:17
09:39:20,6.6,0.0,51,33660,卖盘,600403,2025-10-17 22:46:17
09:39:26,6.6,0.0,153,100980,卖盘,600403,2025-10-17 22:46:17
09:39:29,6.6,0.0,16,10560,卖盘,600403,2025-10-17 22:46:17
09:39:32,6.6,0.0,32,21120,卖盘,600403,2025-10-17 22:46:17
09:39:35,6.6,0.0,59,38940,卖盘,600403,2025-10-17 22:46:17
09:39:38,6.6,0.0,104,68640,卖盘,600403,2025-10-17 22:46:17
09:39:41,6.6,0.0,30,19800,卖盘,600403,2025-10-17 22:46:17
09:39:44,6.6,0.0,36,23760,卖盘,600403,2025-10-17 22:46:17
09:39:47,6.6,0.0,103,67980,卖盘,600403,2025-10-17 22:46:17
09:39:50,6.6,0.0,7,4620,卖盘,600403,2025-10-17 22:46:17
09:39:53,6.6,0.0,121,79860,卖盘,600403,2025-10-17 22:46:17
09:39:56,6.6,0.0,47,31020,卖盘,600403,2025-10-17 22:46:17
09:39:59,6.6,0.0,605,399300,卖盘,600403,2025-10-17 22:46:17
09:40:02,6.6,0.0,221,145860,卖盘,600403,2025-10-17 22:46:17
09:40:05,6.6,0.0,318,209880,卖盘,600403,2025-10-17 22:46:17
09:40:08,6.6,0.0,13,8580,卖盘,600403,2025-10-17 22:46:17
09:40:11,6.6,0.0,23,15180,卖盘,600403,2025-10-17 22:46:17
09:40:14,6.6,0.0,50,33000,卖盘,600403,2025-10-17 22:46:17
09:40:17,6.6,0.0,99,65340,卖盘,600403,2025-10-17 22:46:17
09:40:20,6.6,0.0,7,4620,卖盘,600403,2025-10-17 22:46:17
09:40:23,6.6,0.0,3,1980,卖盘,600403,2025-10-17 22:46:17
09:40:26,6.6,0.0,40,26400,卖盘,600403,2025-10-17 22:46:17
09:40:29,6.6,0.0,66,43560,卖盘,600403,2025-10-17 22:46:17
09:40:32,6.6,0.0,105,69300,卖盘,600403,2025-10-17 22:46:17
09:40:35,6.6,0.0,1,660,卖盘,600403,2025-10-17 22:46:17
09:40:38,6.6,0.0,46,30360,卖盘,600403,2025-10-17 22:46:17
09:40:41,6.6,0.0,21,13860,卖盘,600403,2025-10-17 22:46:17
09:40:44,6.6,0.0,49,32340,卖盘,600403,2025-10-17 22:46:17
09:40:47,6.6,0.0,67,44220,卖盘,600403,2025-10-17 22:46:17
09:40:50,6.6,0.0,218,143880,卖盘,600403,2025-10-17 22:46:17
09:40:53,6.6,0.0,94,62040,卖盘,600403,2025-10-17 22:46:17
09:40:56,6.6,0.0,39,25740,卖盘,600403,2025-10-17 22:46:17
09:40:59,6.6,0.0,13,8580,卖盘,600403,2025-10-17 22:46:17
09:41:02,6.6,0.0,226,149160,卖盘,600403,2025-10-17 22:46:17
09:41:05,6.6,0.0,78,51480,卖盘,600403,2025-10-17 22:46:17
09:41:08,6.6,0.0,28,18480,卖盘,600403,2025-10-17 22:46:17
09:41:11,6.6,0.0,16,10560,卖盘,600403,2025-10-17 22:46:17
09:41:14,6.6,0.0,38,25080,卖盘,600403,2025-10-17 22:46:17
09:41:17,6.6,0.0,60,39600,卖盘,600403,2025-10-17 22:46:17
09:41:20,6.6,0.0,16,10560,卖盘,600403,2025-10-17 22:46:17
09:41:23,6.6,0.0,43,28380,卖盘,600403,2025-10-17 22:46:17
09:41:26,6.6,0.0,25,16500,卖盘,600403,2025-10-17 22:46:17
09:41:29,6.6,0.0,40,26400,卖盘,600403,2025-10-17 22:46:17
09:41:32,6.6,0.0,4,2640,卖盘,600403,2025-10-17 22:46:17
09:41:35,6.6,0.0,43,28380,卖盘,600403,2025-10-17 22:46:17
09:41:38,6.6,0.0,114,75240,卖盘,600403,2025-10-17 22:46:17
09:41:41,6.6,0.0,17,11220,卖盘,600403,2025-10-17 22:46:17
09:41:44,6.6,0.0,66,43560,卖盘,600403,2025-10-17 22:46:17
09:41:47,6.6,0.0,40,26400,卖盘,600403,2025-10-17 22:46:17
09:41:50,6.6,0.0,2,1320,卖盘,600403,2025-10-17 22:46:17
09:41:53,6.6,0.0,139,91740,卖盘,600403,2025-10-17 22:46:17
09:41:56,6.6,0.0,56,36960,卖盘,600403,2025-10-17 22:46:17
09:41:59,6.6,0.0,24,15840,卖盘,600403,2025-10-17 22:46:17
09:42:02,6.6,0.0,42,27720,卖盘,600403,2025-10-17 22:46:17
09:42:05,6.6,0.0,25,16500,卖盘,600403,2025-10-17 22:46:17
09:42:08,6.6,0.0,32,21120,卖盘,600403,2025-10-17 22:46:17
09:42:11,6.6,0.0,103,67980,卖盘,600403,2025-10-17 22:46:17
09:42:14,6.6,0.0,19,12540,卖盘,600403,2025-10-17 22:46:17
09:42:17,6.6,0.0,9,5940,卖盘,600403,2025-10-17 22:46:17
09:42:20,6.6,0.0,2,1320,卖盘,600403,2025-10-17 22:46:17
09:42:23,6.6,0.0,33,21780,卖盘,600403,2025-10-17 22:46:17
09:42:32,6.6,0.0,23,15180,卖盘,600403,2025-10-17 22:46:17
09:42:35,6.6,0.0,83,54780,卖盘,600403,2025-10-17 22:46:17
09:42:38,6.6,0.0,218,143880,卖盘,600403,2025-10-17 22:46:17
09:42:41,6.6,0.0,54,35640,卖盘,600403,2025-10-17 22:46:17
09:42:44,6.6,0.0,105,69300,卖盘,600403,2025-10-17 22:46:17
09:42:47,6.6,0.0,36,23760,卖盘,600403,2025-10-17 22:46:17
09:42:50,6.6,0.0,73,48180,卖盘,600403,2025-10-17 22:46:17
09:42:53,6.6,0.0,49,32340,卖盘,600403,2025-10-17 22:46:17
09:42:56,6.6,0.0,2,1320,卖盘,600403,2025-10-17 22:46:17
09:42:59,6.6,0.0,10,6600,卖盘,600403,2025-10-17 22:46:17
09:43:02,6.6,0.0,177,116820,卖盘,600403,2025-10-17 22:46:17
09:43:05,6.6,0.0,16,10560,卖盘,600403,2025-10-17 22:46:17
09:43:08,6.6,0.0,132,87120,卖盘,600403,2025-10-17 22:46:17
09:43:11,6.6,0.0,66,43560,卖盘,600403,2025-10-17 22:46:17
09:43:14,6.6,0.0,62,40695,卖盘,600403,2025-10-17 22:46:17
09:43:17,6.6,0.0,45,29700,卖盘,600403,2025-10-17 22:46:17
09:43:20,6.6,0.0,10,6600,卖盘,600403,2025-10-17 22:46:17
09:43:23,6.6,0.0,100,66000,卖盘,600403,2025-10-17 22:46:17
09:43:26,6.6,0.0,21,13860,卖盘,600403,2025-10-17 22:46:17
09:43:29,6.6,0.0,35,23100,卖盘,600403,2025-10-17 22:46:17
09:43:32,6.6,0.0,33,21780,卖盘,600403,2025-10-17 22:46:17
09:43:41,6.6,0.0,4,2640,卖盘,600403,2025-10-17 22:46:17
09:43:44,6.6,0.0,107,70620,卖盘,600403,2025-10-17 22:46:17
09:43:47,6.6,0.0,35,23100,卖盘,600403,2025-10-17 22:46:17
09:43:50,6.6,0.0,10,6600,卖盘,600403,2025-10-17 22:46:17
09:43:53,6.6,0.0,45,29700,卖盘,600403,2025-10-17 22:46:17
09:43:56,6.6,0.0,72,47520,卖盘,600403,2025-10-17 22:46:17
09:43:59,6.6,0.0,13,8580,卖盘,600403,2025-10-17 22:46:17
09:44:02,6.6,0.0,114,75240,卖盘,600403,2025-10-17 22:46:17
09:44:05,6.6,0.0,3,1980,卖盘,600403,2025-10-17 22:46:17
09:44:08,6.6,0.0,224,147840,卖盘,600403,2025-10-17 22:46:17
09:44:11,6.6,0.0,61,40260,卖盘,600403,2025-10-17 22:46:17
09:44:14,6.6,0.0,12,7920,卖盘,600403,2025-10-17 22:46:17
09:44:17,6.6,0.0,118,77880,卖盘,600403,2025-10-17 22:46:17
09:44:20,6.6,0.0,20,13200,卖盘,600403,2025-10-17 22:46:17
09:44:23,6.6,0.0,2,1320,卖盘,600403,2025-10-17 22:46:17
09:44:26,6.6,0.0,6,3960,卖盘,600403,2025-10-17 22:46:17
09:44:29,6.6,0.0,6,3960,卖盘,600403,2025-10-17 22:46:17
09:44:32,6.6,0.0,15,9900,卖盘,600403,2025-10-17 22:46:17
09:44:35,6.6,0.0,13,8580,卖盘,600403,2025-10-17 22:46:17
09:44:38,6.6,0.0,7,4620,卖盘,600403,2025-10-17 22:46:17
09:44:41,6.6,0.0,66,43560,卖盘,600403,2025-10-17 22:46:17
09:44:44,6.6,0.0,60,39600,卖盘,600403,2025-10-17 22:46:17
09:44:47,6.6,0.0,20,13200,卖盘,600403,2025-10-17 22:46:17
09:44:50,6.6,0.0,100,66000,卖盘,600403,2025-10-17 22:46:17
09:44:53,6.6,0.0,101,66660,卖盘,600403,2025-10-17 22:46:17
09:44:59,6.6,0.0,14,9240,卖盘,600403,2025-10-17 22:46:17
09:45:02,6.6,0.0,46,30360,卖盘,600403,2025-10-17 22:46:17
09:45:05,6.6,0.0,52,34320,卖盘,600403,2025-10-17 22:46:17
09:45:08,6.6,0.0,11,7260,卖盘,600403,2025-10-17 22:46:17
09:45:11,6.6,0.0,18,11880,卖盘,600403,2025-10-17 22:46:17
09:45:14,6.6,0.0,102,67320,卖盘,600403,2025-10-17 22:46:17
09:45:17,6.6,0.0,1,660,卖盘,600403,2025-10-17 22:46:17
09:45:20,6.6,0.0,41,27060,卖盘,600403,2025-10-17 22:46:17
09:45:23,6.6,0.0,7,4620,卖盘,600403,2025-10-17 22:46:17
09:45:26,6.6,0.0,169,111540,卖盘,600403,2025-10-17 22:46:17
09:45:29,6.6,0.0,23,15180,卖盘,600403,2025-10-17 22:46:17
09:45:32,6.6,0.0,1,660,卖盘,600403,2025-10-17 22:46:17
09:45:35,6.6,0.0,42,27720,卖盘,600403,2025-10-17 22:46:17
09:45:38,6.6,0.0,10,6600,卖盘,600403,2025-10-17 22:46:17
09:45:41,6.6,0.0,74,48906,卖盘,600403,2025-10-17 22:46:17
09:45:47,6.6,0.0,27,17820,卖盘,600403,2025-10-17 22:46:17
09:45:50,6.6,0.0,12,7920,卖盘,600403,2025-10-17 22:46:17
09:45:56,6.6,0.0,5,3300,卖盘,600403,2025-10-17 22:46:17
09:45:59,6.6,0.0,1,660,卖盘,600403,2025-10-17 22:46:17
09:46:02,6.6,0.0,4,2640,卖盘,600403,2025-10-17 22:46:17
09:46:05,6.6,0.0,38,25080,卖盘,600403,2025-10-17 22:46:17
09:46:08,6.6,0.0,18,11880,卖盘,600403,2025-10-17 22:46:17
09:46:11,6.6,0.0,45,29700,卖盘,600403,2025-10-17 22:46:17
09:46:14,6.6,0.0,8,5280,卖盘,600403,2025-10-17 22:46:17
09:46:17,6.6,0.0,53,34980,卖盘,600403,2025-10-17 22:46:17
09:46:20,6.6,0.0,88,58080,卖盘,600403,2025-10-17 22:46:17
09:46:23,6.6,0.0,19,12540,卖盘,600403,2025-10-17 22:46:17
09:46:26,6.6,0.0,106,69960,卖盘,600403,2025-10-17 22:46:17
09:46:29,6.6,0.0,566,373560,卖盘,600403,2025-10-17 22:46:17
09:46:32,6.6,0.0,21,13860,卖盘,600403,2025-10-17 22:46:17
09:46:35,6.6,0.0,215,141900,卖盘,600403,2025-10-17 22:46:17
09:46:38,6.6,0.0,8,5280,卖盘,600403,2025-10-17 22:46:17
09:46:41,6.6,0.0,67,44220,卖盘,600403,2025-10-17 22:46:17
09:46:44,6.6,0.0,55,36300,卖盘,600403,2025-10-17 22:46:17
09:46:47,6.6,0.0,160,105600,卖盘,600403,2025-10-17 22:46:17
09:46:50,6.6,0.0,19,12540,卖盘,600403,2025-10-17 22:46:17
09:46:53,6.6,0.0,89,58740,卖盘,600403,2025-10-17 22:46:17
09:46:56,6.6,0.0,13,8580,卖盘,600403,2025-10-17 22:46:17
09:46:59,6.6,0.0,16,10560,卖盘,600403,2025-10-17 22:46:17
09:47:02,6.6,0.0,12,7920,卖盘,600403,2025-10-17 22:46:17
09:47:05,6.6,0.0,73,48180,卖盘,600403,2025-10-17 22:46:17
09:47:08,6.6,0.0,13,8580,卖盘,600403,2025-10-17 22:46:17
09:47:11,6.6,0.0,3,1980,卖盘,600403,2025-10-17 22:46:17
09:47:17,6.6,0.0,33,21780,卖盘,600403,2025-10-17 22:46:17
09:47:20,6.6,0.0,64,42240,卖盘,600403,2025-10-17 22:46:17
09:47:23,6.6,0.0,10,6600,卖盘,600403,2025-10-17 22:46:17
09:47:26,6.6,0.0,45,29700,卖盘,600403,2025-10-17 22:46:17
09:47:29,6.6,0.0,132,87120,卖盘,600403,2025-10-17 22:46:17
09:47:32,6.6,0.0,8,5280,卖盘,600403,2025-10-17 22:46:17
09:47:35,6.6,0.0,204,134640,卖盘,600403,2025-10-17 22:46:17
09:47:38,6.6,0.0,22,14520,卖盘,600403,2025-10-17 22:46:17
09:47:41,6.6,0.0,10,6600,卖盘,600403,2025-10-17 22:46:17
09:47:44,6.6,0.0,19,12540,卖盘,600403,2025-10-17 22:46:17
09:47:47,6.6,0.0,311,205260,卖盘,600403,2025-10-17 22:46:17
09:47:50,6.6,0.0,17,11220,卖盘,600403,2025-10-17 22:46:17
09:47:53,6.6,0.0,9,5940,卖盘,600403,2025-10-17 22:46:17
09:47:56,6.6,0.0,45,29700,卖盘,600403,2025-10-17 22:46:17
09:47:59,6.6,0.0,8,5280,卖盘,600403,2025-10-17 22:46:17
09:48:02,6.6,0.0,51,33660,卖盘,600403,2025-10-17 22:46:17
09:48:05,6.6,0.0,3,1980,卖盘,600403,2025-10-17 22:46:17
09:48:08,6.6,0.0,13,8580,卖盘,600403,2025-10-17 22:46:17
09:48:11,6.6,0.0,45,29700,卖盘,600403,2025-10-17 22:46:17
09:48:14,6.6,0.0,14,9240,卖盘,600403,2025-10-17 22:46:17
09:48:17,6.6,0.0,6,3960,卖盘,600403,2025-10-17 22:46:17
09:48:20,6.6,0.0,188,124080,卖盘,600403,2025-10-17 22:46:17
09:48:23,6.6,0.0,40,26400,卖盘,600403,2025-10-17 22:46:17
09:48:26,6.6,0.0,14,9240,卖盘,600403,2025-10-17 22:46:17
09:48:29,6.6,0.0,8,5280,卖盘,600403,2025-10-17 22:46:17
09:48:32,6.6,0.0,7,4620,卖盘,600403,2025-10-17 22:46:17
09:48:35,6.6,0.0,28,18480,卖盘,600403,2025-10-17 22:46:17
09:48:38,6.6,0.0,24,15840,卖盘,600403,2025-10-17 22:46:17
09:48:41,6.6,0.0,23,15180,卖盘,600403,2025-10-17 22:46:17
09:48:44,6.6,0.0,31,20460,卖盘,600403,2025-10-17 22:46:17
09:48:47,6.6,0.0,3,1980,卖盘,600403,2025-10-17 22:46:17
09:48:50,6.6,0.0,3,1980,卖盘,600403,2025-10-17 22:46:17
09:48:53,6.6,0.0,107,70620,卖盘,600403,2025-10-17 22:46:17
09:48:56,6.6,0.0,10,6600,卖盘,600403,2025-10-17 22:46:17
09:48:59,6.6,0.0,208,137280,卖盘,600403,2025-10-17 22:46:17
09:49:02,6.6,0.0,5,3300,卖盘,600403,2025-10-17 22:46:17
09:49:05,6.6,0.0,23,15180,卖盘,600403,2025-10-17 22:46:17
09:49:08,6.6,0.0,9,5940,卖盘,600403,2025-10-17 22:46:17
09:49:11,6.6,0.0,8,5280,卖盘,600403,2025-10-17 22:46:17
09:49:14,6.6,0.0,340,224400,卖盘,600403,2025-10-17 22:46:17
09:49:17,6.6,0.0,32,21120,卖盘,600403,2025-10-17 22:46:17
09:49:20,6.6,0.0,68,44880,卖盘,600403,2025-10-17 22:46:17
09:49:26,6.6,0.0,18,11880,卖盘,600403,2025-10-17 22:46:17
09:49:29,6.6,0.0,10,6600,卖盘,600403,2025-10-17 22:46:17
09:49:32,6.6,0.0,10,6600,卖盘,600403,2025-10-17 22:46:17
09:49:35,6.6,0.0,9,5940,卖盘,600403,2025-10-17 22:46:17
09:49:38,6.6,0.0,7,4620,卖盘,600403,2025-10-17 22:46:17
09:49:41,6.6,0.0,11,7260,卖盘,600403,2025-10-17 22:46:17
09:49:44,6.6,0.0,8,5280,卖盘,600403,2025-10-17 22:46:17
09:49:47,6.6,0.0,24,15840,卖盘,600403,2025-10-17 22:46:17
09:49:50,6.6,0.0,128,84480,卖盘,600403,2025-10-17 22:46:17
09:49:53,6.6,0.0,17,11220,卖盘,600403,2025-10-17 22:46:17
09:49:56,6.6,0.0,145,95700,卖盘,600403,2025-10-17 22:46:17
09:49:59,6.6,0.0,1,660,卖盘,600403,2025-10-17 22:46:17
09:50:02,6.6,0.0,8,5280,卖盘,600403,2025-10-17 22:46:17
09:50:05,6.6,0.0,9,5940,卖盘,600403,2025-10-17 22:46:17
09:50:08,6.6,0.0,5,3300,卖盘,600403,2025-10-17 22:46:17
09:50:11,6.6,0.0,5,3300,卖盘,600403,2025-10-17 22:46:17
09:50:17,6.6,0.0,6,3960,卖盘,600403,2025-10-17 22:46:17
09:50:20,6.6,0.0,8,5280,卖盘,600403,2025-10-17 22:46:17
09:50:23,6.6,0.0,55,36300,卖盘,600403,2025-10-17 22:46:17
09:50:26,6.6,0.0,8,5280,卖盘,600403,2025-10-17 22:46:17
09:50:29,6.6,0.0,8,5280,卖盘,600403,2025-10-17 22:46:17
09:50:35,6.6,0.0,30,19800,卖盘,600403,2025-10-17 22:46:17
09:50:38,6.6,0.0,2,1320,卖盘,600403,2025-10-17 22:46:17
09:50:41,6.6,0.0,181,119460,卖盘,600403,2025-10-17 22:46:17
09:50:44,6.6,0.0,54,35640,卖盘,600403,2025-10-17 22:46:17
09:50:50,6.6,0.0,44,29040,卖盘,600403,2025-10-17 22:46:17
09:50:53,6.6,0.0,14,9240,卖盘,600403,2025-10-17 22:46:17
09:50:56,6.6,0.0,4,2640,卖盘,600403,2025-10-17 22:46:17
09:50:59,6.6,0.0,2,1320,卖盘,600403,2025-10-17 22:46:17
09:51:02,6.6,0.0,63,41580,卖盘,600403,2025-10-17 22:46:17
09:51:05,6.6,0.0,149,98340,卖盘,600403,2025-10-17 22:46:17
09:51:08,6.6,0.0,26,17160,卖盘,600403,2025-10-17 22:46:17
09:51:11,6.6,0.0,27,17820,卖盘,600403,2025-10-17 22:46:17
09:51:14,6.6,0.0,122,80520,卖盘,600403,2025-10-17 22:46:17
09:51:17,6.6,0.0,23,15180,卖盘,600403,2025-10-17 22:46:17
09:51:20,6.6,0.0,9,5940,卖盘,600403,2025-10-17 22:46:17
09:51:23,6.6,0.0,12,7920,卖盘,600403,2025-10-17 22:46:17
09:51:26,6.6,0.0,16,10560,卖盘,600403,2025-10-17 22:46:17
09:51:29,6.6,0.0,12,7920,卖盘,600403,2025-10-17 22:46:17
09:51:32,6.6,0.0,55,36300,卖盘,600403,2025-10-17 22:46:17
09:51:35,6.6,0.0,9,5940,卖盘,600403,2025-10-17 22:46:17
09:51:38,6.6,0.0,191,126060,卖盘,600403,2025-10-17 22:46:17
09:51:41,6.6,0.0,8,5280,卖盘,600403,2025-10-17 22:46:17
09:51:44,6.6,0.0,235,155100,卖盘,600403,2025-10-17 22:46:17
09:51:47,6.6,0.0,5,3300,卖盘,600403,2025-10-17 22:46:17
09:51:50,6.6,0.0,37,24420,卖盘,600403,2025-10-17 22:46:17
09:51:53,6.6,0.0,13,8580,卖盘,600403,2025-10-17 22:46:17
09:51:56,6.6,0.0,24,15840,卖盘,600403,2025-10-17 22:46:17
09:51:59,6.6,0.0,80,52800,卖盘,600403,2025-10-17 22:46:17
09:52:02,6.6,0.0,5,3300,卖盘,600403,2025-10-17 22:46:17
09:52:05,6.6,0.0,10,6600,卖盘,600403,2025-10-17 22:46:17
09:52:08,6.6,0.0,20,13200,卖盘,600403,2025-10-17 22:46:17
09:52:11,6.6,0.0,9,5940,卖盘,600403,2025-10-17 22:46:17
09:52:14,6.6,0.0,18,11880,卖盘,600403,2025-10-17 22:46:17
09:52:17,6.6,0.0,25,16500,卖盘,600403,2025-10-17 22:46:17
09:52:20,6.6,0.0,7,4620,卖盘,600403,2025-10-17 22:46:17
09:52:23,6.6,0.0,6,3960,卖盘,600403,2025-10-17 22:46:17
09:52:26,6.6,0.0,44,29040,卖盘,600403,2025-10-17 22:46:17
09:52:29,6.6,0.0,13,8580,卖盘,600403,2025-10-17 22:46:17
09:52:32,6.6,0.0,14,9240,卖盘,600403,2025-10-17 22:46:17
09:52:35,6.6,0.0,22,14520,卖盘,600403,2025-10-17 22:46:17
09:52:38,6.6,0.0,1,660,卖盘,600403,2025-10-17 22:46:17
09:52:41,6.6,0.0,30,19800,卖盘,600403,2025-10-17 22:46:17
09:52:44,6.6,0.0,6,3960,卖盘,600403,2025-10-17 22:46:17
09:52:47,6.6,0.0,51,33660,卖盘,600403,2025-10-17 22:46:17
09:52:50,6.6,0.0,10,6600,卖盘,600403,2025-10-17 22:46:17
09:52:53,6.6,0.0,141,93060,卖盘,600403,2025-10-17 22:46:17
09:52:56,6.6,0.0,1,660,卖盘,600403,2025-10-17 22:46:17
09:53:05,6.6,0.0,62,40920,卖盘,600403,2025-10-17 22:46:17
09:53:08,6.6,0.0,5,3300,卖盘,600403,2025-10-17 22:46:17
09:53:11,6.6,0.0,16,10560,卖盘,600403,2025-10-17 22:46:17
09:53:17,6.6,0.0,6,3960,卖盘,600403,2025-10-17 22:46:17
09:53:20,6.6,0.0,29,19140,卖盘,600403,2025-10-17 22:46:17
09:53:23,6.6,0.0,36,23760,卖盘,600403,2025-10-17 22:46:17
09:53:26,6.6,0.0,63,41580,卖盘,600403,2025-10-17 22:46:17
09:53:32,6.6,0.0,8,5280,卖盘,600403,2025-10-17 22:46:17
09:53:35,6.6,0.0,3,1980,卖盘,600403,2025-10-17 22:46:17
09:53:38,6.6,0.0,38,25080,卖盘,600403,2025-10-17 22:46:17
09:53:41,6.6,0.0,340,224400,卖盘,600403,2025-10-17 22:46:17
09:53:44,6.6,0.0,1,660,卖盘,600403,2025-10-17 22:46:17
09:53:47,6.6,0.0,61,40260,卖盘,600403,2025-10-17 22:46:17
09:53:50,6.6,0.0,37,24420,卖盘,600403,2025-10-17 22:46:17
09:53:53,6.6,0.0,2,1320,卖盘,600403,2025-10-17 22:46:17
09:53:56,6.6,0.0,40,26400,卖盘,600403,2025-10-17 22:46:17
09:53:59,6.6,0.0,28,18480,卖盘,600403,2025-10-17 22:46:17
09:54:02,6.6,0.0,12,7920,卖盘,600403,2025-10-17 22:46:17
09:54:05,6.6,0.0,4,2640,卖盘,600403,2025-10-17 22:46:17
09:54:11,6.6,0.0,3,1980,卖盘,600403,2025-10-17 22:46:17
09:54:14,6.6,0.0,11,7260,卖盘,600403,2025-10-17 22:46:17
09:54:17,6.6,0.0,5,3300,卖盘,600403,2025-10-17 22:46:17
09:54:20,6.6,0.0,7,4620,卖盘,600403,2025-10-17 22:46:17
09:54:23,6.6,0.0,42,27720,卖盘,600403,2025-10-17 22:46:17
09:54:26,6.6,0.0,26,17160,卖盘,600403,2025-10-17 22:46:17
09:54:29,6.6,0.0,3,1980,卖盘,600403,2025-10-17 22:46:17
09:54:32,6.6,0.0,17,11220,卖盘,600403,2025-10-17 22:46:17
09:54:35,6.6,0.0,1,660,卖盘,600403,2025-10-17 22:46:17
09:54:38,6.6,0.0,4,2640,卖盘,600403,2025-10-17 22:46:17
09:54:41,6.6,0.0,37,24420,卖盘,600403,2025-10-17 22:46:17
09:54:44,6.6,0.0,305,201300,卖盘,600403,2025-10-17 22:46:17
09:54:47,6.6,0.0,9,5940,卖盘,600403,2025-10-17 22:46:17
09:54:50,6.6,0.0,61,40260,卖盘,600403,2025-10-17 22:46:17
09:54:53,6.6,0.0,3,1980,卖盘,600403,2025-10-17 22:46:17
09:54:56,6.6,0.0,24,15840,卖盘,600403,2025-10-17 22:46:17
09:54:59,6.6,0.0,8,5280,卖盘,600403,2025-10-17 22:46:17
09:55:02,6.6,0.0,432,285120,卖盘,600403,2025-10-17 22:46:17
09:55:05,6.6,0.0,1,660,卖盘,600403,2025-10-17 22:46:17
09:55:08,6.6,0.0,114,75240,卖盘,600403,2025-10-17 22:46:17
09:55:11,6.6,0.0,104,68640,卖盘,600403,2025-10-17 22:46:17
09:55:17,6.6,0.0,22,14520,卖盘,600403,2025-10-17 22:46:17
09:55:20,6.6,0.0,15,9900,卖盘,600403,2025-10-17 22:46:17
09:55:23,6.6,0.0,39,25740,卖盘,600403,2025-10-17 22:46:17
09:55:26,6.6,0.0,1,660,卖盘,600403,2025-10-17 22:46:17
09:55:29,6.6,0.0,25,16500,卖盘,600403,2025-10-17 22:46:17
09:55:32,6.6,0.0,35,23100,卖盘,600403,2025-10-17 22:46:17
09:55:35,6.6,0.0,14,9240,卖盘,600403,2025-10-17 22:46:17
09:55:38,6.6,0.0,50,33000,卖盘,600403,2025-10-17 22:46:17
09:55:41,6.6,0.0,50,33000,卖盘,600403,2025-10-17 22:46:17
09:55:44,6.6,0.0,22,14520,卖盘,600403,2025-10-17 22:46:17
09:55:47,6.6,0.0,12,7920,卖盘,600403,2025-10-17 22:46:17
09:55:50,6.6,0.0,550,363000,卖盘,600403,2025-10-17 22:46:17
09:55:53,6.6,0.0,18,11880,卖盘,600403,2025-10-17 22:46:17
09:55:56,6.6,0.0,57,37620,卖盘,600403,2025-10-17 22:46:17
09:55:59,6.6,0.0,13,8580,卖盘,600403,2025-10-17 22:46:17
09:56:02,6.6,0.0,1,660,卖盘,600403,2025-10-17 22:46:17
09:56:05,6.6,0.0,52,34320,卖盘,600403,2025-10-17 22:46:17
09:56:08,6.6,0.0,59,38940,卖盘,600403,2025-10-17 22:46:17
09:56:11,6.6,0.0,52,34320,卖盘,600403,2025-10-17 22:46:17
09:56:17,6.6,0.0,123,81180,卖盘,600403,2025-10-17 22:46:17
09:56:20,6.6,0.0,63,41580,卖盘,600403,2025-10-17 22:46:17
09:56:23,6.6,0.0,136,89760,卖盘,600403,2025-10-17 22:46:17
09:56:26,6.6,0.0,7,4620,卖盘,600403,2025-10-17 22:46:17
09:56:29,6.6,0.0,38,25080,卖盘,600403,2025-10-17 22:46:17
09:56:41,6.6,0.0,27,17820,卖盘,600403,2025-10-17 22:46:17
09:56:44,6.6,0.0,15,9900,卖盘,600403,2025-10-17 22:46:17
09:56:47,6.6,0.0,12,7920,卖盘,600403,2025-10-17 22:46:17
09:56:50,6.6,0.0,1,660,卖盘,600403,2025-10-17 22:46:17
09:56:53,6.6,0.0,51,33660,卖盘,600403,2025-10-17 22:46:17
09:56:56,6.6,0.0,21,13860,卖盘,600403,2025-10-17 22:46:17
09:56:59,6.6,0.0,18,11880,卖盘,600403,2025-10-17 22:46:17
09:57:02,6.6,0.0,1,660,卖盘,600403,2025-10-17 22:46:17
09:57:05,6.6,0.0,2,1320,卖盘,600403,2025-10-17 22:46:17
09:57:08,6.6,0.0,9,5940,卖盘,600403,2025-10-17 22:46:17
09:57:11,6.6,0.0,26,17160,卖盘,600403,2025-10-17 22:46:17
09:57:14,6.6,0.0,7,4620,卖盘,600403,2025-10-17 22:46:17
09:57:17,6.6,0.0,13,8580,卖盘,600403,2025-10-17 22:46:17
09:57:20,6.6,0.0,37,24420,卖盘,600403,2025-10-17 22:46:17
09:57:23,6.6,0.0,7,4620,卖盘,600403,2025-10-17 22:46:17
09:57:29,6.6,0.0,6,3960,卖盘,600403,2025-10-17 22:46:17
09:57:32,6.6,0.0,2,1320,卖盘,600403,2025-10-17 22:46:17
09:57:35,6.6,0.0,1055,696300,卖盘,600403,2025-10-17 22:46:17
09:57:38,6.6,0.0,7,4620,卖盘,600403,2025-10-17 22:46:17
09:57:41,6.6,0.0,17,11220,卖盘,600403,2025-10-17 22:46:17
09:57:44,6.6,0.0,53,34980,卖盘,600403,2025-10-17 22:46:17
09:57:47,6.6,0.0,72,47520,卖盘,600403,2025-10-17 22:46:17
09:57:50,6.6,0.0,7,4620,卖盘,600403,2025-10-17 22:46:17
09:57:53,6.6,0.0,76,50160,卖盘,600403,2025-10-17 22:46:17
09:57:56,6.6,0.0,5,3300,卖盘,600403,2025-10-17 22:46:17
09:57:59,6.6,0.0,2,1320,卖盘,600403,2025-10-17 22:46:17
09:58:02,6.6,0.0,14,9240,卖盘,600403,2025-10-17 22:46:17
09:58:05,6.6,0.0,179,118140,卖盘,600403,2025-10-17 22:46:17
09:58:08,6.6,0.0,35,23100,卖盘,600403,2025-10-17 22:46:17
09:58:11,6.6,0.0,89,58740,卖盘,600403,2025-10-17 22:46:17
09:58:14,6.6,0.0,21,13860,卖盘,600403,2025-10-17 22:46:17
09:58:17,6.6,0.0,16,10560,卖盘,600403,2025-10-17 22:46:17
09:58:23,6.6,0.0,18,11880,卖盘,600403,2025-10-17 22:46:17
09:58:26,6.6,0.0,36,23760,卖盘,600403,2025-10-17 22:46:17
09:58:29,6.6,0.0,81,53460,卖盘,600403,2025-10-17 22:46:17
09:58:32,6.6,0.0,10,6600,卖盘,600403,2025-10-17 22:46:17
09:58:35,6.6,0.0,1,660,卖盘,600403,2025-10-17 22:46:17
09:58:38,6.6,0.0,88,58080,卖盘,600403,2025-10-17 22:46:17
09:58:41,6.6,0.0,156,102960,卖盘,600403,2025-10-17 22:46:17
09:58:44,6.6,0.0,38,25080,卖盘,600403,2025-10-17 22:46:17
09:58:47,6.6,0.0,23,15180,卖盘,600403,2025-10-17 22:46:17
09:58:50,6.6,0.0,95,62700,卖盘,600403,2025-10-17 22:46:17
09:58:53,6.6,0.0,10,6600,卖盘,600403,2025-10-17 22:46:17
09:58:56,6.6,0.0,1,660,卖盘,600403,2025-10-17 22:46:17
09:58:59,6.6,0.0,6,3960,卖盘,600403,2025-10-17 22:46:17
09:59:02,6.6,0.0,14,9240,卖盘,600403,2025-10-17 22:46:17
09:59:05,6.6,0.0,34,22440,卖盘,600403,2025-10-17 22:46:17
09:59:08,6.6,0.0,1,660,卖盘,600403,2025-10-17 22:46:17
09:59:11,6.6,0.0,10,6600,卖盘,600403,2025-10-17 22:46:17
09:59:20,6.6,0.0,6,3960,卖盘,600403,2025-10-17 22:46:17
09:59:23,6.6,0.0,21,13860,卖盘,600403,2025-10-17 22:46:17
09:59:26,6.6,0.0,38,25080,卖盘,600403,2025-10-17 22:46:17
09:59:29,6.6,0.0,23,15180,卖盘,600403,2025-10-17 22:46:17
09:59:32,6.6,0.0,77,50820,卖盘,600403,2025-10-17 22:46:17
09:59:35,6.6,0.0,43,28380,卖盘,600403,2025-10-17 22:46:17
09:59:38,6.6,0.0,32,21120,卖盘,600403,2025-10-17 22:46:17
09:59:41,6.6,0.0,22,14520,卖盘,600403,2025-10-17 22:46:17
09:59:44,6.6,0.0,109,71940,卖盘,600403,2025-10-17 22:46:17
09:59:47,6.6,0.0,20,13200,卖盘,600403,2025-10-17 22:46:17
09:59:53,6.6,0.0,11,7260,卖盘,600403,2025-10-17 22:46:17
09:59:56,6.6,0.0,51,33660,卖盘,600403,2025-10-17 22:46:17
09:59:59,6.6,0.0,20,13200,卖盘,600403,2025-10-17 22:46:17
10:00:05,6.6,0.0,19,12540,卖盘,600403,2025-10-17 22:46:17
10:00:08,6.6,0.0,60,39600,卖盘,600403,2025-10-17 22:46:17
10:00:11,6.6,0.0,1,660,卖盘,600403,2025-10-17 22:46:17
10:00:14,6.6,0.0,11,7260,卖盘,600403,2025-10-17 22:46:17
10:00:17,6.6,0.0,36,23760,卖盘,600403,2025-10-17 22:46:17
10:00:20,6.6,0.0,1,660,卖盘,600403,2025-10-17 22:46:17
10:00:23,6.6,0.0,57,37620,卖盘,600403,2025-10-17 22:46:17
10:00:29,6.6,0.0,25,16500,卖盘,600403,2025-10-17 22:46:17
10:00:32,6.6,0.0,2,1320,卖盘,600403,2025-10-17 22:46:17
10:00:35,6.6,0.0,11,7260,卖盘,600403,2025-10-17 22:46:17
10:00:38,6.6,0.0,30,19800,卖盘,600403,2025-10-17 22:46:17
10:00:41,6.6,0.0,19,12540,卖盘,600403,2025-10-17 22:46:17
10:00:47,6.6,0.0,3,1980,卖盘,600403,2025-10-17 22:46:17
10:00:56,6.6,0.0,45,29700,卖盘,600403,2025-10-17 22:46:17
10:00:59,6.6,0.0,6,3960,卖盘,600403,2025-10-17 22:46:17
10:01:02,6.6,0.0,5,3300,卖盘,600403,2025-10-17 22:46:17
10:01:05,6.6,0.0,15,9900,卖盘,600403,2025-10-17 22:46:17
10:01:08,6.6,0.0,2,1320,卖盘,600403,2025-10-17 22:46:17
10:01:14,6.6,0.0,4,2640,卖盘,600403,2025-10-17 22:46:17
10:01:17,6.6,0.0,40,26400,卖盘,600403,2025-10-17 22:46:17
10:01:23,6.6,0.0,4,2640,卖盘,600403,2025-10-17 22:46:17
10:01:26,6.6,0.0,8,5280,卖盘,600403,2025-10-17 22:46:17
10:01:29,6.6,0.0,105,69300,卖盘,600403,2025-10-17 22:46:17
10:01:32,6.6,0.0,1,660,卖盘,600403,2025-10-17 22:46:17
10:01:38,6.6,0.0,10,6600,卖盘,600403,2025-10-17 22:46:17
10:01:41,6.6,0.0,143,94380,卖盘,600403,2025-10-17 22:46:17
10:01:44,6.6,0.0,7,4620,卖盘,600403,2025-10-17 22:46:17
10:01:47,6.6,0.0,87,57420,卖盘,600403,2025-10-17 22:46:17
10:01:50,6.6,0.0,11,7260,卖盘,600403,2025-10-17 22:46:17
10:01:53,6.6,0.0,3,1980,卖盘,600403,2025-10-17 22:46:17
10:01:56,6.6,0.0,50,33000,卖盘,600403,2025-10-17 22:46:17
10:01:59,6.6,0.0,8,5280,卖盘,600403,2025-10-17 22:46:17
10:02:02,6.6,0.0,80,52800,卖盘,600403,2025-10-17 22:46:17
10:02:05,6.6,0.0,40,26400,卖盘,600403,2025-10-17 22:46:17
10:02:08,6.6,0.0,87,57420,卖盘,600403,2025-10-17 22:46:17
10:02:14,6.6,0.0,5,3300,卖盘,600403,2025-10-17 22:46:17
10:02:17,6.6,0.0,98,64680,卖盘,600403,2025-10-17 22:46:17
10:02:20,6.6,0.0,10,6600,卖盘,600403,2025-10-17 22:46:17
10:02:23,6.6,0.0,7,4620,卖盘,600403,2025-10-17 22:46:17
10:02:26,6.6,0.0,3,1980,卖盘,600403,2025-10-17 22:46:17
10:02:32,6.6,0.0,10,6600,卖盘,600403,2025-10-17 22:46:17
10:02:35,6.6,0.0,10,6600,卖盘,600403,2025-10-17 22:46:17
10:02:38,6.6,0.0,4,2640,卖盘,600403,2025-10-17 22:46:17
10:02:44,6.6,0.0,33,21780,卖盘,600403,2025-10-17 22:46:17
10:02:47,6.6,0.0,9,5940,卖盘,600403,2025-10-17 22:46:17
10:02:50,6.6,0.0,1,660,卖盘,600403,2025-10-17 22:46:17
10:02:53,6.6,0.0,35,23100,卖盘,600403,2025-10-17 22:46:17
10:02:56,6.6,0.0,2,1320,卖盘,600403,2025-10-17 22:46:17
10:02:59,6.6,0.0,39,25740,卖盘,600403,2025-10-17 22:46:17
10:03:05,6.6,0.0,30,19800,卖盘,600403,2025-10-17 22:46:17
10:03:14,6.6,0.0,34,22440,卖盘,600403,2025-10-17 22:46:17
10:03:17,6.6,0.0,14,9240,卖盘,600403,2025-10-17 22:46:17
10:03:20,6.6,0.0,51,33660,卖盘,600403,2025-10-17 22:46:17
10:03:23,6.6,0.0,3,1980,卖盘,600403,2025-10-17 22:46:17
10:03:26,6.6,0.0,9,5940,卖盘,600403,2025-10-17 22:46:17
10:03:29,6.6,0.0,68,44880,卖盘,600403,2025-10-17 22:46:17
10:03:38,6.6,0.0,1,660,卖盘,600403,2025-10-17 22:46:17
10:03:41,6.6,0.0,12,7920,卖盘,600403,2025-10-17 22:46:17
10:03:50,6.6,0.0,47,31020,卖盘,600403,2025-10-17 22:46:17
10:03:53,6.6,0.0,3,1980,卖盘,600403,2025-10-17 22:46:17
10:03:56,6.6,0.0,11,7260,卖盘,600403,2025-10-17 22:46:17
10:03:59,6.6,0.0,4,2640,卖盘,600403,2025-10-17 22:46:17
10:04:02,6.6,0.0,18,11880,卖盘,600403,2025-10-17 22:46:17
10:04:08,6.6,0.0,2,1320,卖盘,600403,2025-10-17 22:46:17
10:04:14,6.6,0.0,3,1980,卖盘,600403,2025-10-17 22:46:17
10:04:17,6.6,0.0,2,1320,卖盘,600403,2025-10-17 22:46:17
10:04:20,6.6,0.0,9,5940,卖盘,600403,2025-10-17 22:46:17
10:04:23,6.6,0.0,106,69960,卖盘,600403,2025-10-17 22:46:17
10:04:26,6.6,0.0,14,9240,卖盘,600403,2025-10-17 22:46:17
10:04:29,6.6,0.0,91,60060,卖盘,600403,2025-10-17 22:46:17
10:04:35,6.6,0.0,1,660,卖盘,600403,2025-10-17 22:46:17
10:04:38,6.6,0.0,58,38280,卖盘,600403,2025-10-17 22:46:17
10:04:41,6.6,0.0,3,1980,卖盘,600403,2025-10-17 22:46:17
10:04:44,6.6,0.0,6,3960,卖盘,600403,2025-10-17 22:46:17
10:04:47,6.6,0.0,45,29700,卖盘,600403,2025-10-17 22:46:17
10:04:53,6.6,0.0,245,161700,卖盘,600403,2025-10-17 22:46:17
10:04:59,6.6,0.0,26,17160,卖盘,600403,2025-10-17 22:46:17
10:05:02,6.6,0.0,14,9240,卖盘,600403,2025-10-17 22:46:17
10:05:05,6.6,0.0,2,1320,卖盘,600403,2025-10-17 22:46:17
10:05:11,6.6,0.0,29,19140,卖盘,600403,2025-10-17 22:46:17
10:05:14,6.6,0.0,43,28380,卖盘,600403,2025-10-17 22:46:17
10:05:17,6.6,0.0,1,660,卖盘,600403,2025-10-17 22:46:17
10:05:23,6.6,0.0,22,14520,卖盘,600403,2025-10-17 22:46:17
10:05:26,6.6,0.0,1,660,卖盘,600403,2025-10-17 22:46:17
10:05:35,6.6,0.0,43,28380,卖盘,600403,2025-10-17 22:46:17
10:05:38,6.6,0.0,9,5940,卖盘,600403,2025-10-17 22:46:17
10:05:47,6.6,0.0,13,8580,卖盘,600403,2025-10-17 22:46:17
10:05:50,6.6,0.0,4,2640,卖盘,600403,2025-10-17 22:46:17
10:05:53,6.6,0.0,12,7920,卖盘,600403,2025-10-17 22:46:17
10:05:56,6.6,0.0,8,5280,卖盘,600403,2025-10-17 22:46:17
10:06:05,6.6,0.0,15,9900,卖盘,600403,2025-10-17 22:46:17
10:06:08,6.6,0.0,41,27060,卖盘,600403,2025-10-17 22:46:17
10:06:11,6.6,0.0,550,363000,卖盘,600403,2025-10-17 22:46:17
10:06:20,6.6,0.0,5,3300,卖盘,600403,2025-10-17 22:46:17
10:06:23,6.6,0.0,99,65340,卖盘,600403,2025-10-17 22:46:17
10:06:32,6.6,0.0,9,5940,卖盘,600403,2025-10-17 22:46:17
10:06:35,6.6,0.0,11,7260,卖盘,600403,2025-10-17 22:46:17
10:06:41,6.6,0.0,1,660,卖盘,600403,2025-10-17 22:46:17
10:06:44,6.6,0.0,10,6600,卖盘,600403,2025-10-17 22:46:17
10:06:47,6.6,0.0,1,660,卖盘,600403,2025-10-17 22:46:17
10:06:53,6.6,0.0,1,660,卖盘,600403,2025-10-17 22:46:17
10:06:56,6.6,0.0,2,1320,卖盘,600403,2025-10-17 22:46:17
10:06:59,6.6,0.0,1,660,卖盘,600403,2025-10-17 22:46:17
10:07:02,6.6,0.0,5,3300,卖盘,600403,2025-10-17 22:46:17
10:07:17,6.6,0.0,15,9900,卖盘,600403,2025-10-17 22:46:17
10:07:23,6.6,0.0,8,5280,卖盘,600403,2025-10-17 22:46:17
10:07:26,6.6,0.0,2,1320,卖盘,600403,2025-10-17 22:46:17
10:07:29,6.6,0.0,25,16500,卖盘,600403,2025-10-17 22:46:17
10:07:32,6.6,0.0,10,6600,卖盘,600403,2025-10-17 22:46:17
10:07:38,6.6,0.0,24,15840,卖盘,600403,2025-10-17 22:46:17
10:07:41,6.6,0.0,1,660,卖盘,600403,2025-10-17 22:46:17
10:07:44,6.6,0.0,49,32340,卖盘,600403,2025-10-17 22:46:17
10:07:47,6.6,0.0,2,1320,卖盘,600403,2025-10-17 22:46:17
10:07:50,6.6,0.0,1,660,卖盘,600403,2025-10-17 22:46:17
10:07:53,6.6,0.0,1,660,卖盘,600403,2025-10-17 22:46:17
10:07:56,6.6,0.0,1,660,卖盘,600403,2025-10-17 22:46:17
10:07:59,6.6,0.0,12,7920,卖盘,600403,2025-10-17 22:46:17
10:08:11,6.6,0.0,66,43560,卖盘,600403,2025-10-17 22:46:17
10:08:14,6.6,0.0,5,3300,卖盘,600403,2025-10-17 22:46:17
10:08:17,6.6,0.0,45,29700,卖盘,600403,2025-10-17 22:46:17
10:08:20,6.6,0.0,10,6600,卖盘,600403,2025-10-17 22:46:17
10:08:26,6.6,0.0,2,1320,卖盘,600403,2025-10-17 22:46:17
10:08:32,6.6,0.0,3,1980,卖盘,600403,2025-10-17 22:46:17
10:08:41,6.6,0.0,16,10560,卖盘,600403,2025-10-17 22:46:17
10:08:47,6.6,0.0,25,16500,卖盘,600403,2025-10-17 22:46:17
10:08:50,6.6,0.0,22,14520,卖盘,600403,2025-10-17 22:46:17
10:08:53,6.6,0.0,11,7260,卖盘,600403,2025-10-17 22:46:17
10:08:56,6.6,0.0,3,1980,卖盘,600403,2025-10-17 22:46:17
10:09:14,6.6,0.0,7,4620,卖盘,600403,2025-10-17 22:46:17
10:09:17,6.6,0.0,26,17160,卖盘,600403,2025-10-17 22:46:17
10:09:20,6.6,0.0,3,1980,卖盘,600403,2025-10-17 22:46:17
10:09:23,6.6,0.0,210,138600,卖盘,600403,2025-10-17 22:46:17
10:09:32,6.6,0.0,1,660,卖盘,600403,2025-10-17 22:46:17
10:09:38,6.6,0.0,214,141240,卖盘,600403,2025-10-17 22:46:17
10:09:41,6.6,0.0,1,660,卖盘,600403,2025-10-17 22:46:17
10:09:44,6.6,0.0,303,199980,卖盘,600403,2025-10-17 22:46:17
10:09:47,6.6,0.0,1,660,卖盘,600403,2025-10-17 22:46:17
10:09:53,6.6,0.0,200,132000,卖盘,600403,2025-10-17 22:46:17
10:09:59,6.6,0.0,5,3300,卖盘,600403,2025-10-17 22:46:17
10:10:02,6.6,0.0,3,1980,卖盘,600403,2025-10-17 22:46:17
10:10:05,6.6,0.0,10,6600,卖盘,600403,2025-10-17 22:46:17
10:10:11,6.6,0.0,29,19140,卖盘,600403,2025-10-17 22:46:17
10:10:14,6.6,0.0,2,1320,卖盘,600403,2025-10-17 22:46:17
10:10:17,6.6,0.0,5,3300,卖盘,600403,2025-10-17 22:46:17
10:10:20,6.6,0.0,1,660,卖盘,600403,2025-10-17 22:46:17
10:10:23,6.6,0.0,11,7260,卖盘,600403,2025-10-17 22:46:17
10:10:29,6.6,0.0,205,135300,卖盘,600403,2025-10-17 22:46:17
10:10:35,6.6,0.0,6,3960,卖盘,600403,2025-10-17 22:46:17
10:10:38,6.6,0.0,2,1320,卖盘,600403,2025-10-17 22:46:17
10:10:41,6.6,0.0,1,660,卖盘,600403,2025-10-17 22:46:17
10:10:44,6.6,0.0,4,2640,卖盘,600403,2025-10-17 22:46:17
10:10:47,6.6,0.0,18,11880,卖盘,600403,2025-10-17 22:46:17
10:10:50,6.6,0.0,13,8580,卖盘,600403,2025-10-17 22:46:17
10:10:53,6.6,0.0,42,27720,卖盘,600403,2025-10-17 22:46:17
10:10:59,6.6,0.0,15,9900,卖盘,600403,2025-10-17 22:46:17
10:11:02,6.6,0.0,66,43560,卖盘,600403,2025-10-17 22:46:17
10:11:05,6.6,0.0,10,6600,卖盘,600403,2025-10-17 22:46:17
10:11:08,6.6,0.0,9,5940,卖盘,600403,2025-10-17 22:46:17
10:11:11,6.6,0.0,28,18480,卖盘,600403,2025-10-17 22:46:17
10:11:14,6.6,0.0,2,1320,卖盘,600403,2025-10-17 22:46:17
10:11:20,6.6,0.0,3,1980,卖盘,600403,2025-10-17 22:46:17
10:11:23,6.6,0.0,20,13200,卖盘,600403,2025-10-17 22:46:17
10:11:29,6.6,0.0,7,4620,卖盘,600403,2025-10-17 22:46:17
10:11:32,6.6,0.0,1,660,卖盘,600403,2025-10-17 22:46:17
10:11:35,6.6,0.0,117,77220,卖盘,600403,2025-10-17 22:46:17
10:11:38,6.6,0.0,31,20460,卖盘,600403,2025-10-17 22:46:17
10:11:44,6.6,0.0,1,660,卖盘,600403,2025-10-17 22:46:17
10:11:47,6.6,0.0,1,660,卖盘,600403,2025-10-17 22:46:17
10:11:53,6.6,0.0,5,3300,卖盘,600403,2025-10-17 22:46:17
10:11:56,6.6,0.0,10,6600,卖盘,600403,2025-10-17 22:46:17
10:12:02,6.6,0.0,3,1980,卖盘,600403,2025-10-17 22:46:17
10:12:11,6.6,0.0,10,6600,卖盘,600403,2025-10-17 22:46:17
10:12:26,6.6,0.0,19,12540,卖盘,600403,2025-10-17 22:46:17
10:12:32,6.6,0.0,1,660,卖盘,600403,2025-10-17 22:46:17
10:12:35,6.6,0.0,1,660,卖盘,600403,2025-10-17 22:46:17
10:12:38,6.6,0.0,1,660,卖盘,600403,2025-10-17 22:46:17
10:12:41,6.6,0.0,9,5940,卖盘,600403,2025-10-17 22:46:17
10:12:50,6.6,0.0,1,660,卖盘,600403,2025-10-17 22:46:17
10:12:56,6.6,0.0,4,2640,卖盘,600403,2025-10-17 22:46:17
10:12:59,6.6,0.0,9,5940,卖盘,600403,2025-10-17 22:46:17
10:13:02,6.6,0.0,20,13200,卖盘,600403,2025-10-17 22:46:17
10:13:05,6.6,0.0,1,660,卖盘,600403,2025-10-17 22:46:17
10:13:08,6.6,0.0,90,59400,卖盘,600403,2025-10-17 22:46:17
10:13:11,6.6,0.0,8,5280,卖盘,600403,2025-10-17 22:46:17
10:13:17,6.6,0.0,2,1320,卖盘,600403,2025-10-17 22:46:17
10:13:20,6.6,0.0,50,33000,卖盘,600403,2025-10-17 22:46:17
10:13:23,6.6,0.0,1,660,卖盘,600403,2025-10-17 22:46:17
10:13:26,6.6,0.0,1,660,卖盘,600403,2025-10-17 22:46:17
10:13:29,6.6,0.0,3,1980,卖盘,600403,2025-10-17 22:46:17
10:13:32,6.6,0.0,23,15180,卖盘,600403,2025-10-17 22:46:17
10:13:35,6.6,0.0,202,133320,卖盘,600403,2025-10-17 22:46:17
10:13:38,6.6,0.0,10,6600,卖盘,600403,2025-10-17 22:46:17
10:13:44,6.6,0.0,4,2640,卖盘,600403,2025-10-17 22:46:17
10:13:47,6.6,0.0,1,660,卖盘,600403,2025-10-17 22:46:17
10:13:50,6.6,0.0,105,69300,卖盘,600403,2025-10-17 22:46:17
10:13:53,6.6,0.0,9,5940,卖盘,600403,2025-10-17 22:46:17
10:14:02,6.6,0.0,28,18480,卖盘,600403,2025-10-17 22:46:17
10:14:05,6.6,0.0,9,5940,卖盘,600403,2025-10-17 22:46:17
10:14:14,6.6,0.0,10,6600,卖盘,600403,2025-10-17 22:46:17
10:14:26,6.6,0.0,1,660,卖盘,600403,2025-10-17 22:46:17
10:14:32,6.6,0.0,21,13860,卖盘,600403,2025-10-17 22:46:17
10:14:35,6.6,0.0,1,660,卖盘,600403,2025-10-17 22:46:17
10:14:41,6.6,0.0,2,1320,卖盘,600403,2025-10-17 22:46:17
10:14:44,6.6,0.0,1,660,卖盘,600403,2025-10-17 22:46:17
10:14:47,6.6,0.0,2,1320,卖盘,600403,2025-10-17 22:46:17
10:14:50,6.6,0.0,700,462000,卖盘,600403,2025-10-17 22:46:17
10:14:53,6.6,0.0,19,12540,卖盘,600403,2025-10-17 22:46:17
10:14:56,6.6,0.0,17,11220,卖盘,600403,2025-10-17 22:46:17
10:14:59,6.6,0.0,9,5940,卖盘,600403,2025-10-17 22:46:17
10:15:02,6.6,0.0,18,11880,卖盘,600403,2025-10-17 22:46:17
10:15:05,6.6,0.0,3,1980,卖盘,600403,2025-10-17 22:46:17
10:15:17,6.6,0.0,17,11220,卖盘,600403,2025-10-17 22:46:17
10:15:23,6.6,0.0,34,22440,卖盘,600403,2025-10-17 22:46:17
10:15:26,6.6,0.0,1,660,卖盘,600403,2025-10-17 22:46:17
10:15:29,6.6,0.0,106,69960,卖盘,600403,2025-10-17 22:46:17
10:15:35,6.6,0.0,17,11220,卖盘,600403,2025-10-17 22:46:17
10:15:38,6.6,0.0,148,97680,卖盘,600403,2025-10-17 22:46:17
10:15:41,6.6,0.0,5,3300,卖盘,600403,2025-10-17 22:46:17
10:15:44,6.6,0.0,31,20460,卖盘,600403,2025-10-17 22:46:17
10:15:47,6.6,0.0,25,16500,卖盘,600403,2025-10-17 22:46:17
10:15:50,6.6,0.0,10,6600,卖盘,600403,2025-10-17 22:46:17
10:15:53,6.6,0.0,2,1320,卖盘,600403,2025-10-17 22:46:17
10:15:56,6.6,0.0,1,660,卖盘,600403,2025-10-17 22:46:17
10:16:11,6.6,0.0,2,1320,卖盘,600403,2025-10-17 22:46:17
10:16:20,6.6,0.0,42,27720,卖盘,600403,2025-10-17 22:46:17
10:16:23,6.6,0.0,3,1980,卖盘,600403,2025-10-17 22:46:17
10:16:32,6.6,0.0,336,221760,卖盘,600403,2025-10-17 22:46:17
10:16:35,6.6,0.0,1,660,卖盘,600403,2025-10-17 22:46:17
10:16:47,6.6,0.0,8,5280,卖盘,600403,2025-10-17 22:46:17
10:16:53,6.6,0.0,25,16500,卖盘,600403,2025-10-17 22:46:17
10:16:56,6.6,0.0,5,3300,卖盘,600403,2025-10-17 22:46:17
10:17:02,6.6,0.0,1,660,卖盘,600403,2025-10-17 22:46:17
10:17:05,6.6,0.0,1,660,卖盘,600403,2025-10-17 22:46:17
10:17:08,6.6,0.0,2,1320,卖盘,600403,2025-10-17 22:46:17
10:17:11,6.6,0.0,9,5940,卖盘,600403,2025-10-17 22:46:17
10:17:14,6.6,0.0,30,19800,卖盘,600403,2025-10-17 22:46:17
10:17:20,6.6,0.0,7,4620,卖盘,600403,2025-10-17 22:46:17
10:17:29,6.6,0.0,1,660,卖盘,600403,2025-10-17 22:46:17
10:17:32,6.6,0.0,9,5940,卖盘,600403,2025-10-17 22:46:17
10:17:35,6.6,0.0,73,48180,卖盘,600403,2025-10-17 22:46:17
10:17:38,6.6,0.0,16,10560,卖盘,600403,2025-10-17 22:46:17
10:17:44,6.6,0.0,2,1320,卖盘,600403,2025-10-17 22:46:17
10:17:53,6.6,0.0,2,1320,卖盘,600403,2025-10-17 22:46:17
10:17:56,6.6,0.0,11,7260,卖盘,600403,2025-10-17 22:46:17
10:17:59,6.6,0.0,11,7260,卖盘,600403,2025-10-17 22:46:17
10:18:05,6.6,0.0,7,4620,卖盘,600403,2025-10-17 22:46:17
10:18:08,6.6,0.0,1,660,卖盘,600403,2025-10-17 22:46:17
10:18:11,6.6,0.0,10,6600,卖盘,600403,2025-10-17 22:46:17
10:18:14,6.6,0.0,14,9240,卖盘,600403,2025-10-17 22:46:17
10:18:20,6.6,0.0,1,660,卖盘,600403,2025-10-17 22:46:17
10:18:23,6.6,0.0,7,4620,卖盘,600403,2025-10-17 22:46:17
10:18:29,6.6,0.0,1,660,卖盘,600403,2025-10-17 22:46:17
10:18:35,6.6,0.0,1,660,卖盘,600403,2025-10-17 22:46:17
10:18:38,6.6,0.0,55,36300,卖盘,600403,2025-10-17 22:46:17
10:18:41,6.6,0.0,20,13200,卖盘,600403,2025-10-17 22:46:17
10:18:53,6.6,0.0,14,9240,卖盘,600403,2025-10-17 22:46:17
10:18:59,6.6,0.0,1,660,卖盘,600403,2025-10-17 22:46:17
10:19:11,6.6,0.0,1,660,卖盘,600403,2025-10-17 22:46:17
10:19:14,6.6,0.0,3,1980,卖盘,600403,2025-10-17 22:46:17
10:19:23,6.6,0.0,1,660,卖盘,600403,2025-10-17 22:46:17
10:19:26,6.6,0.0,103,67980,卖盘,600403,2025-10-17 22:46:17
10:19:29,6.6,0.0,7,4620,卖盘,600403,2025-10-17 22:46:17
10:19:32,6.6,0.0,13,8580,卖盘,600403,2025-10-17 22:46:17
10:19:35,6.6,0.0,23,15180,卖盘,600403,2025-10-17 22:46:17
10:19:38,6.6,0.0,1,660,卖盘,600403,2025-10-17 22:46:17
10:19:41,6.6,0.0,7,4620,卖盘,600403,2025-10-17 22:46:17
10:19:44,6.6,0.0,51,33660,卖盘,600403,2025-10-17 22:46:17
10:19:47,6.6,0.0,2,1320,卖盘,600403,2025-10-17 22:46:17
10:19:50,6.6,0.0,9,5940,卖盘,600403,2025-10-17 22:46:17
10:19:53,6.6,0.0,6,3960,卖盘,600403,2025-10-17 22:46:17
10:19:56,6.6,0.0,2,1320,卖盘,600403,2025-10-17 22:46:17
10:19:59,6.6,0.0,9,5940,卖盘,600403,2025-10-17 22:46:17
10:20:02,6.6,0.0,19,12540,卖盘,600403,2025-10-17 22:46:17
10:20:05,6.6,0.0,4,2640,卖盘,600403,2025-10-17 22:46:17
10:20:08,6.6,0.0,68,44880,卖盘,600403,2025-10-17 22:46:17
10:20:11,6.6,0.0,5,3300,卖盘,600403,2025-10-17 22:46:17
10:20:14,6.6,0.0,1,660,卖盘,600403,2025-10-17 22:46:17
10:20:17,6.6,0.0,2,1320,卖盘,600403,2025-10-17 22:46:17
10:20:20,6.6,0.0,16,10560,卖盘,600403,2025-10-17 22:46:17
10:20:23,6.6,0.0,2,1320,卖盘,600403,2025-10-17 22:46:17
10:20:29,6.6,0.0,49,32340,卖盘,600403,2025-10-17 22:46:17
10:20:35,6.6,0.0,25,16500,卖盘,600403,2025-10-17 22:46:17
10:20:38,6.6,0.0,1,660,卖盘,600403,2025-10-17 22:46:17
10:20:44,6.6,0.0,15,9900,卖盘,600403,2025-10-17 22:46:17
10:20:50,6.6,0.0,11,7260,卖盘,600403,2025-10-17 22:46:17
10:20:53,6.6,0.0,1,660,卖盘,600403,2025-10-17 22:46:17
10:20:59,6.6,0.0,13,8580,卖盘,600403,2025-10-17 22:46:17
10:21:05,6.6,0.0,4,2640,卖盘,600403,2025-10-17 22:46:17
10:21:20,6.6,0.0,4,2640,卖盘,600403,2025-10-17 22:46:17
10:21:23,6.6,0.0,10,6600,卖盘,600403,2025-10-17 22:46:17
10:21:26,6.6,0.0,25,16500,卖盘,600403,2025-10-17 22:46:17
10:21:29,6.6,0.0,8,5280,卖盘,600403,2025-10-17 22:46:17
10:21:35,6.6,0.0,2,1320,卖盘,600403,2025-10-17 22:46:17
10:21:38,6.6,0.0,1,660,卖盘,600403,2025-10-17 22:46:17
10:21:41,6.6,0.0,28,18480,卖盘,600403,2025-10-17 22:46:17
10:21:44,6.6,0.0,13,8580,卖盘,600403,2025-10-17 22:46:17
10:21:47,6.6,0.0,3,1980,卖盘,600403,2025-10-17 22:46:17
10:21:50,6.6,0.0,5,3300,卖盘,600403,2025-10-17 22:46:17
10:21:53,6.6,0.0,58,38280,卖盘,600403,2025-10-17 22:46:17
10:21:59,6.6,0.0,1,660,卖盘,600403,2025-10-17 22:46:17
10:22:02,6.6,0.0,1,660,卖盘,600403,2025-10-17 22:46:17
10:22:11,6.6,0.0,2,1320,卖盘,600403,2025-10-17 22:46:17
10:22:20,6.6,0.0,3,1980,卖盘,600403,2025-10-17 22:46:17
10:22:23,6.6,0.0,10,6600,卖盘,600403,2025-10-17 22:46:17
10:22:26,6.6,0.0,10,6600,卖盘,600403,2025-10-17 22:46:17
10:22:32,6.6,0.0,6,3960,卖盘,600403,2025-10-17 22:46:17
10:22:35,6.6,0.0,2,1320,卖盘,600403,2025-10-17 22:46:17
10:22:38,6.6,0.0,34,22440,卖盘,600403,2025-10-17 22:46:17
10:22:41,6.6,0.0,1,660,卖盘,600403,2025-10-17 22:46:17
10:22:50,6.6,0.0,16,10560,卖盘,600403,2025-10-17 22:46:17
10:22:53,6.6,0.0,19,12540,卖盘,600403,2025-10-17 22:46:17
10:22:59,6.6,0.0,2,1320,卖盘,600403,2025-10-17 22:46:17
10:23:05,6.6,0.0,10,6600,卖盘,600403,2025-10-17 22:46:17
10:23:11,6.6,0.0,1,660,卖盘,600403,2025-10-17 22:46:17
10:23:17,6.6,0.0,20,13200,卖盘,600403,2025-10-17 22:46:17
10:23:20,6.6,0.0,19,12540,卖盘,600403,2025-10-17 22:46:17
10:23:23,6.6,0.0,4,2640,卖盘,600403,2025-10-17 22:46:17
10:23:26,6.6,0.0,1,660,卖盘,600403,2025-10-17 22:46:17
10:23:29,6.6,0.0,1,660,卖盘,600403,2025-10-17 22:46:17
10:23:32,6.6,0.0,120,79200,卖盘,600403,2025-10-17 22:46:17
10:23:35,6.6,0.0,112,73920,卖盘,600403,2025-10-17 22:46:17
10:23:38,6.6,0.0,11,7260,卖盘,600403,2025-10-17 22:46:17
10:23:44,6.6,0.0,70,46200,卖盘,600403,2025-10-17 22:46:17
10:23:47,6.6,0.0,10,6600,卖盘,600403,2025-10-17 22:46:17
10:23:56,6.6,0.0,14,9240,卖盘,600403,2025-10-17 22:46:17
10:23:59,6.6,0.0,5,3300,卖盘,600403,2025-10-17 22:46:17
10:24:02,6.6,0.0,1,660,卖盘,600403,2025-10-17 22:46:17
10:24:05,6.6,0.0,136,89760,卖盘,600403,2025-10-17 22:46:17
10:24:08,6.6,0.0,2,1320,卖盘,600403,2025-10-17 22:46:17
10:24:14,6.6,0.0,2,1320,卖盘,600403,2025-10-17 22:46:17
10:24:17,6.6,0.0,1,660,卖盘,600403,2025-10-17 22:46:17
10:24:23,6.6,0.0,110,72600,卖盘,600403,2025-10-17 22:46:17
10:24:26,6.6,0.0,15,9900,卖盘,600403,2025-10-17 22:46:17
10:24:32,6.6,0.0,13,8580,卖盘,600403,2025-10-17 22:46:17
10:24:35,6.6,0.0,10,6600,卖盘,600403,2025-10-17 22:46:17
10:24:38,6.6,0.0,100,66000,卖盘,600403,2025-10-17 22:46:17
10:24:41,6.6,0.0,1,660,卖盘,600403,2025-10-17 22:46:17
10:24:44,6.6,0.0,13,8580,卖盘,600403,2025-10-17 22:46:17
10:24:47,6.6,0.0,1,660,卖盘,600403,2025-10-17 22:46:17
10:24:56,6.6,0.0,102,67320,卖盘,600403,2025-10-17 22:46:17
10:25:02,6.6,0.0,8,5280,卖盘,600403,2025-10-17 22:46:17
10:25:05,6.6,0.0,418,275880,卖盘,600403,2025-10-17 22:46:17
10:25:08,6.6,0.0,5,3300,卖盘,600403,2025-10-17 22:46:17
10:25:14,6.6,0.0,16,10560,卖盘,600403,2025-10-17 22:46:17
10:25:17,6.6,0.0,4,2640,卖盘,600403,2025-10-17 22:46:17
10:25:29,6.6,0.0,1,660,卖盘,600403,2025-10-17 22:46:17
10:25:32,6.6,0.0,10,6600,卖盘,600403,2025-10-17 22:46:17
10:25:35,6.6,0.0,18,11880,卖盘,600403,2025-10-17 22:46:17
10:25:41,6.6,0.0,5,3300,卖盘,600403,2025-10-17 22:46:17
10:25:44,6.6,0.0,1,660,卖盘,600403,2025-10-17 22:46:17
10:25:47,6.6,0.0,13,8580,卖盘,600403,2025-10-17 22:46:17
10:25:50,6.6,0.0,20,13200,卖盘,600403,2025-10-17 22:46:17
10:25:53,6.6,0.0,4,2640,卖盘,600403,2025-10-17 22:46:17
10:25:56,6.6,0.0,2,1320,卖盘,600403,2025-10-17 22:46:17
10:26:08,6.6,0.0,1021,673860,卖盘,600403,2025-10-17 22:46:17
10:26:14,6.6,0.0,20,13200,卖盘,600403,2025-10-17 22:46:17
10:26:17,6.6,0.0,5,3300,卖盘,600403,2025-10-17 22:46:17
10:26:20,6.6,0.0,2,1320,卖盘,600403,2025-10-17 22:46:17
10:26:32,6.6,0.0,150,99000,卖盘,600403,2025-10-17 22:46:17
10:26:35,6.6,0.0,22,14520,卖盘,600403,2025-10-17 22:46:17
10:26:53,6.6,0.0,100,66000,卖盘,600403,2025-10-17 22:46:17
10:26:56,6.6,0.0,1,660,卖盘,600403,2025-10-17 22:46:17
10:26:59,6.6,0.0,5,3300,卖盘,600403,2025-10-17 22:46:17
10:27:02,6.6,0.0,10,6600,卖盘,600403,2025-10-17 22:46:17
10:27:11,6.6,0.0,1,660,卖盘,600403,2025-10-17 22:46:17
10:27:14,6.6,0.0,4,2640,卖盘,600403,2025-10-17 22:46:17
10:27:17,6.6,0.0,4,2640,卖盘,600403,2025-10-17 22:46:17
10:27:20,6.6,0.0,5,3300,卖盘,600403,2025-10-17 22:46:17
10:27:23,6.6,0.0,1,660,卖盘,600403,2025-10-17 22:46:17
10:27:26,6.6,0.0,5,3300,卖盘,600403,2025-10-17 22:46:17
10:27:29,6.6,0.0,47,31020,卖盘,600403,2025-10-17 22:46:17
10:27:32,6.6,0.0,12,7920,卖盘,600403,2025-10-17 22:46:17
10:27:41,6.6,0.0,7,4620,卖盘,600403,2025-10-17 22:46:17
10:27:44,6.6,0.0,7,4620,卖盘,600403,2025-10-17 22:46:17
10:27:53,6.6,0.0,36,23760,卖盘,600403,2025-10-17 22:46:17
10:27:56,6.6,0.0,1,660,卖盘,600403,2025-10-17 22:46:17
10:27:59,6.6,0.0,18,11880,卖盘,600403,2025-10-17 22:46:17
10:28:02,6.6,0.0,5,3300,卖盘,600403,2025-10-17 22:46:17
10:28:11,6.6,0.0,16,10560,卖盘,600403,2025-10-17 22:46:17
10:28:20,6.6,0.0,1,660,卖盘,600403,2025-10-17 22:46:17
10:28:23,6.6,0.0,5,3300,卖盘,600403,2025-10-17 22:46:17
10:28:32,6.6,0.0,4,2640,卖盘,600403,2025-10-17 22:46:17
10:28:35,6.6,0.0,1,660,卖盘,600403,2025-10-17 22:46:17
10:28:38,6.6,0.0,3,1980,卖盘,600403,2025-10-17 22:46:17
10:28:41,6.6,0.0,1,660,卖盘,600403,2025-10-17 22:46:17
10:28:53,6.6,0.0,3,1980,卖盘,600403,2025-10-17 22:46:17
10:28:56,6.6,0.0,1,660,卖盘,600403,2025-10-17 22:46:17
10:29:20,6.6,0.0,1,660,卖盘,600403,2025-10-17 22:46:17
10:29:26,6.6,0.0,2,1320,卖盘,600403,2025-10-17 22:46:17
10:29:29,6.6,0.0,15,9900,卖盘,600403,2025-10-17 22:46:17
10:29:32,6.6,0.0,2,1320,卖盘,600403,2025-10-17 22:46:17
10:29:38,6.6,0.0,282,186120,卖盘,600403,2025-10-17 22:46:17
10:29:50,6.6,0.0,2,1320,卖盘,600403,2025-10-17 22:46:17
10:29:53,6.6,0.0,10,6600,卖盘,600403,2025-10-17 22:46:17
10:29:56,6.6,0.0,11,7260,卖盘,600403,2025-10-17 22:46:17
10:29:59,6.6,0.0,1,660,卖盘,600403,2025-10-17 22:46:17
10:30:02,6.6,0.0,2,1320,卖盘,600403,2025-10-17 22:46:17
10:30:08,6.6,0.0,6,3960,卖盘,600403,2025-10-17 22:46:17
10:30:20,6.6,0.0,2,1320,卖盘,600403,2025-10-17 22:46:17
10:30:29,6.6,0.0,1,660,卖盘,600403,2025-10-17 22:46:17
10:30:32,6.6,0.0,7,4620,卖盘,600403,2025-10-17 22:46:17
10:30:35,6.6,0.0,10,6600,卖盘,600403,2025-10-17 22:46:17
10:30:38,6.6,0.0,70,46200,卖盘,600403,2025-10-17 22:46:17
10:30:41,6.6,0.0,10,6600,卖盘,600403,2025-10-17 22:46:17
10:30:47,6.6,0.0,50,33000,卖盘,600403,2025-10-17 22:46:17
10:30:50,6.6,0.0,2,1320,卖盘,600403,2025-10-17 22:46:17
10:31:05,6.6,0.0,5,3300,卖盘,600403,2025-10-17 22:46:17
10:31:08,6.6,0.0,4,2640,卖盘,600403,2025-10-17 22:46:17
10:31:11,6.6,0.0,11,7260,卖盘,600403,2025-10-17 22:46:17
10:31:14,6.6,0.0,6,3960,卖盘,600403,2025-10-17 22:46:17
10:31:23,6.6,0.0,50,33000,卖盘,600403,2025-10-17 22:46:17
10:31:32,6.6,0.0,6,3960,卖盘,600403,2025-10-17 22:46:17
10:31:38,6.6,0.0,9,5940,卖盘,600403,2025-10-17 22:46:17
10:31:47,6.6,0.0,4,2640,卖盘,600403,2025-10-17 22:46:17
10:31:50,6.6,0.0,6,3960,卖盘,600403,2025-10-17 22:46:17
10:31:53,6.6,0.0,5,3300,卖盘,600403,2025-10-17 22:46:17
10:31:59,6.6,0.0,22,14520,卖盘,600403,2025-10-17 22:46:17
10:32:05,6.6,0.0,79,52140,卖盘,600403,2025-10-17 22:46:17
10:32:14,6.6,0.0,17,11220,卖盘,600403,2025-10-17 22:46:17
10:32:17,6.6,0.0,186,122760,卖盘,600403,2025-10-17 22:46:17
10:32:20,6.6,0.0,65,42900,卖盘,600403,2025-10-17 22:46:17
10:32:23,6.6,0.0,5,3300,卖盘,600403,2025-10-17 22:46:17
10:32:29,6.6,0.0,1,660,卖盘,600403,2025-10-17 22:46:17
10:32:35,6.6,0.0,3,1980,卖盘,600403,2025-10-17 22:46:17
10:32:53,6.6,0.0,300,198000,卖盘,600403,2025-10-17 22:46:17
10:33:05,6.6,0.0,3,1980,卖盘,600403,2025-10-17 22:46:17
10:33:08,6.6,0.0,29,19140,卖盘,600403,2025-10-17 22:46:17
10:33:14,6.6,0.0,2,1320,卖盘,600403,2025-10-17 22:46:17
10:33:17,6.6,0.0,17,11220,卖盘,600403,2025-10-17 22:46:17
10:33:26,6.6,0.0,52,34320,卖盘,600403,2025-10-17 22:46:17
10:33:32,6.6,0.0,8,5280,卖盘,600403,2025-10-17 22:46:17
10:33:38,6.6,0.0,3,1980,卖盘,600403,2025-10-17 22:46:17
10:33:41,6.6,0.0,4,2640,卖盘,600403,2025-10-17 22:46:17
10:33:50,6.6,0.0,4,2640,卖盘,600403,2025-10-17 22:46:17
10:33:56,6.6,0.0,103,67980,卖盘,600403,2025-10-17 22:46:17
10:33:59,6.6,0.0,57,37620,卖盘,600403,2025-10-17 22:46:17
10:34:11,6.6,0.0,73,48180,卖盘,600403,2025-10-17 22:46:17
10:34:20,6.6,0.0,14,9240,卖盘,600403,2025-10-17 22:46:17
10:34:23,6.6,0.0,22,14520,卖盘,600403,2025-10-17 22:46:17
10:34:26,6.6,0.0,4,2640,卖盘,600403,2025-10-17 22:46:17
10:34:35,6.6,0.0,142,93720,卖盘,600403,2025-10-17 22:46:17
10:34:44,6.6,0.0,15,9900,卖盘,600403,2025-10-17 22:46:17
10:34:47,6.6,0.0,127,83820,卖盘,600403,2025-10-17 22:46:17
10:34:50,6.6,0.0,88,58080,卖盘,600403,2025-10-17 22:46:17
10:34:53,6.6,0.0,9,5940,卖盘,600403,2025-10-17 22:46:17
10:34:59,6.6,0.0,10,6600,卖盘,600403,2025-10-17 22:46:17
10:35:02,6.6,0.0,33,21780,卖盘,600403,2025-10-17 22:46:17
10:35:05,6.6,0.0,1,660,卖盘,600403,2025-10-17 22:46:17
10:35:14,6.6,0.0,2,1320,卖盘,600403,2025-10-17 22:46:17
10:35:20,6.6,0.0,5,3300,卖盘,600403,2025-10-17 22:46:17
10:35:23,6.6,0.0,13,8580,卖盘,600403,2025-10-17 22:46:17
10:35:29,6.6,0.0,5,3300,卖盘,600403,2025-10-17 22:46:17
10:35:32,6.6,0.0,10,6600,卖盘,600403,2025-10-17 22:46:17
10:35:41,6.6,0.0,25,16500,卖盘,600403,2025-10-17 22:46:17
10:35:47,6.6,0.0,17,11220,卖盘,600403,2025-10-17 22:46:17
10:35:50,6.6,0.0,2,1320,卖盘,600403,2025-10-17 22:46:17
10:35:56,6.6,0.0,2,1320,卖盘,600403,2025-10-17 22:46:17
10:35:59,6.6,0.0,5,3300,卖盘,600403,2025-10-17 22:46:17
10:36:02,6.6,0.0,1,660,卖盘,600403,2025-10-17 22:46:17
10:36:05,6.6,0.0,16,10560,卖盘,600403,2025-10-17 22:46:17
10:36:08,6.6,0.0,27,17820,卖盘,600403,2025-10-17 22:46:17
10:36:11,6.6,0.0,2,1320,卖盘,600403,2025-10-17 22:46:17
10:36:14,6.6,0.0,10,6600,卖盘,600403,2025-10-17 22:46:17
10:36:17,6.6,0.0,5,3300,卖盘,600403,2025-10-17 22:46:17
10:36:20,6.6,0.0,51,33660,卖盘,600403,2025-10-17 22:46:17
10:36:23,6.6,0.0,20,13200,卖盘,600403,2025-10-17 22:46:17
10:36:26,6.6,0.0,11,7260,卖盘,600403,2025-10-17 22:46:17
10:36:29,6.6,0.0,39,25740,卖盘,600403,2025-10-17 22:46:17
10:36:32,6.6,0.0,4,2640,卖盘,600403,2025-10-17 22:46:17
10:36:35,6.6,0.0,79,52140,卖盘,600403,2025-10-17 22:46:17
10:36:44,6.6,0.0,232,153120,卖盘,600403,2025-10-17 22:46:17
10:37:02,6.6,0.0,42,27720,卖盘,600403,2025-10-17 22:46:17
10:37:11,6.6,0.0,24,15840,卖盘,600403,2025-10-17 22:46:17
10:37:17,6.6,0.0,1,660,卖盘,600403,2025-10-17 22:46:17
10:37:20,6.6,0.0,4,2640,卖盘,600403,2025-10-17 22:46:17
10:37:26,6.6,0.0,30,19800,卖盘,600403,2025-10-17 22:46:17
10:37:35,6.6,0.0,2,1320,卖盘,600403,2025-10-17 22:46:17
10:37:41,6.6,0.0,4,2640,卖盘,600403,2025-10-17 22:46:17
10:37:44,6.6,0.0,1,660,卖盘,600403,2025-10-17 22:46:17
10:37:47,6.6,0.0,1,660,卖盘,600403,2025-10-17 22:46:17
10:37:50,6.6,0.0,3,1980,卖盘,600403,2025-10-17 22:46:17
10:37:56,6.6,0.0,215,141900,卖盘,600403,2025-10-17 22:46:17
10:37:59,6.6,0.0,1,660,卖盘,600403,2025-10-17 22:46:17
10:38:11,6.6,0.0,1,660,卖盘,600403,2025-10-17 22:46:17
10:38:20,6.6,0.0,19,12540,卖盘,600403,2025-10-17 22:46:17
10:38:23,6.6,0.0,10,6600,卖盘,600403,2025-10-17 22:46:17
10:38:35,6.6,0.0,35,23100,卖盘,600403,2025-10-17 22:46:17
10:38:41,6.6,0.0,4,2640,卖盘,600403,2025-10-17 22:46:17
10:38:44,6.6,0.0,1,660,卖盘,600403,2025-10-17 22:46:17
10:38:53,6.6,0.0,118,77880,卖盘,600403,2025-10-17 22:46:17
10:38:56,6.6,0.0,357,235620,卖盘,600403,2025-10-17 22:46:17
10:39:02,6.6,0.0,9,5940,卖盘,600403,2025-10-17 22:46:17
10:39:14,6.6,0.0,2,1320,卖盘,600403,2025-10-17 22:46:17
10:39:29,6.6,0.0,31,20460,卖盘,600403,2025-10-17 22:46:17
10:39:38,6.6,0.0,2,1320,卖盘,600403,2025-10-17 22:46:17
10:39:53,6.6,0.0,5,3300,卖盘,600403,2025-10-17 22:46:17
10:39:56,6.6,0.0,3,1980,卖盘,600403,2025-10-17 22:46:17
10:40:02,6.6,0.0,3,1980,卖盘,600403,2025-10-17 22:46:17
10:40:05,6.6,0.0,12,7920,卖盘,600403,2025-10-17 22:46:17
10:40:11,6.6,0.0,6,3960,卖盘,600403,2025-10-17 22:46:17
10:40:17,6.6,0.0,1,660,卖盘,600403,2025-10-17 22:46:17
10:40:23,6.6,0.0,1,660,卖盘,600403,2025-10-17 22:46:17
10:40:26,6.6,0.0,13,8580,卖盘,600403,2025-10-17 22:46:17
10:40:29,6.6,0.0,15,9900,卖盘,600403,2025-10-17 22:46:17
10:40:32,6.6,0.0,3,1980,卖盘,600403,2025-10-17 22:46:17
10:40:44,6.6,0.0,31,20460,卖盘,600403,2025-10-17 22:46:17
10:40:50,6.6,0.0,1,660,卖盘,600403,2025-10-17 22:46:17
10:40:59,6.6,0.0,1,660,卖盘,600403,2025-10-17 22:46:17
10:41:02,6.6,0.0,13,8580,卖盘,600403,2025-10-17 22:46:17
10:41:14,6.6,0.0,6,3960,卖盘,600403,2025-10-17 22:46:17
10:41:23,6.6,0.0,2,1320,卖盘,600403,2025-10-17 22:46:17
10:41:29,6.6,0.0,3,1980,卖盘,600403,2025-10-17 22:46:17
10:41:35,6.6,0.0,4,2640,卖盘,600403,2025-10-17 22:46:17
10:41:47,6.6,0.0,5,3300,卖盘,600403,2025-10-17 22:46:17
10:41:50,6.6,0.0,26,17160,卖盘,600403,2025-10-17 22:46:17
10:42:11,6.6,0.0,39,25740,卖盘,600403,2025-10-17 22:46:17
10:42:14,6.6,0.0,1,660,卖盘,600403,2025-10-17 22:46:17
10:42:20,6.6,0.0,4,2640,卖盘,600403,2025-10-17 22:46:17
10:42:23,6.6,0.0,16,10560,卖盘,600403,2025-10-17 22:46:17
10:42:32,6.6,0.0,2,1320,卖盘,600403,2025-10-17 22:46:17
10:42:38,6.6,0.0,2,1320,卖盘,600403,2025-10-17 22:46:17
10:42:41,6.6,0.0,20,13200,卖盘,600403,2025-10-17 22:46:17
10:42:53,6.6,0.0,15,9900,卖盘,600403,2025-10-17 22:46:17
10:43:02,6.6,0.0,30,19800,卖盘,600403,2025-10-17 22:46:17
10:43:05,6.6,0.0,1,660,卖盘,600403,2025-10-17 22:46:17
10:43:20,6.6,0.0,1,660,卖盘,600403,2025-10-17 22:46:17
10:43:29,6.6,0.0,30,19800,卖盘,600403,2025-10-17 22:46:17
10:43:32,6.6,0.0,20,13200,卖盘,600403,2025-10-17 22:46:17
10:43:35,6.6,0.0,2,1320,卖盘,600403,2025-10-17 22:46:17
10:43:38,6.6,0.0,1,660,卖盘,600403,2025-10-17 22:46:17
10:43:41,6.6,0.0,15,9900,卖盘,600403,2025-10-17 22:46:17
10:43:53,6.6,0.0,2,1320,卖盘,600403,2025-10-17 22:46:17
10:43:56,6.6,0.0,56,36960,卖盘,600403,2025-10-17 22:46:17
10:44:02,6.6,0.0,38,25080,卖盘,600403,2025-10-17 22:46:17
10:44:05,6.6,0.0,27,17820,卖盘,600403,2025-10-17 22:46:17
10:44:08,6.6,0.0,1,660,卖盘,600403,2025-10-17 22:46:17
10:44:11,6.6,0.0,2,1320,卖盘,600403,2025-10-17 22:46:17
10:44:14,6.6,0.0,1,660,卖盘,600403,2025-10-17 22:46:17
10:44:17,6.6,0.0,24,15840,卖盘,600403,2025-10-17 22:46:17
10:44:32,6.6,0.0,4,2640,卖盘,600403,2025-10-17 22:46:17
10:44:38,6.6,0.0,68,44880,卖盘,600403,2025-10-17 22:46:17
10:44:41,6.6,0.0,21,13860,卖盘,600403,2025-10-17 22:46:17
10:44:56,6.6,0.0,3,1980,卖盘,600403,2025-10-17 22:46:17
10:44:59,6.6,0.0,6,3960,卖盘,600403,2025-10-17 22:46:17
10:45:05,6.6,0.0,40,26400,卖盘,600403,2025-10-17 22:46:17
10:45:14,6.6,0.0,83,54780,卖盘,600403,2025-10-17 22:46:17
10:45:20,6.6,0.0,6,3960,卖盘,600403,2025-10-17 22:46:17
10:45:23,6.6,0.0,19,12540,卖盘,600403,2025-10-17 22:46:17
10:45:26,6.6,0.0,2,1320,卖盘,600403,2025-10-17 22:46:17
10:45:29,6.6,0.0,1,660,卖盘,600403,2025-10-17 22:46:17
10:45:35,6.6,0.0,4,2640,卖盘,600403,2025-10-17 22:46:17
10:45:44,6.6,0.0,2,1320,卖盘,600403,2025-10-17 22:46:17
10:45:47,6.6,0.0,11,7260,卖盘,600403,2025-10-17 22:46:17
10:45:53,6.6,0.0,5,3300,卖盘,600403,2025-10-17 22:46:17
10:46:05,6.6,0.0,23,15180,卖盘,600403,2025-10-17 22:46:17
10:46:08,6.6,0.0,3,1980,卖盘,600403,2025-10-17 22:46:17
10:46:14,6.6,0.0,3,1980,卖盘,600403,2025-10-17 22:46:17
10:46:20,6.6,0.0,23,15180,卖盘,600403,2025-10-17 22:46:17
10:46:35,6.6,0.0,6,3960,卖盘,600403,2025-10-17 22:46:17
10:46:47,6.6,0.0,1,660,卖盘,600403,2025-10-17 22:46:17
10:46:56,6.6,0.0,26,17160,卖盘,600403,2025-10-17 22:46:17
10:46:59,6.6,0.0,5,3300,卖盘,600403,2025-10-17 22:46:17
10:47:11,6.6,0.0,30,19800,卖盘,600403,2025-10-17 22:46:17
10:47:17,6.6,0.0,36,23760,卖盘,600403,2025-10-17 22:46:17
10:47:26,6.6,0.0,1,660,卖盘,600403,2025-10-17 22:46:17
10:47:29,6.6,0.0,1,660,卖盘,600403,2025-10-17 22:46:17
10:47:38,6.6,0.0,41,27060,卖盘,600403,2025-10-17 22:46:17
10:47:41,6.6,0.0,2,1320,卖盘,600403,2025-10-17 22:46:17
10:47:47,6.6,0.0,11,7260,卖盘,600403,2025-10-17 22:46:17
10:47:50,6.6,0.0,7,4620,卖盘,600403,2025-10-17 22:46:17
10:48:02,6.6,0.0,6,3960,卖盘,600403,2025-10-17 22:46:17
10:48:11,6.6,0.0,1,660,卖盘,600403,2025-10-17 22:46:17
10:48:14,6.6,0.0,54,35640,卖盘,600403,2025-10-17 22:46:17
10:48:32,6.6,0.0,2,1320,卖盘,600403,2025-10-17 22:46:17
10:48:44,6.6,0.0,74,48840,卖盘,600403,2025-10-17 22:46:17
10:49:02,6.6,0.0,1,660,卖盘,600403,2025-10-17 22:46:17
10:49:05,6.6,0.0,1,660,卖盘,600403,2025-10-17 22:46:17
10:49:08,6.6,0.0,1,660,卖盘,600403,2025-10-17 22:46:17
10:49:11,6.6,0.0,33,21780,卖盘,600403,2025-10-17 22:46:17
10:49:17,6.6,0.0,22,14520,卖盘,600403,2025-10-17 22:46:17
10:49:20,6.6,0.0,4,2640,卖盘,600403,2025-10-17 22:46:17
10:49:32,6.6,0.0,200,132000,卖盘,600403,2025-10-17 22:46:17
10:49:35,6.6,0.0,5,3300,卖盘,600403,2025-10-17 22:46:17
10:49:44,6.6,0.0,4,2640,卖盘,600403,2025-10-17 22:46:17
10:49:50,6.6,0.0,1,660,卖盘,600403,2025-10-17 22:46:17
10:49:56,6.6,0.0,19,12540,卖盘,600403,2025-10-17 22:46:17
10:49:59,6.6,0.0,13,8580,卖盘,600403,2025-10-17 22:46:17
10:50:02,6.6,0.0,3,1980,卖盘,600403,2025-10-17 22:46:17
10:50:05,6.6,0.0,40,26400,卖盘,600403,2025-10-17 22:46:17
10:50:38,6.6,0.0,1,660,卖盘,600403,2025-10-17 22:46:17
10:50:41,6.6,0.0,1,660,卖盘,600403,2025-10-17 22:46:17
10:50:44,6.6,0.0,1,660,卖盘,600403,2025-10-17 22:46:17
10:50:47,6.6,0.0,10,6600,卖盘,600403,2025-10-17 22:46:17
10:50:59,6.6,0.0,30,19800,卖盘,600403,2025-10-17 22:46:17
10:51:02,6.6,0.0,10,6600,卖盘,600403,2025-10-17 22:46:17
10:51:05,6.6,0.0,10,6600,卖盘,600403,2025-10-17 22:46:17
10:51:17,6.6,0.0,5,3300,卖盘,600403,2025-10-17 22:46:17
10:51:26,6.6,0.0,4,2640,卖盘,600403,2025-10-17 22:46:17
10:51:29,6.6,0.0,21,13860,卖盘,600403,2025-10-17 22:46:17
10:51:35,6.6,0.0,2,1320,卖盘,600403,2025-10-17 22:46:17
10:51:41,6.6,0.0,5,3300,卖盘,600403,2025-10-17 22:46:17
10:51:44,6.6,0.0,3,1980,卖盘,600403,2025-10-17 22:46:17
10:51:53,6.6,0.0,11,7260,卖盘,600403,2025-10-17 22:46:17
10:51:59,6.6,0.0,2,1320,卖盘,600403,2025-10-17 22:46:17
10:52:17,6.6,0.0,2,1320,卖盘,600403,2025-10-17 22:46:17
10:52:26,6.6,0.0,1,660,卖盘,600403,2025-10-17 22:46:17
10:52:29,6.6,0.0,2,1320,卖盘,600403,2025-10-17 22:46:17
10:52:32,6.6,0.0,7,4620,卖盘,600403,2025-10-17 22:46:17
10:52:47,6.6,0.0,2,1320,卖盘,600403,2025-10-17 22:46:17
10:52:50,6.6,0.0,63,41580,卖盘,600403,2025-10-17 22:46:17
10:52:53,6.6,0.0,4,2640,卖盘,600403,2025-10-17 22:46:17
10:52:59,6.6,0.0,2,1320,卖盘,600403,2025-10-17 22:46:17
10:53:11,6.6,0.0,26,17160,卖盘,600403,2025-10-17 22:46:17
10:53:14,6.6,0.0,6,3960,卖盘,600403,2025-10-17 22:46:17
10:53:23,6.6,0.0,2,1320,卖盘,600403,2025-10-17 22:46:17
10:53:29,6.6,0.0,5,3300,卖盘,600403,2025-10-17 22:46:17
10:53:50,6.6,0.0,3,1980,卖盘,600403,2025-10-17 22:46:17
10:54:05,6.6,0.0,11,7260,卖盘,600403,2025-10-17 22:46:17
10:54:14,6.6,0.0,1,660,卖盘,600403,2025-10-17 22:46:17
10:54:29,6.6,0.0,1,660,卖盘,600403,2025-10-17 22:46:17
10:54:38,6.6,0.0,17,11220,卖盘,600403,2025-10-17 22:46:17
10:54:41,6.6,0.0,77,50820,卖盘,600403,2025-10-17 22:46:17
10:54:44,6.6,0.0,1,660,卖盘,600403,2025-10-17 22:46:17
10:55:02,6.6,0.0,5,3300,卖盘,600403,2025-10-17 22:46:17
10:55:14,6.6,0.0,33,21780,卖盘,600403,2025-10-17 22:46:17
10:55:17,6.6,0.0,17,11220,卖盘,600403,2025-10-17 22:46:17
10:55:20,6.6,0.0,18,11880,卖盘,600403,2025-10-17 22:46:17
10:55:26,6.6,0.0,2,1320,卖盘,600403,2025-10-17 22:46:17
10:55:38,6.6,0.0,1,660,卖盘,600403,2025-10-17 22:46:17
10:55:41,6.6,0.0,53,34980,卖盘,600403,2025-10-17 22:46:17
10:55:47,6.6,0.0,1,660,卖盘,600403,2025-10-17 22:46:17
10:55:56,6.6,0.0,10,6600,卖盘,600403,2025-10-17 22:46:17
10:56:08,6.6,0.0,13,8580,卖盘,600403,2025-10-17 22:46:17
10:56:14,6.6,0.0,3,1980,卖盘,600403,2025-10-17 22:46:17
10:56:29,6.6,0.0,82,54120,卖盘,600403,2025-10-17 22:46:17
10:56:47,6.6,0.0,11,7260,卖盘,600403,2025-10-17 22:46:17
10:56:56,6.6,0.0,22,14520,卖盘,600403,2025-10-17 22:46:17
10:56:59,6.6,0.0,1,660,卖盘,600403,2025-10-17 22:46:17
10:57:05,6.6,0.0,1,660,卖盘,600403,2025-10-17 22:46:17
10:57:11,6.6,0.0,1,660,卖盘,600403,2025-10-17 22:46:17
10:57:59,6.6,0.0,1,660,卖盘,600403,2025-10-17 22:46:17
10:58:08,6.6,0.0,1,660,卖盘,600403,2025-10-17 22:46:17
10:58:20,6.6,0.0,1,660,卖盘,600403,2025-10-17 22:46:17
10:58:23,6.6,0.0,29,19140,卖盘,600403,2025-10-17 22:46:17
10:58:26,6.6,0.0,10,6600,卖盘,600403,2025-10-17 22:46:17
10:58:29,6.6,0.0,4,2640,卖盘,600403,2025-10-17 22:46:17
10:58:38,6.6,0.0,4,2640,卖盘,600403,2025-10-17 22:46:17
10:58:47,6.6,0.0,4,2640,卖盘,600403,2025-10-17 22:46:17
10:58:53,6.6,0.0,1,660,卖盘,600403,2025-10-17 22:46:17
10:58:59,6.6,0.0,1,660,卖盘,600403,2025-10-17 22:46:17
10:59:05,6.6,0.0,1,660,卖盘,600403,2025-10-17 22:46:17
10:59:32,6.6,0.0,20,13200,卖盘,600403,2025-10-17 22:46:17
10:59:35,6.6,0.0,2,1320,卖盘,600403,2025-10-17 22:46:17
10:59:38,6.6,0.0,1,660,卖盘,600403,2025-10-17 22:46:17
10:59:56,6.6,0.0,1,660,卖盘,600403,2025-10-17 22:46:17
11:00:02,6.6,0.0,10,6600,卖盘,600403,2025-10-17 22:46:17
11:00:08,6.6,0.0,9,5940,卖盘,600403,2025-10-17 22:46:17
11:00:11,6.6,0.0,10,6600,卖盘,600403,2025-10-17 22:46:17
11:00:14,6.6,0.0,3,1980,卖盘,600403,2025-10-17 22:46:17
11:00:23,6.6,0.0,3,1980,卖盘,600403,2025-10-17 22:46:17
11:00:29,6.6,0.0,2,1320,卖盘,600403,2025-10-17 22:46:17
11:00:41,6.6,0.0,6,3960,卖盘,600403,2025-10-17 22:46:17
11:00:44,6.6,0.0,1,660,卖盘,600403,2025-10-17 22:46:17
11:00:56,6.6,0.0,1,660,卖盘,600403,2025-10-17 22:46:17
11:01:11,6.6,0.0,2,1320,卖盘,600403,2025-10-17 22:46:17
11:01:14,6.6,0.0,4,2640,卖盘,600403,2025-10-17 22:46:17
11:01:20,6.6,0.0,6,3960,卖盘,600403,2025-10-17 22:46:17
11:01:26,6.6,0.0,19,12540,卖盘,600403,2025-10-17 22:46:17
11:01:29,6.6,0.0,4,2640,卖盘,600403,2025-10-17 22:46:17
11:01:35,6.6,0.0,52,34320,卖盘,600403,2025-10-17 22:46:17
11:01:38,6.6,0.0,6,3960,卖盘,600403,2025-10-17 22:46:17
11:01:41,6.6,0.0,3,1980,卖盘,600403,2025-10-17 22:46:17
11:01:47,6.6,0.0,100,66000,卖盘,600403,2025-10-17 22:46:17
11:01:50,6.6,0.0,1,660,卖盘,600403,2025-10-17 22:46:17
11:01:53,6.6,0.0,23,15180,卖盘,600403,2025-10-17 22:46:17
11:01:56,6.6,0.0,15,9900,卖盘,600403,2025-10-17 22:46:17
11:02:02,6.6,0.0,1,660,卖盘,600403,2025-10-17 22:46:17
11:02:08,6.6,0.0,1,660,卖盘,600403,2025-10-17 22:46:17
11:02:14,6.6,0.0,1,660,卖盘,600403,2025-10-17 22:46:17
11:02:20,6.6,0.0,6,3960,卖盘,600403,2025-10-17 22:46:17
11:02:32,6.6,0.0,3,1980,卖盘,600403,2025-10-17 22:46:17
11:02:35,6.6,0.0,1,660,卖盘,600403,2025-10-17 22:46:17
11:02:44,6.6,0.0,3,1980,卖盘,600403,2025-10-17 22:46:17
11:02:47,6.6,0.0,1,660,卖盘,600403,2025-10-17 22:46:17
11:02:53,6.6,0.0,10,6600,卖盘,600403,2025-10-17 22:46:17
11:02:59,6.6,0.0,5,3300,卖盘,600403,2025-10-17 22:46:17
11:03:02,6.6,0.0,3,1980,卖盘,600403,2025-10-17 22:46:17
11:03:05,6.6,0.0,50,33000,卖盘,600403,2025-10-17 22:46:17
11:03:17,6.6,0.0,1,660,卖盘,600403,2025-10-17 22:46:17
11:03:20,6.6,0.0,1,660,卖盘,600403,2025-10-17 22:46:17
11:03:26,6.6,0.0,3,1980,卖盘,600403,2025-10-17 22:46:17
11:03:35,6.6,0.0,1,660,卖盘,600403,2025-10-17 22:46:17
11:03:38,6.6,0.0,3,1980,卖盘,600403,2025-10-17 22:46:17
11:03:44,6.6,0.0,15,9900,卖盘,600403,2025-10-17 22:46:17
11:03:50,6.6,0.0,10,6600,卖盘,600403,2025-10-17 22:46:17
11:04:08,6.6,0.0,45,29700,卖盘,600403,2025-10-17 22:46:17
11:04:17,6.6,0.0,10,6600,卖盘,600403,2025-10-17 22:46:17
11:04:23,6.6,0.0,9,5940,卖盘,600403,2025-10-17 22:46:17
11:04:38,6.6,0.0,5,3300,卖盘,600403,2025-10-17 22:46:17
11:04:41,6.6,0.0,6,3960,卖盘,600403,2025-10-17 22:46:17
11:04:50,6.6,0.0,2,1320,卖盘,600403,2025-10-17 22:46:17
11:04:56,6.6,0.0,7,4620,卖盘,600403,2025-10-17 22:46:17
11:05:20,6.6,0.0,7,4620,卖盘,600403,2025-10-17 22:46:17
11:05:29,6.6,0.0,3,1980,卖盘,600403,2025-10-17 22:46:17
11:05:32,6.6,0.0,5,3300,卖盘,600403,2025-10-17 22:46:17
11:05:35,6.6,0.0,4,2640,卖盘,600403,2025-10-17 22:46:17
11:05:44,6.6,0.0,1,660,卖盘,600403,2025-10-17 22:46:17
11:05:50,6.6,0.0,10,6600,卖盘,600403,2025-10-17 22:46:17
11:06:05,6.6,0.0,10,6600,卖盘,600403,2025-10-17 22:46:17
11:06:08,6.6,0.0,1,660,卖盘,600403,2025-10-17 22:46:17
11:06:14,6.6,0.0,330,217800,卖盘,600403,2025-10-17 22:46:17
11:06:17,6.6,0.0,3,1980,卖盘,600403,2025-10-17 22:46:17
11:06:23,6.6,0.0,17,11220,卖盘,600403,2025-10-17 22:46:17
11:06:26,6.6,0.0,43,28380,卖盘,600403,2025-10-17 22:46:17
11:06:29,6.6,0.0,7,4620,卖盘,600403,2025-10-17 22:46:17
11:06:32,6.6,0.0,100,66000,卖盘,600403,2025-10-17 22:46:17
11:06:38,6.6,0.0,4,2640,卖盘,600403,2025-10-17 22:46:17
11:06:41,6.6,0.0,4,2640,卖盘,600403,2025-10-17 22:46:17
11:06:47,6.6,0.0,14,9240,卖盘,600403,2025-10-17 22:46:17
11:06:50,6.6,0.0,1,660,卖盘,600403,2025-10-17 22:46:17
11:07:02,6.6,0.0,30,19800,卖盘,600403,2025-10-17 22:46:17
11:07:08,6.6,0.0,103,67980,卖盘,600403,2025-10-17 22:46:17
11:07:11,6.6,0.0,3,1980,卖盘,600403,2025-10-17 22:46:17
11:07:23,6.6,0.0,1,660,卖盘,600403,2025-10-17 22:46:17
11:07:32,6.6,0.0,7,4620,卖盘,600403,2025-10-17 22:46:17
11:07:35,6.6,0.0,1,660,卖盘,600403,2025-10-17 22:46:17
11:07:41,6.6,0.0,2,1320,卖盘,600403,2025-10-17 22:46:17
11:07:53,6.6,0.0,7,4620,卖盘,600403,2025-10-17 22:46:17
11:07:59,6.6,0.0,4,2640,卖盘,600403,2025-10-17 22:46:17
11:08:02,6.6,0.0,61,40260,卖盘,600403,2025-10-17 22:46:17
11:08:08,6.6,0.0,50,33000,卖盘,600403,2025-10-17 22:46:17
11:08:11,6.6,0.0,3,1980,卖盘,600403,2025-10-17 22:46:17
11:08:14,6.6,0.0,5,3300,卖盘,600403,2025-10-17 22:46:17
11:08:17,6.6,0.0,2,1320,卖盘,600403,2025-10-17 22:46:17
11:08:20,6.6,0.0,1,660,卖盘,600403,2025-10-17 22:46:17
11:08:26,6.6,0.0,20,13200,卖盘,600403,2025-10-17 22:46:17
11:08:35,6.6,0.0,60,39600,卖盘,600403,2025-10-17 22:46:17
11:08:41,6.6,0.0,5,3300,卖盘,600403,2025-10-17 22:46:17
11:08:44,6.6,0.0,3,1980,卖盘,600403,2025-10-17 22:46:17
11:09:02,6.6,0.0,31,20460,卖盘,600403,2025-10-17 22:46:17
11:09:05,6.6,0.0,1,660,卖盘,600403,2025-10-17 22:46:17
11:09:14,6.6,0.0,10,6600,卖盘,600403,2025-10-17 22:46:17
11:09:20,6.6,0.0,2,1320,卖盘,600403,2025-10-17 22:46:17
11:09:23,6.6,0.0,49,32340,卖盘,600403,2025-10-17 22:46:17
11:09:26,6.6,0.0,5,3300,卖盘,600403,2025-10-17 22:46:17
11:09:38,6.6,0.0,35,23100,卖盘,600403,2025-10-17 22:46:17
11:09:41,6.6,0.0,20,13200,卖盘,600403,2025-10-17 22:46:17
11:09:44,6.6,0.0,2,1320,卖盘,600403,2025-10-17 22:46:17
11:09:47,6.6,0.0,14,9240,卖盘,600403,2025-10-17 22:46:17
11:09:50,6.6,0.0,40,26400,卖盘,600403,2025-10-17 22:46:17
11:09:53,6.6,0.0,5,3300,卖盘,600403,2025-10-17 22:46:17
11:09:59,6.6,0.0,1,660,卖盘,600403,2025-10-17 22:46:17
11:10:02,6.6,0.0,107,70620,卖盘,600403,2025-10-17 22:46:17
11:10:05,6.6,0.0,20,13200,卖盘,600403,2025-10-17 22:46:17
11:10:17,6.6,0.0,10,6600,卖盘,600403,2025-10-17 22:46:17
11:10:26,6.6,0.0,8,5280,卖盘,600403,2025-10-17 22:46:17
11:10:41,6.6,0.0,22,14520,卖盘,600403,2025-10-17 22:46:17
11:10:59,6.6,0.0,2,1320,卖盘,600403,2025-10-17 22:46:17
11:11:08,6.6,0.0,16,10560,卖盘,600403,2025-10-17 22:46:17
11:11:14,6.6,0.0,15,9900,卖盘,600403,2025-10-17 22:46:17
11:11:17,6.6,0.0,2,1320,卖盘,600403,2025-10-17 22:46:17
11:11:20,6.6,0.0,5,3300,卖盘,600403,2025-10-17 22:46:17
11:11:23,6.6,0.0,10,6600,卖盘,600403,2025-10-17 22:46:17
11:11:32,6.6,0.0,4,2640,卖盘,600403,2025-10-17 22:46:17
11:11:38,6.6,0.0,5,3300,卖盘,600403,2025-10-17 22:46:17
11:11:47,6.6,0.0,4,2640,卖盘,600403,2025-10-17 22:46:17
11:11:50,6.6,0.0,15,9900,卖盘,600403,2025-10-17 22:46:17
11:11:56,6.6,0.0,7,4620,卖盘,600403,2025-10-17 22:46:17
11:12:17,6.6,0.0,5,3300,卖盘,600403,2025-10-17 22:46:17
11:12:20,6.6,0.0,11,7260,卖盘,600403,2025-10-17 22:46:17
11:12:35,6.6,0.0,1,660,卖盘,600403,2025-10-17 22:46:17
11:12:41,6.6,0.0,18,11880,卖盘,600403,2025-10-17 22:46:17
11:12:44,6.6,0.0,3,1980,卖盘,600403,2025-10-17 22:46:17
11:12:50,6.6,0.0,2,1320,卖盘,600403,2025-10-17 22:46:17
11:12:53,6.6,0.0,2,1320,卖盘,600403,2025-10-17 22:46:17
11:12:56,6.6,0.0,108,71280,卖盘,600403,2025-10-17 22:46:17
11:12:59,6.6,0.0,1,660,卖盘,600403,2025-10-17 22:46:17
11:13:35,6.6,0.0,100,66000,卖盘,600403,2025-10-17 22:46:17
11:13:44,6.6,0.0,11,7260,卖盘,600403,2025-10-17 22:46:17
11:13:47,6.6,0.0,33,21780,卖盘,600403,2025-10-17 22:46:17
11:13:53,6.6,0.0,1,660,卖盘,600403,2025-10-17 22:46:17
11:13:56,6.6,0.0,1,660,卖盘,600403,2025-10-17 22:46:17
11:14:05,6.6,0.0,3,1980,卖盘,600403,2025-10-17 22:46:17
11:14:14,6.6,0.0,1,660,卖盘,600403,2025-10-17 22:46:17
11:14:20,6.6,0.0,21,13860,卖盘,600403,2025-10-17 22:46:17
11:14:23,6.6,0.0,1,660,卖盘,600403,2025-10-17 22:46:17
11:14:26,6.6,0.0,8,5280,卖盘,600403,2025-10-17 22:46:17
11:14:35,6.6,0.0,5,3300,卖盘,600403,2025-10-17 22:46:17
11:14:50,6.6,0.0,1,660,卖盘,600403,2025-10-17 22:46:17
11:15:05,6.6,0.0,2,1320,卖盘,600403,2025-10-17 22:46:17
11:15:08,6.6,0.0,51,33660,卖盘,600403,2025-10-17 22:46:17
11:15:11,6.6,0.0,3,1980,卖盘,600403,2025-10-17 22:46:17
11:15:23,6.6,0.0,15,9900,卖盘,600403,2025-10-17 22:46:17
11:16:02,6.6,0.0,7,4620,卖盘,600403,2025-10-17 22:46:17
11:16:05,6.6,0.0,3,1980,卖盘,600403,2025-10-17 22:46:17
11:16:11,6.6,0.0,12,7920,卖盘,600403,2025-10-17 22:46:17
11:16:14,6.6,0.0,1,660,卖盘,600403,2025-10-17 22:46:17
11:16:26,6.6,0.0,1,660,卖盘,600403,2025-10-17 22:46:17
11:16:32,6.6,0.0,7,4620,卖盘,600403,2025-10-17 22:46:17
11:16:44,6.6,0.0,3,1980,卖盘,600403,2025-10-17 22:46:17
11:16:47,6.6,0.0,1,660,卖盘,600403,2025-10-17 22:46:17
11:17:02,6.6,0.0,3,1980,卖盘,600403,2025-10-17 22:46:17
11:17:11,6.6,0.0,2,1320,卖盘,600403,2025-10-17 22:46:17
11:17:17,6.6,0.0,60,39600,卖盘,600403,2025-10-17 22:46:17
11:17:20,6.6,0.0,1,660,卖盘,600403,2025-10-17 22:46:17
11:17:26,6.6,0.0,1,660,卖盘,600403,2025-10-17 22:46:17
11:17:29,6.6,0.0,22,14520,卖盘,600403,2025-10-17 22:46:17
11:17:32,6.6,0.0,1,660,卖盘,600403,2025-10-17 22:46:17
11:17:35,6.6,0.0,4,2640,卖盘,600403,2025-10-17 22:46:17
11:17:41,6.6,0.0,15,9900,卖盘,600403,2025-10-17 22:46:17
11:17:44,6.6,0.0,1,660,卖盘,600403,2025-10-17 22:46:17
11:17:53,6.6,0.0,6,3960,卖盘,600403,2025-10-17 22:46:17
11:18:05,6.6,0.0,2,1320,卖盘,600403,2025-10-17 22:46:17
11:18:11,6.6,0.0,9,5940,卖盘,600403,2025-10-17 22:46:17
11:18:14,6.6,0.0,46,30360,卖盘,600403,2025-10-17 22:46:17
11:18:20,6.6,0.0,1,660,卖盘,600403,2025-10-17 22:46:17
11:18:23,6.6,0.0,10,6600,卖盘,600403,2025-10-17 22:46:17
11:18:35,6.6,0.0,1,660,卖盘,600403,2025-10-17 22:46:17
11:18:44,6.6,0.0,10,6600,卖盘,600403,2025-10-17 22:46:17
11:18:50,6.6,0.0,2,1320,卖盘,600403,2025-10-17 22:46:17
11:18:56,6.6,0.0,4,2640,卖盘,600403,2025-10-17 22:46:17
11:18:59,6.6,0.0,2,1320,卖盘,600403,2025-10-17 22:46:17
11:19:02,6.6,0.0,1,660,卖盘,600403,2025-10-17 22:46:17
11:19:05,6.6,0.0,4,2640,卖盘,600403,2025-10-17 22:46:17
11:19:17,6.6,0.0,19,12540,卖盘,600403,2025-10-17 22:46:17
11:19:29,6.6,0.0,3,1980,卖盘,600403,2025-10-17 22:46:17
11:19:50,6.6,0.0,21,13860,卖盘,600403,2025-10-17 22:46:17
11:19:59,6.6,0.0,8,5280,卖盘,600403,2025-10-17 22:46:17
11:20:02,6.6,0.0,1,660,卖盘,600403,2025-10-17 22:46:17
11:20:17,6.6,0.0,2,1320,卖盘,600403,2025-10-17 22:46:17
11:20:23,6.6,0.0,3,1980,卖盘,600403,2025-10-17 22:46:17
11:20:29,6.6,0.0,11,7260,卖盘,600403,2025-10-17 22:46:17
11:20:41,6.6,0.0,1,660,卖盘,600403,2025-10-17 22:46:17
11:20:47,6.6,0.0,5,3300,卖盘,600403,2025-10-17 22:46:17
11:20:59,6.6,0.0,1,660,卖盘,600403,2025-10-17 22:46:17
11:21:02,6.6,0.0,1,660,卖盘,600403,2025-10-17 22:46:17
11:21:20,6.6,0.0,5,3300,卖盘,600403,2025-10-17 22:46:17
11:21:35,6.6,0.0,1,660,卖盘,600403,2025-10-17 22:46:17
11:21:56,6.6,0.0,5,3300,卖盘,600403,2025-10-17 22:46:17
11:22:05,6.6,0.0,6,3960,卖盘,600403,2025-10-17 22:46:17
11:22:08,6.6,0.0,15,9900,卖盘,600403,2025-10-17 22:46:17
11:22:11,6.6,0.0,10,6600,卖盘,600403,2025-10-17 22:46:17
11:22:20,6.6,0.0,10,6600,卖盘,600403,2025-10-17 22:46:17
11:22:29,6.6,0.0,3,1980,卖盘,600403,2025-10-17 22:46:17
11:22:35,6.6,0.0,19,12540,卖盘,600403,2025-10-17 22:46:17
11:22:44,6.6,0.0,3,1980,卖盘,600403,2025-10-17 22:46:17
11:22:50,6.6,0.0,3,1980,卖盘,600403,2025-10-17 22:46:17
11:22:56,6.6,0.0,29,19140,卖盘,600403,2025-10-17 22:46:17
11:23:05,6.6,0.0,4,2640,卖盘,600403,2025-10-17 22:46:17
11:23:17,6.6,0.0,2,1320,卖盘,600403,2025-10-17 22:46:17
11:23:20,6.6,0.0,78,51480,卖盘,600403,2025-10-17 22:46:17
11:23:26,6.6,0.0,3,1980,卖盘,600403,2025-10-17 22:46:17
11:23:53,6.6,0.0,19,12540,卖盘,600403,2025-10-17 22:46:17
11:24:11,6.6,0.0,2,1320,卖盘,600403,2025-10-17 22:46:17
11:24:14,6.6,0.0,1,660,卖盘,600403,2025-10-17 22:46:17
11:24:26,6.6,0.0,13,8580,卖盘,600403,2025-10-17 22:46:17
11:24:29,6.6,0.0,2,1320,卖盘,600403,2025-10-17 22:46:17
11:24:47,6.6,0.0,2,1320,卖盘,600403,2025-10-17 22:46:17
11:24:50,6.6,0.0,19,12540,卖盘,600403,2025-10-17 22:46:17
11:24:59,6.6,0.0,19,12540,卖盘,600403,2025-10-17 22:46:17
11:25:02,6.6,0.0,1,660,卖盘,600403,2025-10-17 22:46:17
11:25:17,6.6,0.0,5,3300,卖盘,600403,2025-10-17 22:46:17
11:25:20,6.6,0.0,20,13200,卖盘,600403,2025-10-17 22:46:17
11:25:26,6.6,0.0,4,2640,卖盘,600403,2025-10-17 22:46:17
11:25:29,6.6,0.0,2,1320,卖盘,600403,2025-10-17 22:46:17
11:25:56,6.6,0.0,1,660,卖盘,600403,2025-10-17 22:46:17
11:25:59,6.6,0.0,5,3300,卖盘,600403,2025-10-17 22:46:17
11:26:14,6.6,0.0,6,3960,卖盘,600403,2025-10-17 22:46:17
11:26:26,6.6,0.0,5,3300,卖盘,600403,2025-10-17 22:46:17
11:26:29,6.6,0.0,4,2640,卖盘,600403,2025-10-17 22:46:17
11:26:38,6.6,0.0,3,1980,卖盘,600403,2025-10-17 22:46:17
11:26:44,6.6,0.0,2,1320,卖盘,600403,2025-10-17 22:46:17
11:26:47,6.6,0.0,15,9900,卖盘,600403,2025-10-17 22:46:17
11:26:50,6.6,0.0,21,13860,卖盘,600403,2025-10-17 22:46:17
11:26:56,6.6,0.0,5,3300,卖盘,600403,2025-10-17 22:46:17
11:27:11,6.6,0.0,1,660,卖盘,600403,2025-10-17 22:46:17
11:27:29,6.6,0.0,2,1320,卖盘,600403,2025-10-17 22:46:17
11:27:35,6.6,0.0,23,15180,卖盘,600403,2025-10-17 22:46:17
11:27:41,6.6,0.0,11,7260,卖盘,600403,2025-10-17 22:46:17
11:27:47,6.6,0.0,4,2640,卖盘,600403,2025-10-17 22:46:17
11:27:50,6.6,0.0,3,1980,卖盘,600403,2025-10-17 22:46:17
11:27:56,6.6,0.0,5,3300,卖盘,600403,2025-10-17 22:46:17
11:28:02,6.6,0.0,1,660,卖盘,600403,2025-10-17 22:46:17
11:28:05,6.6,0.0,16,10560,卖盘,600403,2025-10-17 22:46:17
11:28:29,6.6,0.0,13,8580,卖盘,600403,2025-10-17 22:46:17
11:28:35,6.6,0.0,5,3300,卖盘,600403,2025-10-17 22:46:17
11:28:38,6.6,0.0,5,3300,卖盘,600403,2025-10-17 22:46:17
11:28:50,6.6,0.0,1,660,卖盘,600403,2025-10-17 22:46:17
11:28:53,6.6,0.0,4,2640,卖盘,600403,2025-10-17 22:46:17
11:28:59,6.6,0.0,1,660,卖盘,600403,2025-10-17 22:46:17
11:29:11,6.6,0.0,26,17160,卖盘,600403,2025-10-17 22:46:17
11:29:17,6.6,0.0,1,660,卖盘,600403,2025-10-17 22:46:17
11:29:20,6.6,0.0,1,660,卖盘,600403,2025-10-17 22:46:17
11:29:23,6.6,0.0,1,660,卖盘,600403,2025-10-17 22:46:17
11:29:32,6.6,0.0,1,660,卖盘,600403,2025-10-17 22:46:17
13:00:02,6.6,0.0,99,65340,卖盘,600403,2025-10-17 22:46:17
13:00:05,6.6,0.0,499,329340,卖盘,600403,2025-10-17 22:46:17
13:00:08,6.6,0.0,376,248160,卖盘,600403,2025-10-17 22:46:17
13:00:11,6.6,0.0,655,432300,卖盘,600403,2025-10-17 22:46:17
13:00:14,6.6,0.0,99,65340,卖盘,600403,2025-10-17 22:46:17
13:00:17,6.6,0.0,15,9900,卖盘,600403,2025-10-17 22:46:17
13:00:20,6.6,0.0,5,3300,卖盘,600403,2025-10-17 22:46:17
13:00:35,6.6,0.0,1,660,卖盘,600403,2025-10-17 22:46:17
13:00:38,6.6,0.0,90,59400,卖盘,600403,2025-10-17 22:46:17
13:00:41,6.6,0.0,35,23100,卖盘,600403,2025-10-17 22:46:17
13:00:44,6.6,0.0,6,3960,卖盘,600403,2025-10-17 22:46:17
13:00:47,6.6,0.0,1,660,卖盘,600403,2025-10-17 22:46:17
13:00:50,6.6,0.0,3,1980,卖盘,600403,2025-10-17 22:46:17
13:00:53,6.6,0.0,7,4620,卖盘,600403,2025-10-17 22:46:17
13:00:59,6.6,0.0,3,1980,卖盘,600403,2025-10-17 22:46:17
13:01:02,6.6,0.0,554,365640,卖盘,600403,2025-10-17 22:46:17
13:01:05,6.6,0.0,18,11880,卖盘,600403,2025-10-17 22:46:17
13:01:11,6.6,0.0,1,660,卖盘,600403,2025-10-17 22:46:17
13:01:14,6.6,0.0,5,3300,卖盘,600403,2025-10-17 22:46:17
13:01:20,6.6,0.0,1,660,卖盘,600403,2025-10-17 22:46:17
13:01:26,6.6,0.0,27,17820,卖盘,600403,2025-10-17 22:46:17
13:01:32,6.6,0.0,14,9240,卖盘,600403,2025-10-17 22:46:17
13:01:35,6.6,0.0,1,660,卖盘,600403,2025-10-17 22:46:17
13:01:44,6.6,0.0,113,74580,卖盘,600403,2025-10-17 22:46:17
13:01:59,6.6,0.0,3,1980,卖盘,600403,2025-10-17 22:46:17
13:02:14,6.6,0.0,3,1980,卖盘,600403,2025-10-17 22:46:17
13:02:20,6.6,0.0,4,2640,卖盘,600403,2025-10-17 22:46:17
13:02:32,6.6,0.0,2,1320,卖盘,600403,2025-10-17 22:46:17
13:02:41,6.6,0.0,2,1320,卖盘,600403,2025-10-17 22:46:17
13:02:47,6.6,0.0,155,102300,卖盘,600403,2025-10-17 22:46:17
13:02:50,6.6,0.0,25,16500,卖盘,600403,2025-10-17 22:46:17
13:02:53,6.6,0.0,5,3300,卖盘,600403,2025-10-17 22:46:17
13:02:56,6.6,0.0,8,5280,卖盘,600403,2025-10-17 22:46:17
13:03:05,6.6,0.0,56,36960,卖盘,600403,2025-10-17 22:46:17
13:03:29,6.6,0.0,2,1320,卖盘,600403,2025-10-17 22:46:17
13:03:35,6.6,0.0,21,13860,卖盘,600403,2025-10-17 22:46:17
13:03:38,6.6,0.0,11,7260,卖盘,600403,2025-10-17 22:46:17
13:03:44,6.6,0.0,2,1320,卖盘,600403,2025-10-17 22:46:17
13:03:47,6.6,0.0,37,24420,卖盘,600403,2025-10-17 22:46:17
13:03:59,6.6,0.0,5,3300,卖盘,600403,2025-10-17 22:46:17
13:04:02,6.6,0.0,18,11880,卖盘,600403,2025-10-17 22:46:17
13:04:23,6.6,0.0,18,11880,卖盘,600403,2025-10-17 22:46:17
13:04:26,6.6,0.0,33,21780,卖盘,600403,2025-10-17 22:46:17
13:04:29,6.6,0.0,2,1320,卖盘,600403,2025-10-17 22:46:17
13:04:32,6.6,0.0,5,3300,卖盘,600403,2025-10-17 22:46:17
13:04:35,6.6,0.0,1,660,卖盘,600403,2025-10-17 22:46:17
13:04:38,6.6,0.0,10,6600,卖盘,600403,2025-10-17 22:46:17
13:04:41,6.6,0.0,2,1320,卖盘,600403,2025-10-17 22:46:17
13:04:44,6.6,0.0,2,1320,卖盘,600403,2025-10-17 22:46:17
13:04:50,6.6,0.0,13,8580,卖盘,600403,2025-10-17 22:46:17
13:04:56,6.6,0.0,1,660,卖盘,600403,2025-10-17 22:46:17
13:04:59,6.6,0.0,40,26400,卖盘,600403,2025-10-17 22:46:17
13:05:05,6.6,0.0,26,17160,卖盘,600403,2025-10-17 22:46:17
13:05:14,6.6,0.0,26,17160,卖盘,600403,2025-10-17 22:46:17
13:05:20,6.6,0.0,25,16500,卖盘,600403,2025-10-17 22:46:17
13:05:23,6.6,0.0,1,660,卖盘,600403,2025-10-17 22:46:17
13:05:29,6.6,0.0,3,1980,卖盘,600403,2025-10-17 22:46:17
13:05:53,6.6,0.0,4,2640,卖盘,600403,2025-10-17 22:46:17
13:05:56,6.6,0.0,10,6600,卖盘,600403,2025-10-17 22:46:17
13:06:02,6.6,0.0,19,12540,卖盘,600403,2025-10-17 22:46:17
13:06:05,6.6,0.0,3,1980,卖盘,600403,2025-10-17 22:46:17
13:06:08,6.6,0.0,2,1320,卖盘,600403,2025-10-17 22:46:17
13:06:11,6.6,0.0,6,3960,卖盘,600403,2025-10-17 22:46:17
13:06:23,6.6,0.0,16,10560,卖盘,600403,2025-10-17 22:46:17
13:06:32,6.6,0.0,38,25080,卖盘,600403,2025-10-17 22:46:17
13:06:38,6.6,0.0,1,660,卖盘,600403,2025-10-17 22:46:17
13:06:41,6.6,0.0,1,660,卖盘,600403,2025-10-17 22:46:17
13:06:50,6.6,0.0,9,5940,卖盘,600403,2025-10-17 22:46:17
13:06:59,6.6,0.0,1,660,卖盘,600403,2025-10-17 22:46:17
13:07:11,6.6,0.0,3,1980,卖盘,600403,2025-10-17 22:46:17
13:07:20,6.6,0.0,8,5280,卖盘,600403,2025-10-17 22:46:17
13:07:23,6.6,0.0,3,1980,卖盘,600403,2025-10-17 22:46:17
13:07:26,6.6,0.0,1,660,卖盘,600403,2025-10-17 22:46:17
13:07:50,6.6,0.0,89,58740,卖盘,600403,2025-10-17 22:46:17
13:07:56,6.6,0.0,42,27720,卖盘,600403,2025-10-17 22:46:17
13:07:59,6.6,0.0,1,660,卖盘,600403,2025-10-17 22:46:17
13:08:02,6.6,0.0,13,8580,卖盘,600403,2025-10-17 22:46:17
13:08:08,6.6,0.0,12,7920,卖盘,600403,2025-10-17 22:46:17
13:08:11,6.6,0.0,200,132000,卖盘,600403,2025-10-17 22:46:17
13:08:14,6.6,0.0,59,38940,卖盘,600403,2025-10-17 22:46:17
13:08:20,6.6,0.0,3,1980,卖盘,600403,2025-10-17 22:46:17
13:08:26,6.6,0.0,7,4620,卖盘,600403,2025-10-17 22:46:17
13:08:29,6.6,0.0,2,1320,卖盘,600403,2025-10-17 22:46:17
13:08:32,6.6,0.0,2,1320,卖盘,600403,2025-10-17 22:46:17
13:08:38,6.6,0.0,1,660,卖盘,600403,2025-10-17 22:46:17
13:08:44,6.6,0.0,3,1980,卖盘,600403,2025-10-17 22:46:17
13:08:50,6.6,0.0,18,11880,卖盘,600403,2025-10-17 22:46:17
13:08:53,6.6,0.0,10,6600,卖盘,600403,2025-10-17 22:46:17
13:08:56,6.6,0.0,2,1320,卖盘,600403,2025-10-17 22:46:17
13:09:17,6.6,0.0,22,14520,卖盘,600403,2025-10-17 22:46:17
13:09:23,6.6,0.0,3,1980,卖盘,600403,2025-10-17 22:46:17
13:09:29,6.6,0.0,2,1320,卖盘,600403,2025-10-17 22:46:17
13:09:38,6.6,0.0,6,3960,卖盘,600403,2025-10-17 22:46:17
13:09:44,6.6,0.0,14,9240,卖盘,600403,2025-10-17 22:46:17
13:09:47,6.6,0.0,52,34320,卖盘,600403,2025-10-17 22:46:17
13:09:50,6.6,0.0,3,1980,卖盘,600403,2025-10-17 22:46:17
13:09:53,6.6,0.0,2,1320,卖盘,600403,2025-10-17 22:46:17
13:09:56,6.6,0.0,1,660,卖盘,600403,2025-10-17 22:46:17
13:10:11,6.6,0.0,10,6600,卖盘,600403,2025-10-17 22:46:17
13:10:20,6.6,0.0,109,71940,卖盘,600403,2025-10-17 22:46:17
13:10:32,6.6,0.0,18,11880,卖盘,600403,2025-10-17 22:46:17
13:10:41,6.6,0.0,3,1980,卖盘,600403,2025-10-17 22:46:17
13:10:44,6.6,0.0,6,3960,卖盘,600403,2025-10-17 22:46:17
13:10:53,6.6,0.0,7,4620,卖盘,600403,2025-10-17 22:46:17
13:10:56,6.6,0.0,1,660,卖盘,600403,2025-10-17 22:46:17
13:10:59,6.6,0.0,24,15840,卖盘,600403,2025-10-17 22:46:17
13:11:02,6.6,0.0,60,39600,卖盘,600403,2025-10-17 22:46:17
13:11:08,6.6,0.0,13,8580,卖盘,600403,2025-10-17 22:46:17
13:11:11,6.6,0.0,1,660,卖盘,600403,2025-10-17 22:46:17
13:11:17,6.6,0.0,21,13860,卖盘,600403,2025-10-17 22:46:17
13:11:23,6.6,0.0,1,660,卖盘,600403,2025-10-17 22:46:17
13:11:26,6.6,0.0,2,1320,卖盘,600403,2025-10-17 22:46:17
13:11:32,6.6,0.0,10,6600,卖盘,600403,2025-10-17 22:46:17
13:11:35,6.6,0.0,10,6600,卖盘,600403,2025-10-17 22:46:17
13:11:41,6.6,0.0,6,3960,卖盘,600403,2025-10-17 22:46:17
13:11:50,6.6,0.0,4,2640,卖盘,600403,2025-10-17 22:46:17
13:11:53,6.6,0.0,6,3960,卖盘,600403,2025-10-17 22:46:17
13:11:56,6.6,0.0,5,3300,卖盘,600403,2025-10-17 22:46:17
13:12:02,6.6,0.0,18,11880,卖盘,600403,2025-10-17 22:46:17
13:12:14,6.6,0.0,1,660,卖盘,600403,2025-10-17 22:46:17
13:12:17,6.6,0.0,85,56100,卖盘,600403,2025-10-17 22:46:17
13:12:23,6.6,0.0,10,6600,卖盘,600403,2025-10-17 22:46:17
13:12:26,6.6,0.0,1,660,卖盘,600403,2025-10-17 22:46:17
13:12:29,6.6,0.0,2,1320,卖盘,600403,2025-10-17 22:46:17
13:13:02,6.6,0.0,6,3960,卖盘,600403,2025-10-17 22:46:17
13:13:20,6.6,0.0,94,62040,卖盘,600403,2025-10-17 22:46:17
13:13:23,6.6,0.0,22,14520,卖盘,600403,2025-10-17 22:46:17
13:13:29,6.6,0.0,21,13860,卖盘,600403,2025-10-17 22:46:17
13:13:44,6.6,0.0,1,660,卖盘,600403,2025-10-17 22:46:17
13:13:56,6.6,0.0,18,11880,卖盘,600403,2025-10-17 22:46:17
13:13:59,6.6,0.0,2,1320,卖盘,600403,2025-10-17 22:46:17
13:14:02,6.6,0.0,2,1320,卖盘,600403,2025-10-17 22:46:17
13:14:11,6.6,0.0,6,3960,卖盘,600403,2025-10-17 22:46:17
13:14:14,6.6,0.0,2,1320,卖盘,600403,2025-10-17 22:46:17
13:14:20,6.6,0.0,12,7920,卖盘,600403,2025-10-17 22:46:17
13:14:32,6.6,0.0,3,1980,卖盘,600403,2025-10-17 22:46:17
13:14:44,6.6,0.0,10,6600,卖盘,600403,2025-10-17 22:46:17
13:14:47,6.6,0.0,4,2640,卖盘,600403,2025-10-17 22:46:17
13:14:50,6.6,0.0,5,3300,卖盘,600403,2025-10-17 22:46:17
13:14:53,6.6,0.0,2,1320,卖盘,600403,2025-10-17 22:46:17
13:14:59,6.6,0.0,1,660,卖盘,600403,2025-10-17 22:46:17
13:15:02,6.6,0.0,1,660,卖盘,600403,2025-10-17 22:46:17
13:15:05,6.6,0.0,4,2640,卖盘,600403,2025-10-17 22:46:17
13:15:17,6.6,0.0,10,6600,卖盘,600403,2025-10-17 22:46:17
13:15:26,6.6,0.0,6,3960,卖盘,600403,2025-10-17 22:46:17
13:15:32,6.6,0.0,35,23100,卖盘,600403,2025-10-17 22:46:17
13:15:35,6.6,0.0,1,660,卖盘,600403,2025-10-17 22:46:17
13:15:38,6.6,0.0,10,6600,卖盘,600403,2025-10-17 22:46:17
13:15:41,6.6,0.0,2,1320,卖盘,600403,2025-10-17 22:46:17
13:15:56,6.6,0.0,23,15180,卖盘,600403,2025-10-17 22:46:17
13:16:02,6.6,0.0,1,660,卖盘,600403,2025-10-17 22:46:17
13:16:05,6.6,0.0,1,660,卖盘,600403,2025-10-17 22:46:17
13:16:17,6.6,0.0,1,660,卖盘,600403,2025-10-17 22:46:17
13:16:20,6.6,0.0,44,29040,卖盘,600403,2025-10-17 22:46:17
13:16:23,6.6,0.0,27,17820,卖盘,600403,2025-10-17 22:46:17
13:16:32,6.6,0.0,6,3960,卖盘,600403,2025-10-17 22:46:17
13:16:35,6.6,0.0,5,3300,卖盘,600403,2025-10-17 22:46:17
13:16:38,6.6,0.0,3,1980,卖盘,600403,2025-10-17 22:46:17
13:16:44,6.6,0.0,20,13200,卖盘,600403,2025-10-17 22:46:17
13:16:47,6.6,0.0,1,660,卖盘,600403,2025-10-17 22:46:17
13:16:59,6.6,0.0,16,10560,卖盘,600403,2025-10-17 22:46:17
13:17:02,6.6,0.0,3,1980,卖盘,600403,2025-10-17 22:46:17
13:17:05,6.6,0.0,5,3300,卖盘,600403,2025-10-17 22:46:17
13:17:08,6.6,0.0,5,3300,卖盘,600403,2025-10-17 22:46:17
13:17:14,6.6,0.0,5,3300,卖盘,600403,2025-10-17 22:46:17
13:17:17,6.6,0.0,4,2640,卖盘,600403,2025-10-17 22:46:17
13:17:23,6.6,0.0,1,660,卖盘,600403,2025-10-17 22:46:17
13:17:26,6.6,0.0,4,2640,卖盘,600403,2025-10-17 22:46:17
13:17:32,6.6,0.0,3,1980,卖盘,600403,2025-10-17 22:46:17
13:17:35,6.6,0.0,33,21780,卖盘,600403,2025-10-17 22:46:17
13:17:38,6.6,0.0,6,3960,卖盘,600403,2025-10-17 22:46:17
13:18:02,6.6,0.0,30,19800,卖盘,600403,2025-10-17 22:46:17
13:18:08,6.6,0.0,17,11220,卖盘,600403,2025-10-17 22:46:17
13:18:11,6.6,0.0,2,1320,卖盘,600403,2025-10-17 22:46:17
13:18:23,6.6,0.0,3,1980,卖盘,600403,2025-10-17 22:46:17
13:18:32,6.6,0.0,6,3960,卖盘,600403,2025-10-17 22:46:17
13:18:44,6.6,0.0,20,13200,卖盘,600403,2025-10-17 22:46:17
13:18:47,6.6,0.0,5,3300,卖盘,600403,2025-10-17 22:46:17
13:18:50,6.6,0.0,6,3960,卖盘,600403,2025-10-17 22:46:17
13:18:56,6.6,0.0,5,3300,卖盘,600403,2025-10-17 22:46:17
13:18:59,6.6,0.0,4,2640,卖盘,600403,2025-10-17 22:46:17
13:19:14,6.6,0.0,4,2640,卖盘,600403,2025-10-17 22:46:17
13:19:17,6.6,0.0,13,8580,卖盘,600403,2025-10-17 22:46:17
13:19:29,6.6,0.0,273,180180,卖盘,600403,2025-10-17 22:46:17
13:19:32,6.6,0.0,2,1320,卖盘,600403,2025-10-17 22:46:17
13:19:38,6.6,0.0,5,3300,卖盘,600403,2025-10-17 22:46:17
13:19:53,6.6,0.0,71,46860,卖盘,600403,2025-10-17 22:46:17
13:19:59,6.6,0.0,12,7920,卖盘,600403,2025-10-17 22:46:17
13:20:05,6.6,0.0,141,93060,卖盘,600403,2025-10-17 22:46:17
13:20:08,6.6,0.0,1,660,卖盘,600403,2025-10-17 22:46:17
13:20:14,6.6,0.0,8,5280,卖盘,600403,2025-10-17 22:46:17
13:20:20,6.6,0.0,150,99000,卖盘,600403,2025-10-17 22:46:17
13:20:26,6.6,0.0,12,7920,卖盘,600403,2025-10-17 22:46:17
13:20:32,6.6,0.0,31,20460,卖盘,600403,2025-10-17 22:46:17
13:20:35,6.6,0.0,1,660,卖盘,600403,2025-10-17 22:46:17
13:20:41,6.6,0.0,50,33000,卖盘,600403,2025-10-17 22:46:17
13:20:47,6.6,0.0,1,660,卖盘,600403,2025-10-17 22:46:17
13:20:50,6.6,0.0,14,9240,卖盘,600403,2025-10-17 22:46:17
13:20:53,6.6,0.0,2,1320,卖盘,600403,2025-10-17 22:46:17
13:21:08,6.6,0.0,6,3960,卖盘,600403,2025-10-17 22:46:17
13:21:11,6.6,0.0,10,6600,卖盘,600403,2025-10-17 22:46:17
13:21:14,6.6,0.0,1,660,卖盘,600403,2025-10-17 22:46:17
13:21:20,6.6,0.0,1,660,卖盘,600403,2025-10-17 22:46:17
13:21:26,6.6,0.0,20,13200,卖盘,600403,2025-10-17 22:46:17
13:21:29,6.6,0.0,10,6600,卖盘,600403,2025-10-17 22:46:17
13:21:32,6.6,0.0,1,660,卖盘,600403,2025-10-17 22:46:17
13:21:38,6.6,0.0,8,5280,卖盘,600403,2025-10-17 22:46:17
13:21:41,6.6,0.0,20,13200,卖盘,600403,2025-10-17 22:46:17
13:21:44,6.6,0.0,4,2640,卖盘,600403,2025-10-17 22:46:17
13:22:05,6.6,0.0,2,1320,卖盘,600403,2025-10-17 22:46:17
13:22:14,6.6,0.0,1,660,卖盘,600403,2025-10-17 22:46:17
13:22:17,6.6,0.0,6,3960,卖盘,600403,2025-10-17 22:46:17
13:22:29,6.6,0.0,10,6600,卖盘,600403,2025-10-17 22:46:17
13:22:35,6.6,0.0,22,14520,卖盘,600403,2025-10-17 22:46:17
13:22:38,6.6,0.0,3,1980,卖盘,600403,2025-10-17 22:46:17
13:22:44,6.6,0.0,70,46200,卖盘,600403,2025-10-17 22:46:17
13:22:47,6.6,0.0,6,3960,卖盘,600403,2025-10-17 22:46:17
13:22:53,6.6,0.0,1,660,卖盘,600403,2025-10-17 22:46:17
13:22:56,6.6,0.0,1,660,卖盘,600403,2025-10-17 22:46:17
13:22:59,6.6,0.0,1,660,卖盘,600403,2025-10-17 22:46:17
13:23:14,6.6,0.0,108,71280,卖盘,600403,2025-10-17 22:46:17
13:23:17,6.6,0.0,11,7260,卖盘,600403,2025-10-17 22:46:17
13:23:26,6.6,0.0,12,7920,卖盘,600403,2025-10-17 22:46:17
13:23:29,6.6,0.0,6,3960,卖盘,600403,2025-10-17 22:46:17
13:23:32,6.6,0.0,6,3960,卖盘,600403,2025-10-17 22:46:17
13:23:35,6.6,0.0,6,3960,卖盘,600403,2025-10-17 22:46:17
13:23:47,6.6,0.0,3,1980,卖盘,600403,2025-10-17 22:46:17
13:23:50,6.6,0.0,1,660,卖盘,600403,2025-10-17 22:46:17
13:23:53,6.6,0.0,47,31020,卖盘,600403,2025-10-17 22:46:17
13:23:59,6.6,0.0,2,1320,卖盘,600403,2025-10-17 22:46:17
13:24:05,6.6,0.0,1,660,卖盘,600403,2025-10-17 22:46:17
13:24:08,6.6,0.0,8,5280,卖盘,600403,2025-10-17 22:46:17
13:24:14,6.6,0.0,1287,849420,卖盘,600403,2025-10-17 22:46:17
13:24:17,6.6,0.0,1,660,卖盘,600403,2025-10-17 22:46:17
13:24:32,6.6,0.0,2,1320,卖盘,600403,2025-10-17 22:46:17
13:24:35,6.6,0.0,6,3960,卖盘,600403,2025-10-17 22:46:17
13:24:38,6.6,0.0,5,3300,卖盘,600403,2025-10-17 22:46:17
13:24:53,6.6,0.0,3,1980,卖盘,600403,2025-10-17 22:46:17
13:24:59,6.6,0.0,35,23100,卖盘,600403,2025-10-17 22:46:17
13:25:02,6.6,0.0,5,3300,卖盘,600403,2025-10-17 22:46:17
13:25:11,6.6,0.0,1,660,卖盘,600403,2025-10-17 22:46:17
13:25:20,6.6,0.0,1,660,卖盘,600403,2025-10-17 22:46:17
13:25:35,6.6,0.0,3,1980,卖盘,600403,2025-10-17 22:46:17
13:25:44,6.6,0.0,116,76560,卖盘,600403,2025-10-17 22:46:17
13:25:59,6.6,0.0,5,3300,卖盘,600403,2025-10-17 22:46:17
13:26:02,6.6,0.0,3,1980,卖盘,600403,2025-10-17 22:46:17
13:26:05,6.6,0.0,20,13200,卖盘,600403,2025-10-17 22:46:17
13:26:08,6.6,0.0,10,6600,卖盘,600403,2025-10-17 22:46:17
13:26:20,6.6,0.0,4,2640,卖盘,600403,2025-10-17 22:46:17
13:26:23,6.6,0.0,1,660,卖盘,600403,2025-10-17 22:46:17
13:26:26,6.6,0.0,27,17820,卖盘,600403,2025-10-17 22:46:17
13:26:32,6.6,0.0,30,19800,卖盘,600403,2025-10-17 22:46:17
13:26:50,6.6,0.0,62,40920,卖盘,600403,2025-10-17 22:46:17
13:26:53,6.6,0.0,6,3960,卖盘,600403,2025-10-17 22:46:17
13:26:59,6.6,0.0,15,9900,卖盘,600403,2025-10-17 22:46:17
13:27:20,6.6,0.0,3,1980,卖盘,600403,2025-10-17 22:46:17
13:27:26,6.6,0.0,2,1320,卖盘,600403,2025-10-17 22:46:17
13:27:41,6.6,0.0,1,660,卖盘,600403,2025-10-17 22:46:17
13:27:44,6.6,0.0,20,13200,卖盘,600403,2025-10-17 22:46:17
13:27:50,6.6,0.0,21,13860,卖盘,600403,2025-10-17 22:46:17
13:27:56,6.6,0.0,1,660,卖盘,600403,2025-10-17 22:46:17
13:28:02,6.6,0.0,36,23760,卖盘,600403,2025-10-17 22:46:17
13:28:05,6.6,0.0,7,4620,卖盘,600403,2025-10-17 22:46:17
13:28:20,6.6,0.0,8,5280,卖盘,600403,2025-10-17 22:46:17
13:28:29,6.6,0.0,31,20460,卖盘,600403,2025-10-17 22:46:17
13:28:35,6.6,0.0,19,12540,卖盘,600403,2025-10-17 22:46:17
13:28:41,6.6,0.0,2,1320,卖盘,600403,2025-10-17 22:46:17
13:28:47,6.6,0.0,10,6600,卖盘,600403,2025-10-17 22:46:17
13:28:50,6.6,0.0,5,3300,卖盘,600403,2025-10-17 22:46:17
13:28:56,6.6,0.0,1,660,卖盘,600403,2025-10-17 22:46:17
13:29:11,6.6,0.0,16,10560,卖盘,600403,2025-10-17 22:46:17
13:29:14,6.6,0.0,173,114180,卖盘,600403,2025-10-17 22:46:17
13:29:26,6.6,0.0,10,6600,卖盘,600403,2025-10-17 22:46:17
13:29:29,6.6,0.0,1,660,卖盘,600403,2025-10-17 22:46:17
13:29:35,6.6,0.0,10,6600,卖盘,600403,2025-10-17 22:46:17
13:29:41,6.6,0.0,20,13200,卖盘,600403,2025-10-17 22:46:17
13:29:44,6.6,0.0,5,3300,卖盘,600403,2025-10-17 22:46:17
13:29:50,6.6,0.0,34,22440,卖盘,600403,2025-10-17 22:46:17
13:29:59,6.6,0.0,2,1320,卖盘,600403,2025-10-17 22:46:17
13:30:02,6.6,0.0,2,1320,卖盘,600403,2025-10-17 22:46:17
13:30:11,6.6,0.0,1,660,卖盘,600403,2025-10-17 22:46:17
13:30:20,6.6,0.0,6,3960,卖盘,600403,2025-10-17 22:46:17
13:30:26,6.6,0.0,1,660,卖盘,600403,2025-10-17 22:46:17
13:30:56,6.6,0.0,4,2640,卖盘,600403,2025-10-17 22:46:17
13:31:05,6.6,0.0,3,1980,卖盘,600403,2025-10-17 22:46:17
13:31:11,6.6,0.0,20,13200,卖盘,600403,2025-10-17 22:46:17
13:31:20,6.6,0.0,1,660,卖盘,600403,2025-10-17 22:46:17
13:31:23,6.6,0.0,10,6600,卖盘,600403,2025-10-17 22:46:17
13:31:29,6.6,0.0,1,660,卖盘,600403,2025-10-17 22:46:17
13:31:32,6.6,0.0,6,3960,卖盘,600403,2025-10-17 22:46:17
13:31:38,6.6,0.0,1,660,卖盘,600403,2025-10-17 22:46:17
13:31:44,6.6,0.0,10,6600,卖盘,600403,2025-10-17 22:46:17
13:31:50,6.6,0.0,32,21120,卖盘,600403,2025-10-17 22:46:17
13:32:11,6.6,0.0,22,14520,卖盘,600403,2025-10-17 22:46:17
13:32:17,6.6,0.0,1,660,卖盘,600403,2025-10-17 22:46:17
13:32:23,6.6,0.0,8,5280,卖盘,600403,2025-10-17 22:46:17
13:32:26,6.6,0.0,1,660,卖盘,600403,2025-10-17 22:46:17
13:32:32,6.6,0.0,2,1320,卖盘,600403,2025-10-17 22:46:17
13:32:35,6.6,0.0,3,1980,卖盘,600403,2025-10-17 22:46:17
13:32:38,6.6,0.0,6,3960,卖盘,600403,2025-10-17 22:46:17
13:32:47,6.6,0.0,21,13860,卖盘,600403,2025-10-17 22:46:17
13:33:05,6.6,0.0,14,9240,卖盘,600403,2025-10-17 22:46:17
13:33:17,6.6,0.0,2,1320,卖盘,600403,2025-10-17 22:46:17
13:33:20,6.6,0.0,20,13200,卖盘,600403,2025-10-17 22:46:17
13:33:26,6.6,0.0,3,1980,卖盘,600403,2025-10-17 22:46:17
13:33:29,6.6,0.0,2,1320,卖盘,600403,2025-10-17 22:46:17
13:33:47,6.6,0.0,6,3960,卖盘,600403,2025-10-17 22:46:17
13:33:50,6.6,0.0,3,1980,卖盘,600403,2025-10-17 22:46:17
13:33:59,6.6,0.0,1,660,卖盘,600403,2025-10-17 22:46:17
13:34:02,6.6,0.0,13,8580,卖盘,600403,2025-10-17 22:46:17
13:34:08,6.6,0.0,1,660,卖盘,600403,2025-10-17 22:46:17
13:34:14,6.6,0.0,20,13200,卖盘,600403,2025-10-17 22:46:17
13:34:17,6.6,0.0,20,13200,卖盘,600403,2025-10-17 22:46:17
13:34:26,6.6,0.0,1,660,卖盘,600403,2025-10-17 22:46:17
13:34:32,6.6,0.0,1,660,卖盘,600403,2025-10-17 22:46:17
13:34:38,6.6,0.0,4,2640,卖盘,600403,2025-10-17 22:46:17
13:34:50,6.6,0.0,12,7920,卖盘,600403,2025-10-17 22:46:17
13:34:56,6.6,0.0,6,3960,卖盘,600403,2025-10-17 22:46:17
13:35:02,6.6,0.0,3,1980,卖盘,600403,2025-10-17 22:46:17
13:35:14,6.6,0.0,1,660,卖盘,600403,2025-10-17 22:46:17
13:35:26,6.6,0.0,12,7920,卖盘,600403,2025-10-17 22:46:17
13:35:38,6.6,0.0,5,3300,卖盘,600403,2025-10-17 22:46:17
13:35:44,6.6,0.0,3,1980,卖盘,600403,2025-10-17 22:46:17
13:35:56,6.6,0.0,4,2640,卖盘,600403,2025-10-17 22:46:17
13:36:08,6.6,0.0,11,7260,卖盘,600403,2025-10-17 22:46:17
13:36:32,6.6,0.0,5,3300,卖盘,600403,2025-10-17 22:46:17
13:36:35,6.6,0.0,11,7260,卖盘,600403,2025-10-17 22:46:17
13:36:38,6.6,0.0,36,23760,卖盘,600403,2025-10-17 22:46:17
13:36:47,6.6,0.0,37,24420,卖盘,600403,2025-10-17 22:46:17
13:37:02,6.6,0.0,8,5280,卖盘,600403,2025-10-17 22:46:17
13:37:08,6.6,0.0,3,1980,卖盘,600403,2025-10-17 22:46:17
13:37:11,6.6,0.0,3,1980,卖盘,600403,2025-10-17 22:46:17
13:37:14,6.6,0.0,6,3960,卖盘,600403,2025-10-17 22:46:17
13:37:23,6.6,0.0,15,9900,卖盘,600403,2025-10-17 22:46:17
13:37:44,6.6,0.0,6,3960,卖盘,600403,2025-10-17 22:46:17
13:37:47,6.6,0.0,2,1320,卖盘,600403,2025-10-17 22:46:17
13:37:50,6.6,0.0,8,5280,卖盘,600403,2025-10-17 22:46:17
13:37:59,6.6,0.0,3,1980,卖盘,600403,2025-10-17 22:46:17
13:38:02,6.6,0.0,4,2640,卖盘,600403,2025-10-17 22:46:17
13:38:14,6.6,0.0,9,5940,卖盘,600403,2025-10-17 22:46:17
13:38:17,6.6,0.0,13,8580,卖盘,600403,2025-10-17 22:46:17
13:38:20,6.6,0.0,23,15180,卖盘,600403,2025-10-17 22:46:17
13:38:23,6.6,0.0,20,13200,卖盘,600403,2025-10-17 22:46:17
13:38:26,6.6,0.0,6,3960,卖盘,600403,2025-10-17 22:46:17
13:38:29,6.6,0.0,1,660,卖盘,600403,2025-10-17 22:46:17
13:38:35,6.6,0.0,3,1980,卖盘,600403,2025-10-17 22:46:17
