时间,成交价,价格变动,成交量,成交额,买卖盘性质,股票代码,采集时间
09:25:02,6.36,0.0,71528,45491617,卖盘,600748,2025-10-17 22:52:29
09:30:02,6.36,0.0,750,477000,卖盘,600748,2025-10-17 22:52:29
09:30:05,6.36,0.0,13546,8615002,卖盘,600748,2025-10-17 22:52:29
09:30:08,6.35,-0.01,17507,11128317,卖盘,600748,2025-10-17 22:52:29
09:30:11,6.35,0.0,7292,4628648,买盘,600748,2025-10-17 22:52:29
09:30:14,6.35,0.0,3816,2422561,买盘,600748,2025-10-17 22:52:29
09:30:17,6.29,-0.06,8131,5147907,卖盘,600748,2025-10-17 22:52:29
09:30:20,6.28,-0.01,5159,3244453,卖盘,600748,2025-10-17 22:52:29
09:30:23,6.18,-0.1,4174,2598100,卖盘,600748,2025-10-17 22:52:29
09:30:26,6.25,0.07,4801,3014412,买盘,600748,2025-10-17 22:52:29
09:30:29,6.2,-0.05,602,374009,中性盘,600748,2025-10-17 22:52:29
09:30:32,6.15,-0.05,2292,1414718,卖盘,600748,2025-10-17 22:52:29
09:30:35,6.2,0.05,3566,2207945,买盘,600748,2025-10-17 22:52:29
09:30:38,6.18,-0.02,3941,2429376,买盘,600748,2025-10-17 22:52:29
09:30:41,6.16,-0.02,5515,3395504,卖盘,600748,2025-10-17 22:52:29
09:30:44,6.19,0.03,7345,4526290,买盘,600748,2025-10-17 22:52:29
09:30:47,6.18,-0.01,4357,2692382,卖盘,600748,2025-10-17 22:52:29
09:30:50,6.26,0.08,6081,3775298,买盘,600748,2025-10-17 22:52:29
09:30:53,6.32,0.06,3355,2107131,买盘,600748,2025-10-17 22:52:29
09:30:56,6.33,0.01,5587,3526452,买盘,600748,2025-10-17 22:52:29
09:30:59,6.35,0.02,4099,2599279,买盘,600748,2025-10-17 22:52:29
09:31:02,6.36,0.01,8105,5151423,买盘,600748,2025-10-17 22:52:29
09:31:05,6.36,0.0,18896,12014608,买盘,600748,2025-10-17 22:52:29
09:31:08,6.36,0.0,12315,7829792,买盘,600748,2025-10-17 22:52:29
09:31:11,6.36,0.0,1372,872338,卖盘,600748,2025-10-17 22:52:29
09:31:14,6.36,0.0,609,387324,卖盘,600748,2025-10-17 22:52:29
09:31:17,6.36,0.0,484,307824,卖盘,600748,2025-10-17 22:52:29
09:31:20,6.36,0.0,2893,1839948,卖盘,600748,2025-10-17 22:52:29
09:31:23,6.36,0.0,143,90948,卖盘,600748,2025-10-17 22:52:29
09:31:26,6.36,0.0,167,106212,卖盘,600748,2025-10-17 22:52:29
09:31:29,6.36,0.0,343,218148,卖盘,600748,2025-10-17 22:52:29
09:31:32,6.36,0.0,489,311004,卖盘,600748,2025-10-17 22:52:29
09:31:35,6.36,0.0,228,145008,卖盘,600748,2025-10-17 22:52:29
09:31:38,6.36,0.0,114,72504,卖盘,600748,2025-10-17 22:52:29
09:31:41,6.36,0.0,5175,3291300,卖盘,600748,2025-10-17 22:52:29
09:31:44,6.36,0.0,547,347892,卖盘,600748,2025-10-17 22:52:29
09:31:47,6.36,0.0,285,181260,卖盘,600748,2025-10-17 22:52:29
09:31:50,6.36,0.0,822,522792,卖盘,600748,2025-10-17 22:52:29
09:31:53,6.36,0.0,52,33072,卖盘,600748,2025-10-17 22:52:29
09:31:56,6.36,0.0,72,45792,卖盘,600748,2025-10-17 22:52:29
09:31:59,6.36,0.0,41,26076,卖盘,600748,2025-10-17 22:52:29
09:32:02,6.36,0.0,78,49608,卖盘,600748,2025-10-17 22:52:29
09:32:05,6.36,0.0,207,131652,卖盘,600748,2025-10-17 22:52:29
09:32:08,6.36,0.0,16,10176,卖盘,600748,2025-10-17 22:52:29
09:32:11,6.36,0.0,535,340260,卖盘,600748,2025-10-17 22:52:29
09:32:14,6.36,0.0,10051,6392436,卖盘,600748,2025-10-17 22:52:29
09:32:17,6.36,0.0,202,128472,卖盘,600748,2025-10-17 22:52:29
09:32:20,6.36,0.0,11,6996,卖盘,600748,2025-10-17 22:52:29
09:32:23,6.36,0.0,237,150732,卖盘,600748,2025-10-17 22:52:29
09:32:26,6.36,0.0,104,66144,卖盘,600748,2025-10-17 22:52:29
09:32:29,6.36,0.0,994,632184,卖盘,600748,2025-10-17 22:52:29
09:32:32,6.36,0.0,6,3816,卖盘,600748,2025-10-17 22:52:29
09:32:34,6.36,0.0,42,26712,卖盘,600748,2025-10-17 22:52:29
09:32:38,6.36,0.0,114,72504,卖盘,600748,2025-10-17 22:52:29
09:32:41,6.36,0.0,10145,6452220,卖盘,600748,2025-10-17 22:52:29
09:32:44,6.36,0.0,168,106848,卖盘,600748,2025-10-17 22:52:29
09:32:47,6.36,0.0,1907,1212852,卖盘,600748,2025-10-17 22:52:29
09:32:50,6.36,0.0,10442,6641112,卖盘,600748,2025-10-17 22:52:29
09:32:53,6.36,0.0,11391,7244676,卖盘,600748,2025-10-17 22:52:29
09:32:56,6.36,0.0,4070,2588520,卖盘,600748,2025-10-17 22:52:29
09:32:59,6.34,-0.02,38056,24197003,卖盘,600748,2025-10-17 22:52:29
09:33:02,6.34,0.0,2786,1764297,卖盘,600748,2025-10-17 22:52:29
09:33:05,6.28,-0.06,10729,6808700,卖盘,600748,2025-10-17 22:52:29
09:33:08,6.2,-0.08,1690,1055539,卖盘,600748,2025-10-17 22:52:29
09:33:11,6.24,0.04,796,496610,买盘,600748,2025-10-17 22:52:29
09:33:14,6.25,0.01,1943,1215488,买盘,600748,2025-10-17 22:52:29
09:33:17,6.28,0.03,1428,894538,买盘,600748,2025-10-17 22:52:29
09:33:20,6.29,0.01,1131,710862,买盘,600748,2025-10-17 22:52:29
09:33:23,6.29,0.0,2967,1865147,卖盘,600748,2025-10-17 22:52:29
09:33:26,6.34,0.05,4763,2994156,买盘,600748,2025-10-17 22:52:29
09:33:29,6.35,0.01,2525,1595017,买盘,600748,2025-10-17 22:52:29
09:33:32,6.36,0.01,3584,2274030,买盘,600748,2025-10-17 22:52:29
09:33:35,6.36,0.0,4695,2983331,买盘,600748,2025-10-17 22:52:29
09:33:38,6.36,0.0,9782,6220717,买盘,600748,2025-10-17 22:52:29
09:33:41,6.36,0.0,2214,1407795,买盘,600748,2025-10-17 22:52:29
09:33:44,6.36,0.0,591,375876,卖盘,600748,2025-10-17 22:52:29
09:33:47,6.36,0.0,1413,898668,卖盘,600748,2025-10-17 22:52:29
09:33:50,6.36,0.0,4665,2966940,卖盘,600748,2025-10-17 22:52:29
09:33:53,6.36,0.0,3834,2438424,卖盘,600748,2025-10-17 22:52:29
09:33:56,6.36,0.0,1465,931467,卖盘,600748,2025-10-17 22:52:29
09:33:59,6.36,0.0,752,478272,卖盘,600748,2025-10-17 22:52:29
09:34:02,6.36,0.0,1720,1093920,卖盘,600748,2025-10-17 22:52:29
09:34:05,6.36,0.0,4615,2935140,卖盘,600748,2025-10-17 22:52:29
09:34:08,6.36,0.0,2054,1306344,卖盘,600748,2025-10-17 22:52:29
09:34:11,6.36,0.0,4090,2601450,卖盘,600748,2025-10-17 22:52:29
09:34:14,6.36,0.0,2257,1435013,卖盘,600748,2025-10-17 22:52:29
09:34:17,6.35,-0.01,321,204103,卖盘,600748,2025-10-17 22:52:29
09:34:20,6.36,0.01,623,395789,买盘,600748,2025-10-17 22:52:29
09:34:23,6.36,0.0,1749,1111554,买盘,600748,2025-10-17 22:52:29
09:34:26,6.35,-0.01,1880,1194791,卖盘,600748,2025-10-17 22:52:29
09:34:29,6.35,0.0,9193,5843478,买盘,600748,2025-10-17 22:52:29
09:34:32,6.35,0.0,881,558920,买盘,600748,2025-10-17 22:52:29
09:34:35,6.36,0.01,3026,1922311,买盘,600748,2025-10-17 22:52:29
09:34:38,6.36,0.0,1776,1129398,买盘,600748,2025-10-17 22:52:29
09:34:41,6.35,-0.01,2702,1717436,卖盘,600748,2025-10-17 22:52:29
09:34:44,6.36,0.01,2051,1304208,买盘,600748,2025-10-17 22:52:29
09:34:47,6.36,0.0,3703,2354643,买盘,600748,2025-10-17 22:52:29
09:34:50,6.36,0.0,1548,984400,买盘,600748,2025-10-17 22:52:29
09:34:53,6.36,0.0,10570,6722520,卖盘,600748,2025-10-17 22:52:29
09:34:56,6.36,0.0,1322,840792,卖盘,600748,2025-10-17 22:52:29
09:34:59,6.36,0.0,6395,4067183,卖盘,600748,2025-10-17 22:52:29
09:35:02,6.36,0.0,1711,1087419,买盘,600748,2025-10-17 22:52:29
09:35:05,6.36,0.0,446,283567,买盘,600748,2025-10-17 22:52:29
09:35:08,6.35,-0.01,1405,892660,卖盘,600748,2025-10-17 22:52:29
09:35:11,6.36,0.01,1422,904048,买盘,600748,2025-10-17 22:52:29
09:35:14,6.35,-0.01,1623,1030812,卖盘,600748,2025-10-17 22:52:29
09:35:17,6.34,-0.01,626,397239,卖盘,600748,2025-10-17 22:52:29
09:35:20,6.35,0.01,641,406663,买盘,600748,2025-10-17 22:52:29
09:35:23,6.34,-0.01,730,463368,卖盘,600748,2025-10-17 22:52:29
09:35:26,6.35,0.01,1778,1129540,买盘,600748,2025-10-17 22:52:29
09:35:29,6.35,0.0,1799,1142117,卖盘,600748,2025-10-17 22:52:29
09:35:32,6.35,0.0,1596,1014740,买盘,600748,2025-10-17 22:52:29
09:35:35,6.35,0.0,922,585585,卖盘,600748,2025-10-17 22:52:29
09:35:38,6.35,0.0,1511,958745,买盘,600748,2025-10-17 22:52:29
09:35:41,6.36,0.01,621,394468,买盘,600748,2025-10-17 22:52:29
09:35:44,6.36,0.0,899,571286,买盘,600748,2025-10-17 22:52:29
09:35:47,6.36,0.0,2248,1427628,买盘,600748,2025-10-17 22:52:29
09:35:50,6.35,-0.01,3603,2289831,卖盘,600748,2025-10-17 22:52:29
09:35:53,6.35,0.0,2393,1519558,买盘,600748,2025-10-17 22:52:29
09:35:56,6.35,0.0,758,480918,买盘,600748,2025-10-17 22:52:29
09:35:59,6.36,0.01,1159,736239,买盘,600748,2025-10-17 22:52:29
09:36:02,6.35,-0.01,1545,982020,卖盘,600748,2025-10-17 22:52:29
09:36:05,6.34,-0.01,663,420997,卖盘,600748,2025-10-17 22:52:29
09:36:08,6.35,0.01,1033,654948,买盘,600748,2025-10-17 22:52:29
09:36:11,6.33,-0.02,4420,2798260,卖盘,600748,2025-10-17 22:52:29
09:36:14,6.33,0.0,952,602369,买盘,600748,2025-10-17 22:52:29
09:36:17,6.31,-0.02,294,185790,卖盘,600748,2025-10-17 22:52:29
09:36:20,6.3,-0.01,395,249268,卖盘,600748,2025-10-17 22:52:29
09:36:23,6.25,-0.05,3353,2109690,卖盘,600748,2025-10-17 22:52:29
09:36:26,6.25,0.0,1106,691492,卖盘,600748,2025-10-17 22:52:29
09:36:29,6.27,0.02,2027,1267161,买盘,600748,2025-10-17 22:52:29
09:36:32,6.27,0.0,6396,4001094,买盘,600748,2025-10-17 22:52:29
09:36:35,6.26,-0.01,9464,5949952,卖盘,600748,2025-10-17 22:52:29
09:36:38,6.31,0.05,700,440178,中性盘,600748,2025-10-17 22:52:29
09:36:41,6.29,-0.02,200,125837,卖盘,600748,2025-10-17 22:52:29
09:36:44,6.32,0.03,950,598416,买盘,600748,2025-10-17 22:52:29
09:36:47,6.32,0.0,2491,1564383,买盘,600748,2025-10-17 22:52:29
09:36:50,6.32,0.0,789,498104,买盘,600748,2025-10-17 22:52:29
09:36:53,6.29,-0.03,1019,641834,卖盘,600748,2025-10-17 22:52:29
09:36:56,6.31,0.02,915,575828,买盘,600748,2025-10-17 22:52:29
09:36:59,6.29,-0.02,1023,643757,中性盘,600748,2025-10-17 22:52:29
09:37:02,6.26,-0.03,1571,986215,卖盘,600748,2025-10-17 22:52:29
09:37:05,6.26,0.0,1981,1244751,卖盘,600748,2025-10-17 22:52:29
09:37:08,6.29,0.03,2695,1686717,买盘,600748,2025-10-17 22:52:29
09:37:11,6.27,-0.02,800,501252,卖盘,600748,2025-10-17 22:52:29
09:37:14,6.27,0.0,1322,829713,买盘,600748,2025-10-17 22:52:29
09:37:17,6.26,-0.01,1913,1200202,卖盘,600748,2025-10-17 22:52:29
09:37:20,6.26,0.0,507,317339,买盘,600748,2025-10-17 22:52:29
09:37:23,6.26,0.0,903,565520,卖盘,600748,2025-10-17 22:52:29
09:37:26,6.26,0.0,1975,1235030,卖盘,600748,2025-10-17 22:52:29
09:37:29,6.24,-0.02,824,514776,卖盘,600748,2025-10-17 22:52:29
09:37:32,6.23,-0.01,1848,1152274,卖盘,600748,2025-10-17 22:52:29
09:37:35,6.24,0.01,934,583133,买盘,600748,2025-10-17 22:52:29
09:37:38,6.23,-0.01,719,447769,卖盘,600748,2025-10-17 22:52:29
09:37:41,6.22,-0.01,700,435540,卖盘,600748,2025-10-17 22:52:29
09:37:44,6.21,-0.01,2415,1501894,卖盘,600748,2025-10-17 22:52:29
09:37:47,6.21,0.0,1972,1223970,卖盘,600748,2025-10-17 22:52:29
09:37:50,6.21,0.0,2671,1657732,买盘,600748,2025-10-17 22:52:29
09:37:53,6.2,-0.01,1398,866603,卖盘,600748,2025-10-17 22:52:29
09:37:56,6.24,0.04,5197,3229634,买盘,600748,2025-10-17 22:52:29
09:37:59,6.26,0.02,3205,1997229,买盘,600748,2025-10-17 22:52:29
09:38:02,6.23,-0.03,958,598068,卖盘,600748,2025-10-17 22:52:29
09:38:05,6.26,0.03,884,551769,买盘,600748,2025-10-17 22:52:29
09:38:08,6.27,0.01,1421,889301,卖盘,600748,2025-10-17 22:52:29
09:38:11,6.27,0.0,634,396234,买盘,600748,2025-10-17 22:52:29
09:38:14,6.27,0.0,1541,963635,买盘,600748,2025-10-17 22:52:29
09:38:17,6.27,0.0,865,542322,买盘,600748,2025-10-17 22:52:29
09:38:20,6.27,0.0,480,300973,卖盘,600748,2025-10-17 22:52:29
09:38:23,6.28,0.01,186,116700,买盘,600748,2025-10-17 22:52:29
09:38:26,6.27,-0.01,806,505310,卖盘,600748,2025-10-17 22:52:29
09:38:29,6.29,0.02,787,494022,买盘,600748,2025-10-17 22:52:29
09:38:32,6.28,-0.01,743,466722,卖盘,600748,2025-10-17 22:52:29
09:38:35,6.29,0.01,627,394134,买盘,600748,2025-10-17 22:52:29
09:38:38,6.29,0.0,1208,760078,买盘,600748,2025-10-17 22:52:29
09:38:41,6.3,0.01,631,397330,买盘,600748,2025-10-17 22:52:29
09:38:44,6.32,0.02,627,395277,买盘,600748,2025-10-17 22:52:29
09:38:47,6.32,0.0,573,361400,买盘,600748,2025-10-17 22:52:29
09:38:50,6.32,0.0,3311,2082251,买盘,600748,2025-10-17 22:52:29
09:38:53,6.32,0.0,535,337929,买盘,600748,2025-10-17 22:52:29
09:38:56,6.32,0.0,1018,643224,买盘,600748,2025-10-17 22:52:29
09:38:59,6.32,0.0,711,449342,卖盘,600748,2025-10-17 22:52:29
09:39:02,6.32,0.0,676,427436,卖盘,600748,2025-10-17 22:52:29
09:39:05,6.33,0.01,1605,1014432,买盘,600748,2025-10-17 22:52:29
09:39:08,6.34,0.01,338,214159,买盘,600748,2025-10-17 22:52:29
09:39:11,6.33,-0.01,4507,2839927,卖盘,600748,2025-10-17 22:52:29
09:39:14,6.34,0.01,760,481484,买盘,600748,2025-10-17 22:52:29
09:39:17,6.35,0.01,1223,775565,买盘,600748,2025-10-17 22:52:29
09:39:20,6.35,0.0,1789,1134765,买盘,600748,2025-10-17 22:52:29
09:39:23,6.35,0.0,1296,822830,买盘,600748,2025-10-17 22:52:29
09:39:26,6.35,0.0,2647,1680973,买盘,600748,2025-10-17 22:52:29
09:39:29,6.36,0.01,2185,1387945,买盘,600748,2025-10-17 22:52:29
09:39:32,6.35,-0.01,1574,1000997,卖盘,600748,2025-10-17 22:52:29
09:39:35,6.36,0.01,1407,894678,买盘,600748,2025-10-17 22:52:29
09:39:38,6.36,0.0,1006,639607,买盘,600748,2025-10-17 22:52:29
09:39:41,6.36,0.0,2482,1578421,买盘,600748,2025-10-17 22:52:29
09:39:44,6.36,0.0,3240,2060389,买盘,600748,2025-10-17 22:52:29
09:39:47,6.36,0.0,4061,2581846,买盘,600748,2025-10-17 22:52:29
09:39:50,6.36,0.0,6716,4271253,买盘,600748,2025-10-17 22:52:29
09:39:53,6.36,0.0,4190,2664221,买盘,600748,2025-10-17 22:52:29
09:39:56,6.36,0.0,2486,1581075,买盘,600748,2025-10-17 22:52:29
09:39:59,6.36,0.0,978,622008,卖盘,600748,2025-10-17 22:52:29
09:40:02,6.36,0.0,241,153276,卖盘,600748,2025-10-17 22:52:29
09:40:05,6.36,0.0,34,21624,卖盘,600748,2025-10-17 22:52:29
09:40:08,6.36,0.0,172,109329,卖盘,600748,2025-10-17 22:52:29
09:40:11,6.36,0.0,58,36888,卖盘,600748,2025-10-17 22:52:29
09:40:14,6.36,0.0,99,62964,卖盘,600748,2025-10-17 22:52:29
09:40:17,6.36,0.0,146,92856,卖盘,600748,2025-10-17 22:52:29
09:40:20,6.36,0.0,398,253128,卖盘,600748,2025-10-17 22:52:29
09:40:23,6.36,0.0,146,92856,卖盘,600748,2025-10-17 22:52:29
09:40:26,6.36,0.0,122,77592,卖盘,600748,2025-10-17 22:52:29
09:40:29,6.36,0.0,119,75684,卖盘,600748,2025-10-17 22:52:29
09:40:32,6.36,0.0,159,101124,卖盘,600748,2025-10-17 22:52:29
09:40:35,6.36,0.0,301,191436,卖盘,600748,2025-10-17 22:52:29
09:40:38,6.36,0.0,100,63600,卖盘,600748,2025-10-17 22:52:29
09:40:41,6.36,0.0,1023,650628,卖盘,600748,2025-10-17 22:52:29
09:40:44,6.36,0.0,132,83952,卖盘,600748,2025-10-17 22:52:29
09:40:47,6.36,0.0,6,3816,卖盘,600748,2025-10-17 22:52:29
09:40:50,6.36,0.0,420,267120,卖盘,600748,2025-10-17 22:52:29
09:40:53,6.36,0.0,88,55968,卖盘,600748,2025-10-17 22:52:29
09:40:56,6.36,0.0,50,31800,卖盘,600748,2025-10-17 22:52:29
09:40:59,6.36,0.0,100,63600,卖盘,600748,2025-10-17 22:52:29
09:41:02,6.36,0.0,31,19716,卖盘,600748,2025-10-17 22:52:29
09:41:05,6.36,0.0,30,19080,卖盘,600748,2025-10-17 22:52:29
09:41:08,6.36,0.0,4,2544,卖盘,600748,2025-10-17 22:52:29
09:41:11,6.36,0.0,10,6360,卖盘,600748,2025-10-17 22:52:29
09:41:14,6.36,0.0,138,87768,卖盘,600748,2025-10-17 22:52:29
09:41:17,6.36,0.0,363,230868,卖盘,600748,2025-10-17 22:52:29
09:41:20,6.36,0.0,102,64872,卖盘,600748,2025-10-17 22:52:29
09:41:23,6.36,0.0,17,10812,卖盘,600748,2025-10-17 22:52:29
09:41:26,6.36,0.0,300,190800,卖盘,600748,2025-10-17 22:52:29
09:41:29,6.36,0.0,167,106212,卖盘,600748,2025-10-17 22:52:29
09:41:32,6.36,0.0,57,36252,卖盘,600748,2025-10-17 22:52:29
09:41:35,6.36,0.0,1476,938736,卖盘,600748,2025-10-17 22:52:29
09:41:38,6.36,0.0,21,13356,卖盘,600748,2025-10-17 22:52:29
09:41:41,6.36,0.0,350,222600,卖盘,600748,2025-10-17 22:52:29
09:41:44,6.36,0.0,14,8904,卖盘,600748,2025-10-17 22:52:29
09:41:50,6.36,0.0,206,131016,卖盘,600748,2025-10-17 22:52:29
09:41:53,6.36,0.0,4010,2550360,卖盘,600748,2025-10-17 22:52:29
09:42:02,6.36,0.0,222,141192,卖盘,600748,2025-10-17 22:52:29
09:42:05,6.36,0.0,20,12720,卖盘,600748,2025-10-17 22:52:29
09:42:08,6.36,0.0,123,78228,卖盘,600748,2025-10-17 22:52:29
09:42:11,6.36,0.0,25,15900,卖盘,600748,2025-10-17 22:52:29
09:42:14,6.36,0.0,145,92220,卖盘,600748,2025-10-17 22:52:29
09:42:17,6.36,0.0,10,6360,卖盘,600748,2025-10-17 22:52:29
09:42:20,6.36,0.0,961,611196,卖盘,600748,2025-10-17 22:52:29
09:42:23,6.36,0.0,11,6996,卖盘,600748,2025-10-17 22:52:29
09:42:26,6.36,0.0,125,79500,卖盘,600748,2025-10-17 22:52:29
09:42:29,6.36,0.0,200,127200,卖盘,600748,2025-10-17 22:52:29
09:42:32,6.36,0.0,6,3816,卖盘,600748,2025-10-17 22:52:29
09:42:35,6.36,0.0,1110,705960,卖盘,600748,2025-10-17 22:52:29
09:42:38,6.36,0.0,655,416580,卖盘,600748,2025-10-17 22:52:29
09:42:41,6.36,0.0,248,157728,卖盘,600748,2025-10-17 22:52:29
09:42:44,6.36,0.0,2547,1619892,卖盘,600748,2025-10-17 22:52:29
09:42:47,6.36,0.0,274,174264,卖盘,600748,2025-10-17 22:52:29
09:42:50,6.36,0.0,100,63600,卖盘,600748,2025-10-17 22:52:29
09:42:53,6.36,0.0,418,265848,卖盘,600748,2025-10-17 22:52:29
09:42:56,6.36,0.0,66,41976,卖盘,600748,2025-10-17 22:52:29
09:42:59,6.36,0.0,1261,801996,卖盘,600748,2025-10-17 22:52:29
09:43:02,6.36,0.0,1035,658260,卖盘,600748,2025-10-17 22:52:29
09:43:05,6.36,0.0,1560,992160,卖盘,600748,2025-10-17 22:52:29
09:43:08,6.36,0.0,21,13356,卖盘,600748,2025-10-17 22:52:29
09:43:11,6.36,0.0,7,4452,卖盘,600748,2025-10-17 22:52:29
09:43:14,6.36,0.0,20,12720,卖盘,600748,2025-10-17 22:52:29
09:43:17,6.36,0.0,539,342486,卖盘,600748,2025-10-17 22:52:29
09:43:20,6.36,0.0,12,7632,卖盘,600748,2025-10-17 22:52:29
09:43:23,6.36,0.0,55,34980,卖盘,600748,2025-10-17 22:52:29
09:43:29,6.36,0.0,130,82680,卖盘,600748,2025-10-17 22:52:29
09:43:32,6.36,0.0,5,3180,卖盘,600748,2025-10-17 22:52:29
09:43:35,6.36,0.0,21,13356,卖盘,600748,2025-10-17 22:52:29
09:43:38,6.36,0.0,39,24804,卖盘,600748,2025-10-17 22:52:29
09:43:41,6.36,0.0,39,24804,卖盘,600748,2025-10-17 22:52:29
09:43:47,6.36,0.0,15,9540,卖盘,600748,2025-10-17 22:52:29
09:43:50,6.36,0.0,87,55332,卖盘,600748,2025-10-17 22:52:29
09:43:53,6.36,0.0,79,50244,卖盘,600748,2025-10-17 22:52:29
09:43:56,6.36,0.0,479,304644,卖盘,600748,2025-10-17 22:52:29
09:44:02,6.36,0.0,32,20352,卖盘,600748,2025-10-17 22:52:29
09:44:05,6.36,0.0,322,204792,卖盘,600748,2025-10-17 22:52:29
09:44:08,6.36,0.0,16,10176,卖盘,600748,2025-10-17 22:52:29
09:44:11,6.36,0.0,333,211788,卖盘,600748,2025-10-17 22:52:29
09:44:14,6.36,0.0,10,6360,卖盘,600748,2025-10-17 22:52:29
09:44:17,6.36,0.0,58,36888,卖盘,600748,2025-10-17 22:52:29
09:44:23,6.36,0.0,53,33708,卖盘,600748,2025-10-17 22:52:29
09:44:26,6.36,0.0,38,24168,卖盘,600748,2025-10-17 22:52:29
09:44:29,6.36,0.0,50,31800,卖盘,600748,2025-10-17 22:52:29
09:44:32,6.36,0.0,144,91584,卖盘,600748,2025-10-17 22:52:29
09:44:35,6.36,0.0,5,3180,卖盘,600748,2025-10-17 22:52:29
09:44:44,6.36,0.0,10,6360,卖盘,600748,2025-10-17 22:52:29
09:44:47,6.36,0.0,100,63600,卖盘,600748,2025-10-17 22:52:29
09:44:53,6.36,0.0,169,107611,卖盘,600748,2025-10-17 22:52:29
09:44:56,6.36,0.0,5,3371,卖盘,600748,2025-10-17 22:52:29
09:45:02,6.36,0.0,85,54060,卖盘,600748,2025-10-17 22:52:29
09:45:05,6.36,0.0,31,19716,卖盘,600748,2025-10-17 22:52:29
09:45:08,6.36,0.0,2,1272,卖盘,600748,2025-10-17 22:52:29
09:45:11,6.36,0.0,6,3816,卖盘,600748,2025-10-17 22:52:29
09:45:17,6.36,0.0,112,71232,卖盘,600748,2025-10-17 22:52:29
09:45:20,6.36,0.0,23,14628,卖盘,600748,2025-10-17 22:52:29
09:45:23,6.36,0.0,5,3180,卖盘,600748,2025-10-17 22:52:29
09:45:26,6.36,0.0,270,171720,卖盘,600748,2025-10-17 22:52:29
09:45:29,6.36,0.0,35,22260,卖盘,600748,2025-10-17 22:52:29
09:45:38,6.36,0.0,3,1908,卖盘,600748,2025-10-17 22:52:29
09:45:41,6.36,0.0,5,3180,卖盘,600748,2025-10-17 22:52:29
09:45:44,6.36,0.0,10,6360,卖盘,600748,2025-10-17 22:52:29
09:45:50,6.36,0.0,15,9540,卖盘,600748,2025-10-17 22:52:29
09:45:53,6.36,0.0,31,19716,卖盘,600748,2025-10-17 22:52:29
09:45:56,6.36,0.0,254,161544,卖盘,600748,2025-10-17 22:52:29
09:45:59,6.36,0.0,75,47827,卖盘,600748,2025-10-17 22:52:29
09:46:05,6.36,0.0,233,148188,卖盘,600748,2025-10-17 22:52:29
09:46:08,6.36,0.0,33,20988,卖盘,600748,2025-10-17 22:52:29
09:46:11,6.36,0.0,1,636,卖盘,600748,2025-10-17 22:52:29
09:46:14,6.36,0.0,150,95400,卖盘,600748,2025-10-17 22:52:29
09:46:17,6.36,0.0,1127,716772,卖盘,600748,2025-10-17 22:52:29
09:46:20,6.36,0.0,1308,831888,卖盘,600748,2025-10-17 22:52:29
09:46:23,6.36,0.0,50,31800,卖盘,600748,2025-10-17 22:52:29
09:46:29,6.36,0.0,47,29892,卖盘,600748,2025-10-17 22:52:29
09:46:32,6.36,0.0,108,68688,卖盘,600748,2025-10-17 22:52:29
09:46:35,6.36,0.0,1144,727584,卖盘,600748,2025-10-17 22:52:29
09:46:38,6.36,0.0,207,131652,卖盘,600748,2025-10-17 22:52:29
09:46:44,6.36,0.0,300,190800,卖盘,600748,2025-10-17 22:52:29
09:46:47,6.36,0.0,178,112953,卖盘,600748,2025-10-17 22:52:29
09:46:50,6.36,0.0,22,13992,卖盘,600748,2025-10-17 22:52:29
09:46:53,6.36,0.0,1,636,卖盘,600748,2025-10-17 22:52:29
09:46:56,6.36,0.0,8452,5375472,卖盘,600748,2025-10-17 22:52:29
09:46:59,6.36,0.0,104,66335,卖盘,600748,2025-10-17 22:52:29
09:47:02,6.36,0.0,16835,10707060,卖盘,600748,2025-10-17 22:52:29
09:47:05,6.36,0.0,13329,8477117,卖盘,600748,2025-10-17 22:52:29
09:47:08,6.35,-0.01,2892,1839329,卖盘,600748,2025-10-17 22:52:29
09:47:11,6.35,0.0,3618,2300367,卖盘,600748,2025-10-17 22:52:29
09:47:14,6.31,-0.04,1950,1231890,卖盘,600748,2025-10-17 22:52:29
09:47:17,6.32,0.01,244,154012,中性盘,600748,2025-10-17 22:52:29
09:47:20,6.32,0.0,181,114189,买盘,600748,2025-10-17 22:52:29
09:47:23,6.3,-0.02,139,87618,卖盘,600748,2025-10-17 22:52:29
09:47:26,6.32,0.02,757,478327,买盘,600748,2025-10-17 22:52:29
09:47:29,6.32,0.0,223,141177,卖盘,600748,2025-10-17 22:52:29
09:47:32,6.33,0.01,672,425075,卖盘,600748,2025-10-17 22:52:29
09:47:35,6.34,0.01,738,467267,中性盘,600748,2025-10-17 22:52:29
09:47:38,6.34,0.0,693,439545,卖盘,600748,2025-10-17 22:52:29
09:47:41,6.33,-0.01,574,363963,卖盘,600748,2025-10-17 22:52:29
09:47:44,6.34,0.01,869,551558,卖盘,600748,2025-10-17 22:52:29
09:47:47,6.35,0.01,284,180155,买盘,600748,2025-10-17 22:52:29
09:47:50,6.35,0.0,511,324169,买盘,600748,2025-10-17 22:52:29
09:47:53,6.35,0.0,747,474246,买盘,600748,2025-10-17 22:52:29
09:47:56,6.35,0.0,3070,1950659,卖盘,600748,2025-10-17 22:52:29
09:47:59,6.35,0.0,2460,1563763,卖盘,600748,2025-10-17 22:52:29
09:48:02,6.36,0.01,2319,1473484,买盘,600748,2025-10-17 22:52:29
09:48:05,6.36,0.0,715,454610,买盘,600748,2025-10-17 22:52:29
09:48:08,6.36,0.0,849,539870,买盘,600748,2025-10-17 22:52:29
09:48:11,6.36,0.0,967,615009,买盘,600748,2025-10-17 22:52:29
09:48:14,6.36,0.0,732,465717,买盘,600748,2025-10-17 22:52:29
09:48:17,6.36,0.0,976,620736,卖盘,600748,2025-10-17 22:52:29
09:48:20,6.36,0.0,444,282384,卖盘,600748,2025-10-17 22:52:29
09:48:23,6.36,0.0,357,227052,卖盘,600748,2025-10-17 22:52:29
09:48:26,6.36,0.0,1196,760338,卖盘,600748,2025-10-17 22:52:29
09:48:29,6.36,0.0,78,49608,卖盘,600748,2025-10-17 22:52:29
09:48:32,6.36,0.0,52,33072,卖盘,600748,2025-10-17 22:52:29
09:48:35,6.36,0.0,72,45792,卖盘,600748,2025-10-17 22:52:29
09:48:38,6.36,0.0,72,45792,卖盘,600748,2025-10-17 22:52:29
09:48:41,6.36,0.0,34,21624,卖盘,600748,2025-10-17 22:52:29
09:48:44,6.36,0.0,2081,1323516,卖盘,600748,2025-10-17 22:52:29
09:48:47,6.36,0.0,140,89040,卖盘,600748,2025-10-17 22:52:29
09:48:50,6.36,0.0,110,69960,卖盘,600748,2025-10-17 22:52:29
09:48:53,6.36,0.0,274,174264,卖盘,600748,2025-10-17 22:52:29
09:48:56,6.36,0.0,100,63600,卖盘,600748,2025-10-17 22:52:29
09:48:59,6.36,0.0,240,152640,卖盘,600748,2025-10-17 22:52:29
09:49:02,6.36,0.0,781,496716,卖盘,600748,2025-10-17 22:52:29
09:49:05,6.36,0.0,70,44775,卖盘,600748,2025-10-17 22:52:29
09:49:08,6.36,0.0,16,10176,卖盘,600748,2025-10-17 22:52:29
09:49:11,6.36,0.0,164,104304,卖盘,600748,2025-10-17 22:52:29
09:49:14,6.36,0.0,66,41976,卖盘,600748,2025-10-17 22:52:29
09:49:17,6.36,0.0,11,6996,卖盘,600748,2025-10-17 22:52:29
09:49:20,6.36,0.0,282,179352,卖盘,600748,2025-10-17 22:52:29
09:49:23,6.36,0.0,21,13356,卖盘,600748,2025-10-17 22:52:29
09:49:26,6.36,0.0,200,127200,卖盘,600748,2025-10-17 22:52:29
09:49:29,6.36,0.0,81,51516,卖盘,600748,2025-10-17 22:52:29
09:49:32,6.36,0.0,61,38796,卖盘,600748,2025-10-17 22:52:29
09:49:35,6.36,0.0,160,101760,卖盘,600748,2025-10-17 22:52:29
09:49:41,6.36,0.0,72,45792,卖盘,600748,2025-10-17 22:52:29
09:49:44,6.36,0.0,30,19080,卖盘,600748,2025-10-17 22:52:29
09:49:47,6.36,0.0,31,19589,卖盘,600748,2025-10-17 22:52:29
09:49:50,6.36,0.0,16,10176,卖盘,600748,2025-10-17 22:52:29
09:49:53,6.36,0.0,40,25440,卖盘,600748,2025-10-17 22:52:29
09:49:59,6.36,0.0,37,23532,卖盘,600748,2025-10-17 22:52:29
09:50:02,6.36,0.0,5,3180,卖盘,600748,2025-10-17 22:52:29
09:50:08,6.36,0.0,127,80772,卖盘,600748,2025-10-17 22:52:29
09:50:11,6.36,0.0,22,13992,卖盘,600748,2025-10-17 22:52:29
09:50:14,6.36,0.0,6,3816,卖盘,600748,2025-10-17 22:52:29
09:50:17,6.36,0.0,101,64236,卖盘,600748,2025-10-17 22:52:29
09:50:20,6.36,0.0,101,64236,卖盘,600748,2025-10-17 22:52:29
09:50:23,6.36,0.0,53,33708,卖盘,600748,2025-10-17 22:52:29
09:50:26,6.36,0.0,28,17808,卖盘,600748,2025-10-17 22:52:29
09:50:29,6.36,0.0,36,22896,卖盘,600748,2025-10-17 22:52:29
09:50:38,6.36,0.0,301,191436,卖盘,600748,2025-10-17 22:52:29
09:50:41,6.36,0.0,2,1272,卖盘,600748,2025-10-17 22:52:29
09:50:53,6.36,0.0,124,78864,卖盘,600748,2025-10-17 22:52:29
09:50:56,6.36,0.0,18,11448,卖盘,600748,2025-10-17 22:52:29
09:50:59,6.36,0.0,5,3180,卖盘,600748,2025-10-17 22:52:29
09:51:02,6.36,0.0,105,66843,卖盘,600748,2025-10-17 22:52:29
09:51:08,6.36,0.0,202,128472,卖盘,600748,2025-10-17 22:52:29
09:51:11,6.36,0.0,1,636,卖盘,600748,2025-10-17 22:52:29
09:51:14,6.36,0.0,2,1272,卖盘,600748,2025-10-17 22:52:29
09:51:26,6.36,0.0,110,69960,卖盘,600748,2025-10-17 22:52:29
09:51:29,6.36,0.0,54,34344,卖盘,600748,2025-10-17 22:52:29
09:51:32,6.36,0.0,5,3180,卖盘,600748,2025-10-17 22:52:29
09:51:38,6.36,0.0,791,503076,卖盘,600748,2025-10-17 22:52:29
09:51:44,6.36,0.0,76,48336,卖盘,600748,2025-10-17 22:52:29
09:51:47,6.36,0.0,6,3816,卖盘,600748,2025-10-17 22:52:29
09:51:50,6.36,0.0,3,1908,卖盘,600748,2025-10-17 22:52:29
09:51:53,6.36,0.0,132,83952,卖盘,600748,2025-10-17 22:52:29
09:51:56,6.36,0.0,20,12720,卖盘,600748,2025-10-17 22:52:29
09:51:59,6.36,0.0,2,1272,卖盘,600748,2025-10-17 22:52:29
09:52:02,6.36,0.0,2,1272,卖盘,600748,2025-10-17 22:52:29
09:52:05,6.36,0.0,169,107484,卖盘,600748,2025-10-17 22:52:29
09:52:11,6.36,0.0,42,26712,卖盘,600748,2025-10-17 22:52:29
09:52:14,6.36,0.0,35,22260,卖盘,600748,2025-10-17 22:52:29
09:52:17,6.36,0.0,19,12084,卖盘,600748,2025-10-17 22:52:29
09:52:20,6.36,0.0,10,6360,卖盘,600748,2025-10-17 22:52:29
09:52:26,6.36,0.0,5,3180,卖盘,600748,2025-10-17 22:52:29
09:52:29,6.36,0.0,10,6360,卖盘,600748,2025-10-17 22:52:29
09:52:35,6.36,0.0,50,31800,卖盘,600748,2025-10-17 22:52:29
09:52:38,6.36,0.0,3,1908,卖盘,600748,2025-10-17 22:52:29
09:52:44,6.36,0.0,1,636,卖盘,600748,2025-10-17 22:52:29
09:52:47,6.36,0.0,300,190800,卖盘,600748,2025-10-17 22:52:29
09:52:53,6.36,0.0,26,16536,卖盘,600748,2025-10-17 22:52:29
09:52:56,6.36,0.0,21,13483,卖盘,600748,2025-10-17 22:52:29
09:52:59,6.36,0.0,10,6360,卖盘,600748,2025-10-17 22:52:29
09:53:02,6.36,0.0,100,63600,卖盘,600748,2025-10-17 22:52:29
09:53:11,6.36,0.0,100,63600,卖盘,600748,2025-10-17 22:52:29
09:53:17,6.36,0.0,2,1272,卖盘,600748,2025-10-17 22:52:29
09:53:23,6.36,0.0,40,25440,卖盘,600748,2025-10-17 22:52:29
09:53:32,6.36,0.0,5,3180,卖盘,600748,2025-10-17 22:52:29
09:53:38,6.36,0.0,12,7632,卖盘,600748,2025-10-17 22:52:29
09:53:47,6.36,0.0,15,9540,卖盘,600748,2025-10-17 22:52:29
09:53:50,6.36,0.0,300,190800,卖盘,600748,2025-10-17 22:52:29
09:53:59,6.36,0.0,41,26076,卖盘,600748,2025-10-17 22:52:29
09:54:02,6.36,0.0,8,5088,卖盘,600748,2025-10-17 22:52:29
09:54:08,6.36,0.0,16,10176,卖盘,600748,2025-10-17 22:52:29
09:54:20,6.36,0.0,10,6360,卖盘,600748,2025-10-17 22:52:29
09:54:23,6.36,0.0,10,6360,卖盘,600748,2025-10-17 22:52:29
09:54:29,6.36,0.0,105,66780,卖盘,600748,2025-10-17 22:52:29
09:54:32,6.36,0.0,569,361884,卖盘,600748,2025-10-17 22:52:29
09:54:35,6.36,0.0,4,2544,卖盘,600748,2025-10-17 22:52:29
09:54:38,6.36,0.0,2,1272,卖盘,600748,2025-10-17 22:52:29
09:54:44,6.36,0.0,4,2544,卖盘,600748,2025-10-17 22:52:29
09:54:50,6.36,0.0,40,25440,卖盘,600748,2025-10-17 22:52:29
09:55:02,6.36,0.0,32,20352,卖盘,600748,2025-10-17 22:52:29
09:55:11,6.36,0.0,3,1908,卖盘,600748,2025-10-17 22:52:29
09:55:23,6.36,0.0,23,14628,卖盘,600748,2025-10-17 22:52:29
09:55:26,6.36,0.0,7,4452,卖盘,600748,2025-10-17 22:52:29
09:55:32,6.36,0.0,30,19080,卖盘,600748,2025-10-17 22:52:29
09:55:44,6.36,0.0,1,636,卖盘,600748,2025-10-17 22:52:29
09:55:47,6.36,0.0,10,6360,卖盘,600748,2025-10-17 22:52:29
09:55:50,6.36,0.0,1,636,卖盘,600748,2025-10-17 22:52:29
09:55:53,6.36,0.0,30,19080,卖盘,600748,2025-10-17 22:52:29
09:55:59,6.36,0.0,30,19080,卖盘,600748,2025-10-17 22:52:29
09:56:11,6.36,0.0,40,25440,卖盘,600748,2025-10-17 22:52:29
09:56:17,6.36,0.0,19,12084,卖盘,600748,2025-10-17 22:52:29
09:56:20,6.36,0.0,10,6360,卖盘,600748,2025-10-17 22:52:29
09:56:32,6.36,0.0,513,326268,卖盘,600748,2025-10-17 22:52:29
09:56:47,6.36,0.0,21,13356,卖盘,600748,2025-10-17 22:52:29
09:56:50,6.36,0.0,60,38160,卖盘,600748,2025-10-17 22:52:29
09:57:02,6.36,0.0,68,43248,卖盘,600748,2025-10-17 22:52:29
09:57:08,6.36,0.0,21,13356,卖盘,600748,2025-10-17 22:52:29
09:57:17,6.36,0.0,1,636,卖盘,600748,2025-10-17 22:52:29
09:57:26,6.36,0.0,161,102396,卖盘,600748,2025-10-17 22:52:29
09:57:29,6.36,0.0,55,34980,卖盘,600748,2025-10-17 22:52:29
09:57:32,6.36,0.0,110,69960,卖盘,600748,2025-10-17 22:52:29
09:57:38,6.36,0.0,10,6360,卖盘,600748,2025-10-17 22:52:29
09:57:44,6.36,0.0,100,63600,卖盘,600748,2025-10-17 22:52:29
09:57:47,6.36,0.0,194,123384,卖盘,600748,2025-10-17 22:52:29
09:58:05,6.36,0.0,5,3180,卖盘,600748,2025-10-17 22:52:29
09:58:08,6.36,0.0,165,104940,卖盘,600748,2025-10-17 22:52:29
09:58:11,6.36,0.0,20,12720,卖盘,600748,2025-10-17 22:52:29
09:58:14,6.36,0.0,260,165360,卖盘,600748,2025-10-17 22:52:29
09:58:20,6.36,0.0,210,133560,卖盘,600748,2025-10-17 22:52:29
09:58:23,6.36,0.0,10,6360,卖盘,600748,2025-10-17 22:52:29
09:58:26,6.36,0.0,59,37524,卖盘,600748,2025-10-17 22:52:29
09:58:29,6.36,0.0,60,38160,卖盘,600748,2025-10-17 22:52:29
09:58:35,6.36,0.0,61,38796,卖盘,600748,2025-10-17 22:52:29
09:58:38,6.36,0.0,2,1272,卖盘,600748,2025-10-17 22:52:29
09:58:41,6.36,0.0,1,636,卖盘,600748,2025-10-17 22:52:29
09:58:44,6.36,0.0,1,636,卖盘,600748,2025-10-17 22:52:29
09:58:47,6.36,0.0,8,5088,卖盘,600748,2025-10-17 22:52:29
09:58:50,6.36,0.0,43,27348,卖盘,600748,2025-10-17 22:52:29
09:58:56,6.36,0.0,1,636,卖盘,600748,2025-10-17 22:52:29
09:59:02,6.36,0.0,54,34344,卖盘,600748,2025-10-17 22:52:29
09:59:05,6.36,0.0,314,199704,卖盘,600748,2025-10-17 22:52:29
09:59:08,6.36,0.0,5,3180,卖盘,600748,2025-10-17 22:52:29
09:59:11,6.36,0.0,37,23532,卖盘,600748,2025-10-17 22:52:29
09:59:14,6.36,0.0,216,137376,卖盘,600748,2025-10-17 22:52:29
09:59:17,6.36,0.0,288,183168,卖盘,600748,2025-10-17 22:52:29
09:59:20,6.36,0.0,5,3180,卖盘,600748,2025-10-17 22:52:29
09:59:23,6.36,0.0,8,5088,卖盘,600748,2025-10-17 22:52:29
09:59:26,6.36,0.0,300,190800,卖盘,600748,2025-10-17 22:52:29
09:59:29,6.36,0.0,241,153276,卖盘,600748,2025-10-17 22:52:29
09:59:35,6.36,0.0,1,636,卖盘,600748,2025-10-17 22:52:29
09:59:38,6.36,0.0,5,3180,卖盘,600748,2025-10-17 22:52:29
09:59:50,6.36,0.0,3,1908,卖盘,600748,2025-10-17 22:52:29
09:59:59,6.36,0.0,39,24804,卖盘,600748,2025-10-17 22:52:29
10:00:02,6.36,0.0,10,6360,卖盘,600748,2025-10-17 22:52:29
10:00:05,6.36,0.0,1,636,卖盘,600748,2025-10-17 22:52:29
10:00:11,6.36,0.0,13,8268,卖盘,600748,2025-10-17 22:52:29
10:00:17,6.36,0.0,352,223872,卖盘,600748,2025-10-17 22:52:29
10:00:23,6.36,0.0,500,318000,卖盘,600748,2025-10-17 22:52:29
10:00:26,6.36,0.0,10,6360,卖盘,600748,2025-10-17 22:52:29
10:00:35,6.36,0.0,50,31800,卖盘,600748,2025-10-17 22:52:29
10:00:38,6.36,0.0,24,15264,卖盘,600748,2025-10-17 22:52:29
10:00:53,6.36,0.0,28,17808,卖盘,600748,2025-10-17 22:52:29
10:01:02,6.36,0.0,5,3180,卖盘,600748,2025-10-17 22:52:29
10:01:05,6.36,0.0,21,13356,卖盘,600748,2025-10-17 22:52:29
10:01:11,6.36,0.0,5,3180,卖盘,600748,2025-10-17 22:52:29
10:01:14,6.36,0.0,150,95400,卖盘,600748,2025-10-17 22:52:29
10:01:20,6.36,0.0,256,162816,卖盘,600748,2025-10-17 22:52:29
10:01:26,6.36,0.0,235,149460,卖盘,600748,2025-10-17 22:52:29
10:01:32,6.36,0.0,26,16536,卖盘,600748,2025-10-17 22:52:29
10:01:35,6.36,0.0,4,2544,卖盘,600748,2025-10-17 22:52:29
10:01:38,6.36,0.0,60,38160,卖盘,600748,2025-10-17 22:52:29
10:01:41,6.36,0.0,180,114480,卖盘,600748,2025-10-17 22:52:29
10:01:44,6.36,0.0,14,8904,卖盘,600748,2025-10-17 22:52:29
10:01:50,6.36,0.0,5,3180,卖盘,600748,2025-10-17 22:52:29
10:01:53,6.36,0.0,5,3180,卖盘,600748,2025-10-17 22:52:29
10:01:59,6.36,0.0,310,197160,卖盘,600748,2025-10-17 22:52:29
10:02:05,6.36,0.0,14,8904,卖盘,600748,2025-10-17 22:52:29
10:02:14,6.36,0.0,11,6996,卖盘,600748,2025-10-17 22:52:29
10:02:17,6.36,0.0,243,154548,卖盘,600748,2025-10-17 22:52:29
10:02:23,6.36,0.0,1,636,卖盘,600748,2025-10-17 22:52:29
10:02:29,6.36,0.0,1,636,卖盘,600748,2025-10-17 22:52:29
10:02:35,6.36,0.0,1,636,卖盘,600748,2025-10-17 22:52:29
10:02:44,6.36,0.0,5,3180,卖盘,600748,2025-10-17 22:52:29
10:02:47,6.36,0.0,15,9540,卖盘,600748,2025-10-17 22:52:29
10:02:50,6.36,0.0,20,12720,卖盘,600748,2025-10-17 22:52:29
10:03:02,6.36,0.0,23,14628,卖盘,600748,2025-10-17 22:52:29
10:03:08,6.36,0.0,84,53424,卖盘,600748,2025-10-17 22:52:29
10:03:11,6.36,0.0,2,1272,卖盘,600748,2025-10-17 22:52:29
10:03:14,6.36,0.0,20,12720,卖盘,600748,2025-10-17 22:52:29
10:03:20,6.36,0.0,254,161544,卖盘,600748,2025-10-17 22:52:29
10:03:23,6.36,0.0,5,3180,卖盘,600748,2025-10-17 22:52:29
10:03:32,6.36,0.0,35,22260,卖盘,600748,2025-10-17 22:52:29
10:03:41,6.36,0.0,55,34980,卖盘,600748,2025-10-17 22:52:29
10:03:47,6.36,0.0,500,318000,卖盘,600748,2025-10-17 22:52:29
10:03:50,6.36,0.0,20,12720,卖盘,600748,2025-10-17 22:52:29
10:03:53,6.36,0.0,10,6360,卖盘,600748,2025-10-17 22:52:29
10:04:02,6.36,0.0,38,24168,卖盘,600748,2025-10-17 22:52:29
10:04:11,6.36,0.0,10,6360,卖盘,600748,2025-10-17 22:52:29
10:04:17,6.36,0.0,235,149460,卖盘,600748,2025-10-17 22:52:29
10:04:20,6.36,0.0,51,32436,卖盘,600748,2025-10-17 22:52:29
10:04:35,6.36,0.0,2,1272,卖盘,600748,2025-10-17 22:52:29
10:04:38,6.36,0.0,11,6996,卖盘,600748,2025-10-17 22:52:29
10:04:41,6.36,0.0,5,3180,卖盘,600748,2025-10-17 22:52:29
10:04:44,6.36,0.0,17,10812,卖盘,600748,2025-10-17 22:52:29
10:04:47,6.36,0.0,20,12720,卖盘,600748,2025-10-17 22:52:29
10:04:59,6.36,0.0,5,3180,卖盘,600748,2025-10-17 22:52:29
10:05:14,6.36,0.0,113,71868,卖盘,600748,2025-10-17 22:52:29
10:05:17,6.36,0.0,255,162180,卖盘,600748,2025-10-17 22:52:29
10:05:20,6.36,0.0,618,393048,卖盘,600748,2025-10-17 22:52:29
10:05:23,6.36,0.0,7,4452,卖盘,600748,2025-10-17 22:52:29
10:05:32,6.36,0.0,39,24804,卖盘,600748,2025-10-17 22:52:29
10:05:41,6.36,0.0,100,63600,卖盘,600748,2025-10-17 22:52:29
10:05:44,6.36,0.0,10,6360,卖盘,600748,2025-10-17 22:52:29
10:05:47,6.36,0.0,54,34344,卖盘,600748,2025-10-17 22:52:29
10:05:53,6.36,0.0,10041,6386076,卖盘,600748,2025-10-17 22:52:29
10:05:56,6.36,0.0,35,22260,卖盘,600748,2025-10-17 22:52:29
10:05:59,6.36,0.0,13,8268,卖盘,600748,2025-10-17 22:52:29
10:06:02,6.36,0.0,20,12720,卖盘,600748,2025-10-17 22:52:29
10:06:05,6.36,0.0,117,74412,卖盘,600748,2025-10-17 22:52:29
10:06:08,6.36,0.0,10039,6384804,卖盘,600748,2025-10-17 22:52:29
10:06:11,6.36,0.0,71,45156,卖盘,600748,2025-10-17 22:52:29
10:06:14,6.36,0.0,1201,763836,卖盘,600748,2025-10-17 22:52:29
10:06:17,6.36,0.0,717,456012,卖盘,600748,2025-10-17 22:52:29
10:06:20,6.36,0.0,10238,6511368,卖盘,600748,2025-10-17 22:52:29
10:06:23,6.36,0.0,4078,2593608,卖盘,600748,2025-10-17 22:52:29
10:06:26,6.36,0.0,2435,1548660,卖盘,600748,2025-10-17 22:52:29
10:06:29,6.36,0.0,943,599748,卖盘,600748,2025-10-17 22:52:29
10:06:32,6.36,0.0,6925,4404300,卖盘,600748,2025-10-17 22:52:29
10:06:35,6.35,-0.01,1574,999540,卖盘,600748,2025-10-17 22:52:29
10:06:38,6.34,-0.01,2229,1411956,卖盘,600748,2025-10-17 22:52:29
10:06:41,6.35,0.01,2495,1579393,买盘,600748,2025-10-17 22:52:29
10:06:44,6.35,0.0,923,585270,买盘,600748,2025-10-17 22:52:29
10:06:47,6.35,0.0,1224,776359,买盘,600748,2025-10-17 22:52:29
10:06:50,6.35,0.0,2023,1283423,买盘,600748,2025-10-17 22:52:29
10:06:53,6.36,0.01,1205,766367,买盘,600748,2025-10-17 22:52:29
10:06:56,6.34,-0.02,1785,1133284,卖盘,600748,2025-10-17 22:52:29
10:06:59,6.35,0.01,758,480774,买盘,600748,2025-10-17 22:52:29
10:07:02,6.35,0.0,269,170972,卖盘,600748,2025-10-17 22:52:29
10:07:05,6.35,0.0,1297,824591,卖盘,600748,2025-10-17 22:52:29
10:07:08,6.35,0.0,530,336908,卖盘,600748,2025-10-17 22:52:29
10:07:11,6.36,0.01,341,216693,买盘,600748,2025-10-17 22:52:29
10:07:14,6.36,0.0,349,221918,买盘,600748,2025-10-17 22:52:29
10:07:17,6.35,-0.01,592,376024,卖盘,600748,2025-10-17 22:52:29
10:07:20,6.35,0.0,190,120644,买盘,600748,2025-10-17 22:52:29
10:07:23,6.35,0.0,360,228613,买盘,600748,2025-10-17 22:52:29
10:07:26,6.35,0.0,510,323726,买盘,600748,2025-10-17 22:52:29
10:07:29,6.35,0.0,338,214649,买盘,600748,2025-10-17 22:52:29
10:07:32,6.35,0.0,484,307677,卖盘,600748,2025-10-17 22:52:29
10:07:35,6.36,0.01,1925,1223616,买盘,600748,2025-10-17 22:52:29
10:07:38,6.36,0.0,966,614117,买盘,600748,2025-10-17 22:52:29
10:07:41,6.36,0.0,892,567285,买盘,600748,2025-10-17 22:52:29
10:07:44,6.36,0.0,1112,706111,买盘,600748,2025-10-17 22:52:29
10:07:47,6.36,0.0,988,628242,买盘,600748,2025-10-17 22:52:29
10:07:50,6.36,0.0,2521,1600774,买盘,600748,2025-10-17 22:52:29
10:07:53,6.36,0.0,1487,945718,买盘,600748,2025-10-17 22:52:29
10:07:56,6.36,0.0,1454,924715,买盘,600748,2025-10-17 22:52:29
10:07:59,6.35,-0.01,552,350947,卖盘,600748,2025-10-17 22:52:29
10:08:02,6.36,0.01,758,481973,买盘,600748,2025-10-17 22:52:29
10:08:05,6.36,0.0,1740,1105577,买盘,600748,2025-10-17 22:52:29
10:08:08,6.36,0.0,826,525195,买盘,600748,2025-10-17 22:52:29
10:08:11,6.36,0.0,990,629167,买盘,600748,2025-10-17 22:52:29
10:08:14,6.35,-0.01,1655,1052528,中性盘,600748,2025-10-17 22:52:29
10:08:17,6.36,0.01,1255,798112,买盘,600748,2025-10-17 22:52:29
10:08:20,6.36,0.0,358,227688,卖盘,600748,2025-10-17 22:52:29
10:08:23,6.36,0.0,1450,922200,卖盘,600748,2025-10-17 22:52:29
10:08:26,6.36,0.0,346,219919,买盘,600748,2025-10-17 22:52:29
10:08:29,6.36,0.0,486,309067,买盘,600748,2025-10-17 22:52:29
10:08:32,6.36,0.0,319,202864,买盘,600748,2025-10-17 22:52:29
10:08:35,6.36,0.0,3454,2196742,买盘,600748,2025-10-17 22:52:29
10:08:38,6.36,0.0,183,116388,卖盘,600748,2025-10-17 22:52:29
10:08:44,6.36,0.0,25,15900,卖盘,600748,2025-10-17 22:52:29
10:08:47,6.36,0.0,33,20988,卖盘,600748,2025-10-17 22:52:29
10:08:50,6.36,0.0,123,78228,卖盘,600748,2025-10-17 22:52:29
10:08:53,6.36,0.0,598,380328,卖盘,600748,2025-10-17 22:52:29
10:08:56,6.36,0.0,152,96672,卖盘,600748,2025-10-17 22:52:29
10:08:59,6.36,0.0,302,192072,卖盘,600748,2025-10-17 22:52:29
10:09:02,6.36,0.0,10,6360,卖盘,600748,2025-10-17 22:52:29
10:09:05,6.36,0.0,18,11448,卖盘,600748,2025-10-17 22:52:29
10:09:08,6.36,0.0,20,12720,卖盘,600748,2025-10-17 22:52:29
10:09:14,6.36,0.0,12,7632,卖盘,600748,2025-10-17 22:52:29
10:09:20,6.36,0.0,360,228960,卖盘,600748,2025-10-17 22:52:29
10:09:23,6.36,0.0,1,636,卖盘,600748,2025-10-17 22:52:29
10:09:29,6.36,0.0,304,193344,卖盘,600748,2025-10-17 22:52:29
10:09:44,6.36,0.0,64,40704,卖盘,600748,2025-10-17 22:52:29
10:09:47,6.36,0.0,60,38160,卖盘,600748,2025-10-17 22:52:29
10:09:53,6.36,0.0,30,19080,卖盘,600748,2025-10-17 22:52:29
10:09:59,6.36,0.0,5,3180,卖盘,600748,2025-10-17 22:52:29
10:10:02,6.36,0.0,120,76320,卖盘,600748,2025-10-17 22:52:29
10:10:05,6.36,0.0,3,1908,卖盘,600748,2025-10-17 22:52:29
10:10:08,6.36,0.0,12,7378,卖盘,600748,2025-10-17 22:52:29
10:10:11,6.36,0.0,5,3180,卖盘,600748,2025-10-17 22:52:29
10:10:14,6.36,0.0,1,636,卖盘,600748,2025-10-17 22:52:29
10:10:17,6.36,0.0,3,1908,卖盘,600748,2025-10-17 22:52:29
10:10:20,6.36,0.0,51,32436,卖盘,600748,2025-10-17 22:52:29
10:10:23,6.36,0.0,2,1272,卖盘,600748,2025-10-17 22:52:29
10:10:26,6.36,0.0,35,22260,卖盘,600748,2025-10-17 22:52:29
10:10:29,6.36,0.0,248,157728,卖盘,600748,2025-10-17 22:52:29
10:10:35,6.36,0.0,10,6360,卖盘,600748,2025-10-17 22:52:29
10:10:38,6.36,0.0,450,286200,卖盘,600748,2025-10-17 22:52:29
10:10:47,6.36,0.0,5,3180,卖盘,600748,2025-10-17 22:52:29
10:10:50,6.36,0.0,1,636,卖盘,600748,2025-10-17 22:52:29
10:10:53,6.36,0.0,9,5724,卖盘,600748,2025-10-17 22:52:29
10:10:56,6.36,0.0,110,69960,卖盘,600748,2025-10-17 22:52:29
10:10:59,6.36,0.0,100,63600,卖盘,600748,2025-10-17 22:52:29
10:11:05,6.36,0.0,5,3180,卖盘,600748,2025-10-17 22:52:29
10:11:11,6.36,0.0,20,12720,卖盘,600748,2025-10-17 22:52:29
10:11:14,6.36,0.0,15,9540,卖盘,600748,2025-10-17 22:52:29
10:11:17,6.36,0.0,5,3180,卖盘,600748,2025-10-17 22:52:29
10:11:23,6.36,0.0,6,3816,卖盘,600748,2025-10-17 22:52:29
10:11:32,6.36,0.0,78,49608,卖盘,600748,2025-10-17 22:52:29
10:11:38,6.36,0.0,490,311640,卖盘,600748,2025-10-17 22:52:29
10:11:44,6.36,0.0,50,31800,卖盘,600748,2025-10-17 22:52:29
10:11:53,6.36,0.0,1,636,卖盘,600748,2025-10-17 22:52:29
10:11:56,6.36,0.0,5,3180,卖盘,600748,2025-10-17 22:52:29
10:11:59,6.36,0.0,9,5724,卖盘,600748,2025-10-17 22:52:29
10:12:05,6.36,0.0,15,9540,卖盘,600748,2025-10-17 22:52:29
10:12:11,6.36,0.0,44,27984,卖盘,600748,2025-10-17 22:52:29
10:12:17,6.36,0.0,1108,704688,卖盘,600748,2025-10-17 22:52:29
10:12:20,6.36,0.0,273,173628,卖盘,600748,2025-10-17 22:52:29
10:12:29,6.36,0.0,251,159636,卖盘,600748,2025-10-17 22:52:29
10:12:35,6.36,0.0,328,208608,卖盘,600748,2025-10-17 22:52:29
10:12:44,6.36,0.0,2,1272,卖盘,600748,2025-10-17 22:52:29
10:12:47,6.36,0.0,10,6360,卖盘,600748,2025-10-17 22:52:29
10:12:50,6.36,0.0,732,465552,卖盘,600748,2025-10-17 22:52:29
10:12:56,6.36,0.0,200,127200,卖盘,600748,2025-10-17 22:52:29
10:12:59,6.36,0.0,6,3816,卖盘,600748,2025-10-17 22:52:29
10:13:02,6.36,0.0,4,2289,卖盘,600748,2025-10-17 22:52:29
10:13:05,6.36,0.0,300,190800,卖盘,600748,2025-10-17 22:52:29
10:13:08,6.36,0.0,4050,2575800,卖盘,600748,2025-10-17 22:52:29
10:13:11,6.36,0.0,130,82680,卖盘,600748,2025-10-17 22:52:29
10:13:17,6.36,0.0,23,14628,卖盘,600748,2025-10-17 22:52:29
10:13:26,6.36,0.0,52,33327,卖盘,600748,2025-10-17 22:52:29
10:13:32,6.36,0.0,190,120840,卖盘,600748,2025-10-17 22:52:29
10:13:35,6.36,0.0,9,5724,卖盘,600748,2025-10-17 22:52:29
10:13:44,6.36,0.0,30,19080,卖盘,600748,2025-10-17 22:52:29
10:13:47,6.36,0.0,40,25440,卖盘,600748,2025-10-17 22:52:29
10:13:50,6.36,0.0,15,9540,卖盘,600748,2025-10-17 22:52:29
10:13:59,6.36,0.0,200,127200,卖盘,600748,2025-10-17 22:52:29
10:14:02,6.36,0.0,174,110664,卖盘,600748,2025-10-17 22:52:29
10:14:08,6.36,0.0,1,636,卖盘,600748,2025-10-17 22:52:29
10:14:14,6.36,0.0,8,5088,卖盘,600748,2025-10-17 22:52:29
10:14:17,6.36,0.0,4,2544,卖盘,600748,2025-10-17 22:52:29
10:14:20,6.36,0.0,511,324996,卖盘,600748,2025-10-17 22:52:29
10:14:29,6.36,0.0,580,368880,卖盘,600748,2025-10-17 22:52:29
10:14:38,6.36,0.0,47,29892,卖盘,600748,2025-10-17 22:52:29
10:14:44,6.36,0.0,270,171720,卖盘,600748,2025-10-17 22:52:29
10:14:50,6.36,0.0,213,135468,卖盘,600748,2025-10-17 22:52:29
10:14:53,6.36,0.0,134,85224,卖盘,600748,2025-10-17 22:52:29
10:15:02,6.36,0.0,5,3180,卖盘,600748,2025-10-17 22:52:29
10:15:05,6.36,0.0,20,12720,卖盘,600748,2025-10-17 22:52:29
10:15:14,6.36,0.0,129,82044,卖盘,600748,2025-10-17 22:52:29
10:15:35,6.36,0.0,10,6360,卖盘,600748,2025-10-17 22:52:29
10:15:41,6.36,0.0,274,174264,卖盘,600748,2025-10-17 22:52:29
10:15:44,6.36,0.0,26,16536,卖盘,600748,2025-10-17 22:52:29
10:15:53,6.36,0.0,10,6360,卖盘,600748,2025-10-17 22:52:29
10:16:08,6.36,0.0,167,106212,卖盘,600748,2025-10-17 22:52:29
10:16:14,6.36,0.0,25,15900,卖盘,600748,2025-10-17 22:52:29
10:16:17,6.36,0.0,130,82680,卖盘,600748,2025-10-17 22:52:29
10:16:23,6.36,0.0,7,4452,卖盘,600748,2025-10-17 22:52:29
10:16:29,6.36,0.0,471,299556,卖盘,600748,2025-10-17 22:52:29
10:16:32,6.36,0.0,170,108120,卖盘,600748,2025-10-17 22:52:29
10:16:35,6.36,0.0,50,31800,卖盘,600748,2025-10-17 22:52:29
10:16:38,6.36,0.0,25,15900,卖盘,600748,2025-10-17 22:52:29
10:17:02,6.36,0.0,260,165360,卖盘,600748,2025-10-17 22:52:29
10:17:20,6.36,0.0,472,300192,卖盘,600748,2025-10-17 22:52:29
10:17:26,6.36,0.0,5,3180,卖盘,600748,2025-10-17 22:52:29
10:17:29,6.36,0.0,60,38160,卖盘,600748,2025-10-17 22:52:29
10:17:32,6.36,0.0,168,106848,卖盘,600748,2025-10-17 22:52:29
10:17:35,6.36,0.0,110,69960,卖盘,600748,2025-10-17 22:52:29
10:17:44,6.36,0.0,19,12084,卖盘,600748,2025-10-17 22:52:29
10:17:50,6.36,0.0,5,3180,卖盘,600748,2025-10-17 22:52:29
10:17:53,6.36,0.0,156,99216,卖盘,600748,2025-10-17 22:52:29
10:17:59,6.36,0.0,172,109392,卖盘,600748,2025-10-17 22:52:29
10:18:02,6.36,0.0,5,3180,卖盘,600748,2025-10-17 22:52:29
10:18:08,6.36,0.0,120,76320,卖盘,600748,2025-10-17 22:52:29
10:18:11,6.36,0.0,100,63600,卖盘,600748,2025-10-17 22:52:29
10:18:26,6.36,0.0,40,25440,卖盘,600748,2025-10-17 22:52:29
10:18:32,6.36,0.0,195,124020,卖盘,600748,2025-10-17 22:52:29
10:18:38,6.36,0.0,21,13356,卖盘,600748,2025-10-17 22:52:29
10:18:41,6.36,0.0,10,6360,卖盘,600748,2025-10-17 22:52:29
10:18:44,6.36,0.0,51,32436,卖盘,600748,2025-10-17 22:52:29
10:19:02,6.36,0.0,177,112572,卖盘,600748,2025-10-17 22:52:29
10:19:05,6.36,0.0,7,4452,卖盘,600748,2025-10-17 22:52:29
10:19:08,6.36,0.0,2,1272,卖盘,600748,2025-10-17 22:52:29
10:19:11,6.36,0.0,1,636,卖盘,600748,2025-10-17 22:52:29
10:19:20,6.36,0.0,4,2353,卖盘,600748,2025-10-17 22:52:29
10:19:29,6.36,0.0,169,107484,卖盘,600748,2025-10-17 22:52:29
10:19:35,6.36,0.0,211,134196,卖盘,600748,2025-10-17 22:52:29
10:19:41,6.36,0.0,387,246132,卖盘,600748,2025-10-17 22:52:29
10:19:50,6.36,0.0,135,85860,卖盘,600748,2025-10-17 22:52:29
10:19:53,6.36,0.0,100,63600,卖盘,600748,2025-10-17 22:52:29
10:19:56,6.36,0.0,100,63600,卖盘,600748,2025-10-17 22:52:29
10:20:08,6.36,0.0,21,13356,卖盘,600748,2025-10-17 22:52:29
10:20:11,6.36,0.0,589,374604,卖盘,600748,2025-10-17 22:52:29
10:20:17,6.36,0.0,30,19080,卖盘,600748,2025-10-17 22:52:29
10:20:20,6.36,0.0,33,20988,卖盘,600748,2025-10-17 22:52:29
10:20:23,6.36,0.0,203,129108,卖盘,600748,2025-10-17 22:52:29
10:20:26,6.36,0.0,6,3816,卖盘,600748,2025-10-17 22:52:29
10:20:29,6.36,0.0,20,12720,卖盘,600748,2025-10-17 22:52:29
10:20:32,6.36,0.0,95,60420,卖盘,600748,2025-10-17 22:52:29
10:20:38,6.36,0.0,52,33072,卖盘,600748,2025-10-17 22:52:29
10:20:41,6.36,0.0,422,268392,卖盘,600748,2025-10-17 22:52:29
10:20:44,6.36,0.0,239,152004,卖盘,600748,2025-10-17 22:52:29
10:20:47,6.36,0.0,39,24804,卖盘,600748,2025-10-17 22:52:29
10:20:50,6.36,0.0,160,101760,卖盘,600748,2025-10-17 22:52:29
10:20:53,6.36,0.0,49,31164,卖盘,600748,2025-10-17 22:52:29
10:20:56,6.36,0.0,12,7632,卖盘,600748,2025-10-17 22:52:29
10:20:59,6.36,0.0,10,6360,卖盘,600748,2025-10-17 22:52:29
10:21:05,6.36,0.0,10,6360,卖盘,600748,2025-10-17 22:52:29
10:21:11,6.36,0.0,14,8904,卖盘,600748,2025-10-17 22:52:29
10:21:14,6.36,0.0,183,116388,卖盘,600748,2025-10-17 22:52:29
10:21:26,6.36,0.0,5,3180,卖盘,600748,2025-10-17 22:52:29
10:21:32,6.36,0.0,8,5088,卖盘,600748,2025-10-17 22:52:29
10:21:38,6.36,0.0,163,103668,卖盘,600748,2025-10-17 22:52:29
10:21:41,6.36,0.0,5,3180,卖盘,600748,2025-10-17 22:52:29
10:21:44,6.36,0.0,20,12720,卖盘,600748,2025-10-17 22:52:29
10:21:47,6.36,0.0,7,4452,卖盘,600748,2025-10-17 22:52:29
10:21:53,6.36,0.0,17,10812,卖盘,600748,2025-10-17 22:52:29
10:21:59,6.36,0.0,20,12720,卖盘,600748,2025-10-17 22:52:29
10:22:02,6.36,0.0,239,152004,卖盘,600748,2025-10-17 22:52:29
10:22:08,6.36,0.0,20,12720,卖盘,600748,2025-10-17 22:52:29
10:22:17,6.36,0.0,901,573036,卖盘,600748,2025-10-17 22:52:29
10:22:32,6.36,0.0,178,113208,卖盘,600748,2025-10-17 22:52:29
10:22:35,6.36,0.0,1,636,卖盘,600748,2025-10-17 22:52:29
10:22:38,6.36,0.0,52,33072,卖盘,600748,2025-10-17 22:52:29
10:22:47,6.36,0.0,5,3180,卖盘,600748,2025-10-17 22:52:29
10:22:59,6.36,0.0,178,113208,卖盘,600748,2025-10-17 22:52:29
10:23:05,6.36,0.0,76,48336,卖盘,600748,2025-10-17 22:52:29
10:23:08,6.36,0.0,5,3180,卖盘,600748,2025-10-17 22:52:29
10:23:11,6.36,0.0,10,6360,卖盘,600748,2025-10-17 22:52:29
10:23:26,6.36,0.0,10,6360,卖盘,600748,2025-10-17 22:52:29
10:23:35,6.36,0.0,198,125928,卖盘,600748,2025-10-17 22:52:29
10:23:47,6.36,0.0,8,5088,卖盘,600748,2025-10-17 22:52:29
10:23:59,6.36,0.0,162,103032,卖盘,600748,2025-10-17 22:52:29
10:24:02,6.36,0.0,1,636,卖盘,600748,2025-10-17 22:52:29
10:24:32,6.36,0.0,298,189528,卖盘,600748,2025-10-17 22:52:29
10:24:38,6.36,0.0,2,1272,卖盘,600748,2025-10-17 22:52:29
10:24:53,6.36,0.0,30,19080,卖盘,600748,2025-10-17 22:52:29
10:25:02,6.36,0.0,200,127200,卖盘,600748,2025-10-17 22:52:29
10:25:05,6.36,0.0,20,12720,卖盘,600748,2025-10-17 22:52:29
10:25:08,6.36,0.0,20,12720,卖盘,600748,2025-10-17 22:52:29
10:25:23,6.36,0.0,15,9540,卖盘,600748,2025-10-17 22:52:29
10:25:29,6.36,0.0,171,108756,卖盘,600748,2025-10-17 22:52:29
10:25:32,6.36,0.0,20,12720,卖盘,600748,2025-10-17 22:52:29
10:25:56,6.36,0.0,25,15900,卖盘,600748,2025-10-17 22:52:29
10:25:59,6.36,0.0,183,116388,卖盘,600748,2025-10-17 22:52:29
10:26:05,6.36,0.0,2,1272,卖盘,600748,2025-10-17 22:52:29
10:26:11,6.36,0.0,5,3180,卖盘,600748,2025-10-17 22:52:29
10:26:14,6.36,0.0,26,16536,卖盘,600748,2025-10-17 22:52:29
10:26:17,6.36,0.0,50,31800,卖盘,600748,2025-10-17 22:52:29
10:26:23,6.36,0.0,138,87768,卖盘,600748,2025-10-17 22:52:29
10:26:32,6.36,0.0,52,33072,卖盘,600748,2025-10-17 22:52:29
10:26:35,6.36,0.0,17,10812,卖盘,600748,2025-10-17 22:52:29
10:26:47,6.36,0.0,3,1908,卖盘,600748,2025-10-17 22:52:29
10:26:50,6.36,0.0,10,6360,卖盘,600748,2025-10-17 22:52:29
10:26:53,6.36,0.0,290,184440,卖盘,600748,2025-10-17 22:52:29
10:27:11,6.36,0.0,20,12720,卖盘,600748,2025-10-17 22:52:29
10:27:20,6.36,0.0,158,100488,卖盘,600748,2025-10-17 22:52:29
10:27:32,6.36,0.0,5,3180,卖盘,600748,2025-10-17 22:52:29
10:27:35,6.36,0.0,5,3180,卖盘,600748,2025-10-17 22:52:29
10:27:38,6.36,0.0,648,412128,卖盘,600748,2025-10-17 22:52:29
10:27:50,6.36,0.0,182,115752,卖盘,600748,2025-10-17 22:52:29
10:28:08,6.36,0.0,422,268392,卖盘,600748,2025-10-17 22:52:29
10:28:17,6.36,0.0,12,7632,卖盘,600748,2025-10-17 22:52:29
10:28:20,6.36,0.0,245,155820,卖盘,600748,2025-10-17 22:52:29
10:28:29,6.36,0.0,140,89040,卖盘,600748,2025-10-17 22:52:29
10:28:47,6.36,0.0,165,104940,卖盘,600748,2025-10-17 22:52:29
10:29:05,6.36,0.0,2,1272,卖盘,600748,2025-10-17 22:52:29
10:29:14,6.36,0.0,219,139284,卖盘,600748,2025-10-17 22:52:29
10:29:17,6.36,0.0,1,636,卖盘,600748,2025-10-17 22:52:29
10:29:32,6.36,0.0,100,63600,卖盘,600748,2025-10-17 22:52:29
10:29:38,6.36,0.0,7,4452,卖盘,600748,2025-10-17 22:52:29
10:29:44,6.36,0.0,194,123384,卖盘,600748,2025-10-17 22:52:29
10:30:08,6.36,0.0,153,97308,卖盘,600748,2025-10-17 22:52:29
10:30:38,6.36,0.0,177,112572,卖盘,600748,2025-10-17 22:52:29
10:30:53,6.36,0.0,64,40704,卖盘,600748,2025-10-17 22:52:29
10:30:59,6.36,0.0,132,83952,卖盘,600748,2025-10-17 22:52:29
10:31:08,6.36,0.0,1,636,卖盘,600748,2025-10-17 22:52:29
10:31:17,6.36,0.0,20,12720,卖盘,600748,2025-10-17 22:52:29
10:31:23,6.36,0.0,135,85860,卖盘,600748,2025-10-17 22:52:29
10:31:29,6.36,0.0,1001,636636,卖盘,600748,2025-10-17 22:52:29
10:31:32,6.36,0.0,233,148188,卖盘,600748,2025-10-17 22:52:29
10:31:50,6.36,0.0,159,101124,卖盘,600748,2025-10-17 22:52:29
10:31:59,6.36,0.0,54,34344,卖盘,600748,2025-10-17 22:52:29
10:32:08,6.36,0.0,4,2544,卖盘,600748,2025-10-17 22:52:29
10:32:11,6.36,0.0,30,19080,卖盘,600748,2025-10-17 22:52:29
10:32:23,6.36,0.0,202,128472,卖盘,600748,2025-10-17 22:52:29
10:32:26,6.36,0.0,5,3180,卖盘,600748,2025-10-17 22:52:29
10:32:32,6.36,0.0,34,21624,卖盘,600748,2025-10-17 22:52:29
10:32:41,6.36,0.0,81,51516,卖盘,600748,2025-10-17 22:52:29
10:32:47,6.36,0.0,153,97308,卖盘,600748,2025-10-17 22:52:29
10:32:50,6.36,0.0,10,6360,卖盘,600748,2025-10-17 22:52:29
10:32:56,6.36,0.0,5,3180,卖盘,600748,2025-10-17 22:52:29
10:33:02,6.36,0.0,7,4452,卖盘,600748,2025-10-17 22:52:29
10:33:05,6.36,0.0,20,12720,卖盘,600748,2025-10-17 22:52:29
10:33:08,6.36,0.0,11,6996,卖盘,600748,2025-10-17 22:52:29
10:33:11,6.36,0.0,139,88404,卖盘,600748,2025-10-17 22:52:29
10:33:17,6.36,0.0,18,11448,卖盘,600748,2025-10-17 22:52:29
10:33:26,6.36,0.0,8,4961,卖盘,600748,2025-10-17 22:52:29
10:33:32,6.36,0.0,126,80136,卖盘,600748,2025-10-17 22:52:29
10:33:38,6.36,0.0,2,1272,卖盘,600748,2025-10-17 22:52:29
10:33:56,6.36,0.0,20,12720,卖盘,600748,2025-10-17 22:52:29
10:34:05,6.36,0.0,192,122112,卖盘,600748,2025-10-17 22:52:29
10:34:14,6.36,0.0,4,2544,卖盘,600748,2025-10-17 22:52:29
10:34:23,6.36,0.0,20,12720,卖盘,600748,2025-10-17 22:52:29
10:34:26,6.36,0.0,1,636,卖盘,600748,2025-10-17 22:52:29
10:34:29,6.36,0.0,291,185076,卖盘,600748,2025-10-17 22:52:29
10:34:32,6.36,0.0,370,235320,卖盘,600748,2025-10-17 22:52:29
10:34:50,6.36,0.0,129,82044,卖盘,600748,2025-10-17 22:52:29
10:35:20,6.36,0.0,2,1272,卖盘,600748,2025-10-17 22:52:29
10:35:23,6.36,0.0,195,124020,卖盘,600748,2025-10-17 22:52:29
10:35:44,6.36,0.0,20,12720,卖盘,600748,2025-10-17 22:52:29
10:35:47,6.36,0.0,1,636,卖盘,600748,2025-10-17 22:52:29
10:35:53,6.36,0.0,183,116388,卖盘,600748,2025-10-17 22:52:29
10:36:20,6.36,0.0,159,101124,卖盘,600748,2025-10-17 22:52:29
10:36:41,6.36,0.0,142,90312,卖盘,600748,2025-10-17 22:52:29
10:36:50,6.36,0.0,8,5088,卖盘,600748,2025-10-17 22:52:29
10:36:56,6.36,0.0,25,15900,卖盘,600748,2025-10-17 22:52:29
10:36:59,6.36,0.0,3,1653,卖盘,600748,2025-10-17 22:52:29
10:37:11,6.36,0.0,171,108756,卖盘,600748,2025-10-17 22:52:29
10:37:26,6.36,0.0,11,6996,卖盘,600748,2025-10-17 22:52:29
10:37:32,6.36,0.0,30,19080,卖盘,600748,2025-10-17 22:52:29
10:37:38,6.36,0.0,50,31800,卖盘,600748,2025-10-17 22:52:29
10:37:41,6.36,0.0,189,120204,卖盘,600748,2025-10-17 22:52:29
10:37:53,6.36,0.0,4,2544,卖盘,600748,2025-10-17 22:52:29
10:38:05,6.36,0.0,200,127200,卖盘,600748,2025-10-17 22:52:29
10:38:08,6.36,0.0,46,29256,卖盘,600748,2025-10-17 22:52:29
10:38:11,6.36,0.0,165,104940,卖盘,600748,2025-10-17 22:52:29
10:38:23,6.36,0.0,50,31800,卖盘,600748,2025-10-17 22:52:29
10:38:26,6.36,0.0,14,8904,卖盘,600748,2025-10-17 22:52:29
10:38:35,6.36,0.0,50,31800,卖盘,600748,2025-10-17 22:52:29
10:38:38,6.36,0.0,171,108756,卖盘,600748,2025-10-17 22:52:29
10:39:02,6.36,0.0,149,94764,卖盘,600748,2025-10-17 22:52:29
10:39:08,6.36,0.0,1,636,卖盘,600748,2025-10-17 22:52:29
10:39:23,6.36,0.0,129,82044,卖盘,600748,2025-10-17 22:52:29
10:39:35,6.36,0.0,200,127200,卖盘,600748,2025-10-17 22:52:29
10:39:47,6.36,0.0,82,52152,卖盘,600748,2025-10-17 22:52:29
10:39:50,6.36,0.0,165,104940,卖盘,600748,2025-10-17 22:52:29
10:40:17,6.36,0.0,165,104940,卖盘,600748,2025-10-17 22:52:29
10:40:20,6.36,0.0,2,1272,卖盘,600748,2025-10-17 22:52:29
10:40:23,6.36,0.0,50,31800,卖盘,600748,2025-10-17 22:52:29
10:40:32,6.36,0.0,200,127200,卖盘,600748,2025-10-17 22:52:29
10:40:35,6.36,0.0,12,7632,卖盘,600748,2025-10-17 22:52:29
10:40:41,6.36,0.0,141,89676,卖盘,600748,2025-10-17 22:52:29
10:40:47,6.36,0.0,200,127200,卖盘,600748,2025-10-17 22:52:29
10:41:02,6.36,0.0,141,89676,卖盘,600748,2025-10-17 22:52:29
10:41:20,6.36,0.0,11,6996,卖盘,600748,2025-10-17 22:52:29
10:41:32,6.36,0.0,163,103668,卖盘,600748,2025-10-17 22:52:29
10:41:59,6.36,0.0,30,19080,卖盘,600748,2025-10-17 22:52:29
10:42:02,6.36,0.0,183,116388,卖盘,600748,2025-10-17 22:52:29
10:42:23,6.36,0.0,229,145644,卖盘,600748,2025-10-17 22:52:29
10:42:50,6.36,0.0,165,104940,卖盘,600748,2025-10-17 22:52:29
10:43:20,6.36,0.0,206,131016,卖盘,600748,2025-10-17 22:52:29
10:43:26,6.36,0.0,1,636,卖盘,600748,2025-10-17 22:52:29
10:43:50,6.36,0.0,184,117024,卖盘,600748,2025-10-17 22:52:29
10:43:56,6.36,0.0,1,636,卖盘,600748,2025-10-17 22:52:29
10:43:59,6.36,0.0,27,17172,卖盘,600748,2025-10-17 22:52:29
10:44:14,6.36,0.0,135,85860,卖盘,600748,2025-10-17 22:52:29
10:44:38,6.36,0.0,159,101124,卖盘,600748,2025-10-17 22:52:29
10:44:56,6.36,0.0,200,127200,卖盘,600748,2025-10-17 22:52:29
10:44:59,6.36,0.0,10,6360,卖盘,600748,2025-10-17 22:52:29
10:45:02,6.36,0.0,256,162816,卖盘,600748,2025-10-17 22:52:29
10:45:32,6.36,0.0,174,110664,卖盘,600748,2025-10-17 22:52:29
10:45:35,6.36,0.0,89,56604,卖盘,600748,2025-10-17 22:52:29
10:45:41,6.36,0.0,21,13356,卖盘,600748,2025-10-17 22:52:29
10:45:50,6.36,0.0,12,7632,卖盘,600748,2025-10-17 22:52:29
10:45:59,6.36,0.0,166,105576,卖盘,600748,2025-10-17 22:52:29
10:46:14,6.36,0.0,200,127200,卖盘,600748,2025-10-17 22:52:29
10:46:17,6.36,0.0,30,19080,卖盘,600748,2025-10-17 22:52:29
10:46:23,6.36,0.0,135,85860,卖盘,600748,2025-10-17 22:52:29
10:46:29,6.36,0.0,20,12720,卖盘,600748,2025-10-17 22:52:29
10:46:32,6.36,0.0,67,42612,卖盘,600748,2025-10-17 22:52:29
10:46:35,6.36,0.0,11,6996,卖盘,600748,2025-10-17 22:52:29
10:46:53,6.36,0.0,189,120204,卖盘,600748,2025-10-17 22:52:29
10:46:59,6.36,0.0,20,12720,卖盘,600748,2025-10-17 22:52:29
10:47:02,6.36,0.0,100,63600,卖盘,600748,2025-10-17 22:52:29
10:47:05,6.36,0.0,12,7632,卖盘,600748,2025-10-17 22:52:29
10:47:14,6.36,0.0,22,13992,卖盘,600748,2025-10-17 22:52:29
10:47:23,6.36,0.0,171,108756,卖盘,600748,2025-10-17 22:52:29
10:47:26,6.36,0.0,250,159000,卖盘,600748,2025-10-17 22:52:29
10:47:35,6.36,0.0,50,31800,卖盘,600748,2025-10-17 22:52:29
10:47:38,6.36,0.0,9,5724,卖盘,600748,2025-10-17 22:52:29
10:47:44,6.36,0.0,10,6360,卖盘,600748,2025-10-17 22:52:29
10:47:53,6.36,0.0,177,112572,卖盘,600748,2025-10-17 22:52:29
10:48:20,6.36,0.0,172,109392,卖盘,600748,2025-10-17 22:52:29
10:48:23,6.36,0.0,1,636,卖盘,600748,2025-10-17 22:52:29
10:48:32,6.36,0.0,87,55332,卖盘,600748,2025-10-17 22:52:29
10:48:44,6.36,0.0,141,89676,卖盘,600748,2025-10-17 22:52:29
10:49:02,6.36,0.0,3,1908,卖盘,600748,2025-10-17 22:52:29
10:49:08,6.36,0.0,154,97944,卖盘,600748,2025-10-17 22:52:29
10:49:14,6.36,0.0,7,4452,卖盘,600748,2025-10-17 22:52:29
10:49:26,6.36,0.0,39,24804,卖盘,600748,2025-10-17 22:52:29
10:49:32,6.36,0.0,138,87768,卖盘,600748,2025-10-17 22:52:29
10:49:38,6.36,0.0,2,1272,卖盘,600748,2025-10-17 22:52:29
10:49:41,6.36,0.0,8,5088,卖盘,600748,2025-10-17 22:52:29
10:49:47,6.36,0.0,20,12720,卖盘,600748,2025-10-17 22:52:29
10:50:02,6.36,0.0,177,112572,卖盘,600748,2025-10-17 22:52:29
10:50:05,6.36,0.0,3,1908,卖盘,600748,2025-10-17 22:52:29
10:50:20,6.36,0.0,10,6360,卖盘,600748,2025-10-17 22:52:29
10:50:29,6.36,0.0,171,108756,卖盘,600748,2025-10-17 22:52:29
10:50:41,6.36,0.0,1,636,卖盘,600748,2025-10-17 22:52:29
10:51:02,6.36,0.0,241,153276,卖盘,600748,2025-10-17 22:52:29
10:51:11,6.36,0.0,30,19080,卖盘,600748,2025-10-17 22:52:29
10:51:29,6.36,0.0,171,108756,卖盘,600748,2025-10-17 22:52:29
10:51:44,6.36,0.0,4,2544,卖盘,600748,2025-10-17 22:52:29
10:52:02,6.36,0.0,205,130380,卖盘,600748,2025-10-17 22:52:29
10:52:17,6.36,0.0,99,62964,卖盘,600748,2025-10-17 22:52:29
10:52:29,6.36,0.0,153,97308,卖盘,600748,2025-10-17 22:52:29
10:52:44,6.36,0.0,10,6360,卖盘,600748,2025-10-17 22:52:29
10:52:50,6.36,0.0,129,82044,卖盘,600748,2025-10-17 22:52:29
10:53:17,6.36,0.0,4,2544,卖盘,600748,2025-10-17 22:52:29
10:53:23,6.36,0.0,196,124656,卖盘,600748,2025-10-17 22:52:29
10:53:32,6.36,0.0,1,636,卖盘,600748,2025-10-17 22:52:29
10:53:50,6.36,0.0,30,19080,卖盘,600748,2025-10-17 22:52:29
10:53:53,6.36,0.0,189,120204,卖盘,600748,2025-10-17 22:52:29
10:54:17,6.36,0.0,8,5088,卖盘,600748,2025-10-17 22:52:29
10:54:20,6.36,0.0,772,490992,卖盘,600748,2025-10-17 22:52:29
10:54:41,6.36,0.0,135,85860,卖盘,600748,2025-10-17 22:52:29
10:54:53,6.36,0.0,600,381600,卖盘,600748,2025-10-17 22:52:29
10:55:08,6.36,0.0,165,104940,卖盘,600748,2025-10-17 22:52:29
10:55:17,6.36,0.0,200,127200,卖盘,600748,2025-10-17 22:52:29
10:55:20,6.36,0.0,33,20988,卖盘,600748,2025-10-17 22:52:29
10:55:32,6.36,0.0,139,88404,卖盘,600748,2025-10-17 22:52:29
10:55:41,6.36,0.0,31,19716,卖盘,600748,2025-10-17 22:52:29
10:56:05,6.36,0.0,192,122112,卖盘,600748,2025-10-17 22:52:29
10:56:32,6.36,0.0,168,106848,卖盘,600748,2025-10-17 22:52:29
10:56:53,6.36,0.0,135,85860,卖盘,600748,2025-10-17 22:52:29
10:57:11,6.36,0.0,11,6996,卖盘,600748,2025-10-17 22:52:29
10:57:20,6.36,0.0,163,103668,卖盘,600748,2025-10-17 22:52:29
10:57:41,6.36,0.0,142,90312,卖盘,600748,2025-10-17 22:52:29
10:58:02,6.36,0.0,3,1908,卖盘,600748,2025-10-17 22:52:29
10:58:08,6.36,0.0,153,97308,卖盘,600748,2025-10-17 22:52:29
10:58:26,6.36,0.0,2,1272,卖盘,600748,2025-10-17 22:52:29
10:58:32,6.36,0.0,138,87768,卖盘,600748,2025-10-17 22:52:29
10:58:50,6.36,0.0,1,636,卖盘,600748,2025-10-17 22:52:29
10:58:53,6.36,0.0,135,85860,卖盘,600748,2025-10-17 22:52:29
10:59:05,6.36,0.0,10,6360,卖盘,600748,2025-10-17 22:52:29
10:59:14,6.36,0.0,4,2544,卖盘,600748,2025-10-17 22:52:29
10:59:20,6.36,0.0,165,104940,卖盘,600748,2025-10-17 22:52:29
10:59:23,6.36,0.0,10,6360,卖盘,600748,2025-10-17 22:52:29
10:59:50,6.36,0.0,183,116388,卖盘,600748,2025-10-17 22:52:29
11:00:11,6.36,0.0,30,19080,卖盘,600748,2025-10-17 22:52:29
11:00:14,6.36,0.0,130,82680,卖盘,600748,2025-10-17 22:52:29
11:00:38,6.36,0.0,153,97308,卖盘,600748,2025-10-17 22:52:29
11:00:41,6.36,0.0,15,9540,卖盘,600748,2025-10-17 22:52:29
11:01:11,6.36,0.0,201,127836,卖盘,600748,2025-10-17 22:52:29
11:01:38,6.36,0.0,159,101124,卖盘,600748,2025-10-17 22:52:29
11:01:53,6.36,0.0,138,87768,卖盘,600748,2025-10-17 22:52:29
11:01:59,6.36,0.0,132,83952,卖盘,600748,2025-10-17 22:52:29
11:02:11,6.36,0.0,617,392412,卖盘,600748,2025-10-17 22:52:29
11:02:17,6.36,0.0,50,31800,卖盘,600748,2025-10-17 22:52:29
11:02:23,6.36,0.0,136,86496,卖盘,600748,2025-10-17 22:52:29
11:02:26,6.36,0.0,30,19080,卖盘,600748,2025-10-17 22:52:29
11:02:38,6.36,0.0,40,25440,卖盘,600748,2025-10-17 22:52:29
11:02:50,6.36,0.0,171,108756,卖盘,600748,2025-10-17 22:52:29
11:02:56,6.36,0.0,5,3180,卖盘,600748,2025-10-17 22:52:29
11:02:59,6.36,0.0,45,28620,卖盘,600748,2025-10-17 22:52:29
11:03:14,6.36,0.0,183,116388,卖盘,600748,2025-10-17 22:52:29
11:03:20,6.36,0.0,177,112572,卖盘,600748,2025-10-17 22:52:29
11:03:29,6.36,0.0,194,123384,卖盘,600748,2025-10-17 22:52:29
11:03:44,6.36,0.0,135,85860,卖盘,600748,2025-10-17 22:52:29
11:03:50,6.36,0.0,3,1908,卖盘,600748,2025-10-17 22:52:29
11:03:59,6.36,0.0,350,222600,卖盘,600748,2025-10-17 22:52:29
11:04:02,6.36,0.0,2,1272,卖盘,600748,2025-10-17 22:52:29
11:04:05,6.36,0.0,22,13992,卖盘,600748,2025-10-17 22:52:29
11:04:08,6.36,0.0,5,3180,卖盘,600748,2025-10-17 22:52:29
11:04:14,6.36,0.0,183,116388,卖盘,600748,2025-10-17 22:52:29
11:04:17,6.36,0.0,112,71232,卖盘,600748,2025-10-17 22:52:29
11:04:29,6.36,0.0,280,178080,卖盘,600748,2025-10-17 22:52:29
11:04:35,6.36,0.0,2,1272,卖盘,600748,2025-10-17 22:52:29
11:04:38,6.36,0.0,160,101760,卖盘,600748,2025-10-17 22:52:29
11:04:50,6.36,0.0,370,235320,卖盘,600748,2025-10-17 22:52:29
11:04:56,6.36,0.0,500,318000,卖盘,600748,2025-10-17 22:52:29
11:04:59,6.36,0.0,45,28620,卖盘,600748,2025-10-17 22:52:29
11:05:08,6.36,0.0,171,108756,卖盘,600748,2025-10-17 22:52:29
11:05:32,6.36,0.0,141,89676,卖盘,600748,2025-10-17 22:52:29
11:05:35,6.36,0.0,10,6360,卖盘,600748,2025-10-17 22:52:29
11:05:38,6.36,0.0,6,3816,卖盘,600748,2025-10-17 22:52:29
11:05:50,6.36,0.0,9,5724,卖盘,600748,2025-10-17 22:52:29
11:05:53,6.36,0.0,60,38160,卖盘,600748,2025-10-17 22:52:29
11:06:02,6.36,0.0,180,114480,卖盘,600748,2025-10-17 22:52:29
11:06:05,6.36,0.0,10,6360,卖盘,600748,2025-10-17 22:52:29
11:06:29,6.36,0.0,156,99216,卖盘,600748,2025-10-17 22:52:29
11:06:35,6.36,0.0,92,58512,卖盘,600748,2025-10-17 22:52:29
11:06:50,6.36,0.0,138,87768,卖盘,600748,2025-10-17 22:52:29
11:07:05,6.36,0.0,9,5724,卖盘,600748,2025-10-17 22:52:29
11:07:14,6.36,0.0,350,222600,卖盘,600748,2025-10-17 22:52:29
11:07:23,6.36,0.0,196,124656,卖盘,600748,2025-10-17 22:52:29
11:07:32,6.36,0.0,10,6360,卖盘,600748,2025-10-17 22:52:29
11:07:35,6.36,0.0,2,1272,卖盘,600748,2025-10-17 22:52:29
11:07:38,6.36,0.0,97,61692,卖盘,600748,2025-10-17 22:52:29
11:07:41,6.36,0.0,61,38796,卖盘,600748,2025-10-17 22:52:29
11:07:44,6.36,0.0,251,159636,卖盘,600748,2025-10-17 22:52:29
11:07:50,6.36,0.0,171,108756,卖盘,600748,2025-10-17 22:52:29
11:07:53,6.36,0.0,10,6360,卖盘,600748,2025-10-17 22:52:29
11:07:56,6.36,0.0,2,1272,卖盘,600748,2025-10-17 22:52:29
11:07:59,6.36,0.0,400,254400,卖盘,600748,2025-10-17 22:52:29
11:08:05,6.36,0.0,100,63600,卖盘,600748,2025-10-17 22:52:29
11:08:17,6.36,0.0,2,1272,卖盘,600748,2025-10-17 22:52:29
11:08:20,6.36,0.0,245,155820,卖盘,600748,2025-10-17 22:52:29
11:08:23,6.36,0.0,2,1272,卖盘,600748,2025-10-17 22:52:29
11:08:26,6.36,0.0,10,6360,卖盘,600748,2025-10-17 22:52:29
11:08:44,6.36,0.0,141,89676,卖盘,600748,2025-10-17 22:52:29
11:08:59,6.36,0.0,95,60547,卖盘,600748,2025-10-17 22:52:29
11:09:02,6.36,0.0,17,10812,卖盘,600748,2025-10-17 22:52:29
11:09:14,6.36,0.0,183,116388,卖盘,600748,2025-10-17 22:52:29
11:09:20,6.36,0.0,50,31800,卖盘,600748,2025-10-17 22:52:29
11:09:38,6.36,0.0,263,167268,卖盘,600748,2025-10-17 22:52:29
11:09:44,6.36,0.0,5,3180,卖盘,600748,2025-10-17 22:52:29
11:09:53,6.36,0.0,29,18444,卖盘,600748,2025-10-17 22:52:29
11:10:05,6.36,0.0,5,3180,卖盘,600748,2025-10-17 22:52:29
11:10:08,6.36,0.0,174,110664,卖盘,600748,2025-10-17 22:52:29
11:10:17,6.36,0.0,50,31800,卖盘,600748,2025-10-17 22:52:29
11:10:35,6.36,0.0,19,12084,卖盘,600748,2025-10-17 22:52:29
11:10:38,6.36,0.0,10,6360,卖盘,600748,2025-10-17 22:52:29
11:10:44,6.36,0.0,210,133560,卖盘,600748,2025-10-17 22:52:29
11:10:50,6.36,0.0,20,12720,卖盘,600748,2025-10-17 22:52:29
11:11:11,6.36,0.0,156,99216,卖盘,600748,2025-10-17 22:52:29
11:11:23,6.36,0.0,10,6360,卖盘,600748,2025-10-17 22:52:29
11:11:32,6.36,0.0,144,91584,卖盘,600748,2025-10-17 22:52:29
11:12:02,6.36,0.0,166,105576,卖盘,600748,2025-10-17 22:52:29
11:12:29,6.36,0.0,157,99852,卖盘,600748,2025-10-17 22:52:29
11:12:44,6.36,0.0,21,13356,卖盘,600748,2025-10-17 22:52:29
11:12:50,6.36,0.0,138,87768,卖盘,600748,2025-10-17 22:52:29
11:13:02,6.36,0.0,20,12720,卖盘,600748,2025-10-17 22:52:29
11:13:14,6.36,0.0,136,86496,卖盘,600748,2025-10-17 22:52:29
11:13:29,6.36,0.0,285,181260,卖盘,600748,2025-10-17 22:52:29
11:13:32,6.36,0.0,10,6360,卖盘,600748,2025-10-17 22:52:29
11:13:41,6.36,0.0,180,114480,卖盘,600748,2025-10-17 22:52:29
11:13:44,6.36,0.0,2,1272,卖盘,600748,2025-10-17 22:52:29
11:14:08,6.36,0.0,65,41340,卖盘,600748,2025-10-17 22:52:29
11:14:11,6.36,0.0,202,128472,卖盘,600748,2025-10-17 22:52:29
11:14:14,6.36,0.0,40,25440,卖盘,600748,2025-10-17 22:52:29
11:14:26,6.36,0.0,10,6360,卖盘,600748,2025-10-17 22:52:29
11:14:38,6.36,0.0,177,112572,卖盘,600748,2025-10-17 22:52:29
11:14:53,6.36,0.0,60,38160,卖盘,600748,2025-10-17 22:52:29
11:14:56,6.36,0.0,2,1272,卖盘,600748,2025-10-17 22:52:29
11:15:11,6.36,0.0,192,122112,卖盘,600748,2025-10-17 22:52:29
11:15:17,6.36,0.0,100,63600,卖盘,600748,2025-10-17 22:52:29
11:15:23,6.36,0.0,4,2544,卖盘,600748,2025-10-17 22:52:29
11:15:26,6.36,0.0,54,34344,卖盘,600748,2025-10-17 22:52:29
11:15:32,6.36,0.0,5,3180,卖盘,600748,2025-10-17 22:52:29
11:15:35,6.36,0.0,141,89676,卖盘,600748,2025-10-17 22:52:29
11:15:44,6.36,0.0,41,25822,卖盘,600748,2025-10-17 22:52:29
11:15:53,6.36,0.0,55,34980,卖盘,600748,2025-10-17 22:52:29
11:15:59,6.36,0.0,144,91584,卖盘,600748,2025-10-17 22:52:29
11:16:20,6.36,0.0,193,122748,卖盘,600748,2025-10-17 22:52:29
11:16:38,6.36,0.0,100,63600,卖盘,600748,2025-10-17 22:52:29
11:16:40,6.36,0.0,1,636,卖盘,600748,2025-10-17 22:52:29
11:16:50,6.36,0.0,181,115116,卖盘,600748,2025-10-17 22:52:29
11:17:14,6.36,0.0,1,636,卖盘,600748,2025-10-17 22:52:29
11:17:17,6.36,0.0,162,103032,卖盘,600748,2025-10-17 22:52:29
11:17:41,6.36,0.0,147,93492,卖盘,600748,2025-10-17 22:52:29
11:18:14,6.36,0.0,186,118296,卖盘,600748,2025-10-17 22:52:29
11:18:20,6.36,0.0,100,63600,卖盘,600748,2025-10-17 22:52:29
11:18:38,6.36,0.0,160,101760,卖盘,600748,2025-10-17 22:52:29
11:18:47,6.36,0.0,5,3180,卖盘,600748,2025-10-17 22:52:29
11:18:56,6.36,0.0,1,636,卖盘,600748,2025-10-17 22:52:29
11:19:02,6.36,0.0,20,12720,卖盘,600748,2025-10-17 22:52:29
11:19:05,6.36,0.0,6,3816,卖盘,600748,2025-10-17 22:52:29
11:19:11,6.36,0.0,189,120204,卖盘,600748,2025-10-17 22:52:29
11:19:20,6.36,0.0,1,636,卖盘,600748,2025-10-17 22:52:29
11:19:41,6.36,0.0,189,120204,卖盘,600748,2025-10-17 22:52:29
11:19:47,6.36,0.0,39,24804,卖盘,600748,2025-10-17 22:52:29
11:19:50,6.36,0.0,10,6360,卖盘,600748,2025-10-17 22:52:29
11:20:02,6.36,0.0,4,2544,卖盘,600748,2025-10-17 22:52:29
11:20:11,6.36,0.0,184,117024,卖盘,600748,2025-10-17 22:52:29
11:20:41,6.36,0.0,189,120204,卖盘,600748,2025-10-17 22:52:29
11:21:14,6.36,0.0,169,107484,卖盘,600748,2025-10-17 22:52:29
11:21:44,6.36,0.0,198,125928,卖盘,600748,2025-10-17 22:52:29
11:21:53,6.36,0.0,25,15900,卖盘,600748,2025-10-17 22:52:29
11:22:08,6.36,0.0,141,89676,卖盘,600748,2025-10-17 22:52:29
11:22:26,6.36,0.0,20,12720,卖盘,600748,2025-10-17 22:52:29
11:22:29,6.36,0.0,123,78228,卖盘,600748,2025-10-17 22:52:29
11:22:53,6.36,0.0,153,97308,卖盘,600748,2025-10-17 22:52:29
11:22:59,6.36,0.0,1,636,卖盘,600748,2025-10-17 22:52:29
11:23:05,6.36,0.0,20,12720,卖盘,600748,2025-10-17 22:52:29
11:23:20,6.36,0.0,357,227052,卖盘,600748,2025-10-17 22:52:29
11:23:41,6.36,0.0,144,91584,卖盘,600748,2025-10-17 22:52:29
11:23:47,6.36,0.0,3,1908,卖盘,600748,2025-10-17 22:52:29
11:23:50,6.36,0.0,20,12720,卖盘,600748,2025-10-17 22:52:29
11:24:08,6.36,0.0,144,91584,卖盘,600748,2025-10-17 22:52:29
11:24:20,6.36,0.0,74,47064,卖盘,600748,2025-10-17 22:52:29
11:24:23,6.36,0.0,10,6360,卖盘,600748,2025-10-17 22:52:29
11:24:32,6.36,0.0,132,83952,卖盘,600748,2025-10-17 22:52:29
11:24:38,6.36,0.0,2,1272,卖盘,600748,2025-10-17 22:52:29
11:24:59,6.36,0.0,183,116388,卖盘,600748,2025-10-17 22:52:29
11:25:23,6.36,0.0,688,437568,卖盘,600748,2025-10-17 22:52:29
11:25:26,6.36,0.0,32,20352,卖盘,600748,2025-10-17 22:52:29
11:25:32,6.36,0.0,5,3180,卖盘,600748,2025-10-17 22:52:29
11:25:50,6.36,0.0,190,120840,卖盘,600748,2025-10-17 22:52:29
11:26:05,6.36,0.0,50,31800,卖盘,600748,2025-10-17 22:52:29
11:26:23,6.36,0.0,171,108756,卖盘,600748,2025-10-17 22:52:29
11:26:53,6.36,0.0,207,131652,卖盘,600748,2025-10-17 22:52:29
11:27:17,6.36,0.0,3,1908,卖盘,600748,2025-10-17 22:52:29
11:27:23,6.36,0.0,150,95400,卖盘,600748,2025-10-17 22:52:29
11:27:38,6.36,0.0,1,636,卖盘,600748,2025-10-17 22:52:29
11:27:44,6.36,0.0,159,101124,卖盘,600748,2025-10-17 22:52:29
11:27:47,6.36,0.0,2,1272,卖盘,600748,2025-10-17 22:52:29
11:27:53,6.36,0.0,300,190800,卖盘,600748,2025-10-17 22:52:29
11:28:08,6.36,0.0,124,78864,卖盘,600748,2025-10-17 22:52:29
11:28:29,6.36,0.0,4,2544,卖盘,600748,2025-10-17 22:52:29
11:28:41,6.36,0.0,99,62964,卖盘,600748,2025-10-17 22:52:29
11:28:59,6.36,0.0,20,12720,卖盘,600748,2025-10-17 22:52:29
11:29:02,6.36,0.0,104,66144,卖盘,600748,2025-10-17 22:52:29
11:29:05,6.36,0.0,9,5724,卖盘,600748,2025-10-17 22:52:29
11:29:29,6.36,0.0,30,19080,卖盘,600748,2025-10-17 22:52:29
11:29:35,6.36,0.0,34,21624,卖盘,600748,2025-10-17 22:52:29
11:30:01,6.36,0.0,10,6360,卖盘,600748,2025-10-17 22:52:29
13:00:02,6.36,0.0,430,273480,卖盘,600748,2025-10-17 22:52:29
13:00:05,6.36,0.0,300,190800,卖盘,600748,2025-10-17 22:52:29
13:00:08,6.36,0.0,366,232776,卖盘,600748,2025-10-17 22:52:29
13:00:11,6.36,0.0,365,232140,卖盘,600748,2025-10-17 22:52:29
13:00:14,6.36,0.0,282,179225,卖盘,600748,2025-10-17 22:52:29
13:00:26,6.36,0.0,72,45792,卖盘,600748,2025-10-17 22:52:29
13:00:43,6.36,0.0,139,88404,卖盘,600748,2025-10-17 22:52:29
13:00:56,6.36,0.0,50,31800,卖盘,600748,2025-10-17 22:52:29
13:01:05,6.36,0.0,144,91584,卖盘,600748,2025-10-17 22:52:29
13:01:17,6.36,0.0,15,9540,卖盘,600748,2025-10-17 22:52:29
13:01:32,6.36,0.0,2,1272,卖盘,600748,2025-10-17 22:52:29
13:01:38,6.36,0.0,5,3180,卖盘,600748,2025-10-17 22:52:29
13:01:41,6.36,0.0,1966,1250439,卖盘,600748,2025-10-17 22:52:29
13:01:47,6.36,0.0,130,82680,卖盘,600748,2025-10-17 22:52:29
13:01:50,6.36,0.0,1,636,卖盘,600748,2025-10-17 22:52:29
13:01:56,6.36,0.0,200,127200,卖盘,600748,2025-10-17 22:52:29
13:01:59,6.36,0.0,4,2544,卖盘,600748,2025-10-17 22:52:29
13:02:05,6.36,0.0,1000,636000,卖盘,600748,2025-10-17 22:52:29
13:02:08,6.36,0.0,31,19716,卖盘,600748,2025-10-17 22:52:29
13:02:23,6.36,0.0,43,27348,卖盘,600748,2025-10-17 22:52:29
13:02:35,6.36,0.0,141,89676,卖盘,600748,2025-10-17 22:52:29
13:02:44,6.36,0.0,30,19080,卖盘,600748,2025-10-17 22:52:29
13:02:50,6.36,0.0,3,1908,卖盘,600748,2025-10-17 22:52:29
13:02:56,6.36,0.0,100,63600,卖盘,600748,2025-10-17 22:52:29
13:02:59,6.36,0.0,30,19080,卖盘,600748,2025-10-17 22:52:29
13:03:23,6.36,0.0,23,14628,卖盘,600748,2025-10-17 22:52:29
13:03:26,6.36,0.0,145,92220,卖盘,600748,2025-10-17 22:52:29
13:03:29,6.36,0.0,50,31800,卖盘,600748,2025-10-17 22:52:29
13:03:35,6.36,0.0,33,20988,卖盘,600748,2025-10-17 22:52:29
13:03:41,6.36,0.0,70,44520,卖盘,600748,2025-10-17 22:52:29
13:03:53,6.36,0.0,20,12720,卖盘,600748,2025-10-17 22:52:29
13:04:02,6.36,0.0,1,636,卖盘,600748,2025-10-17 22:52:29
13:04:08,6.36,0.0,420,267120,卖盘,600748,2025-10-17 22:52:29
13:04:17,6.36,0.0,150,95400,卖盘,600748,2025-10-17 22:52:29
13:04:26,6.36,0.0,176,111936,卖盘,600748,2025-10-17 22:52:29
13:04:47,6.36,0.0,10,6360,卖盘,600748,2025-10-17 22:52:29
13:05:02,6.36,0.0,138,87768,卖盘,600748,2025-10-17 22:52:29
13:05:11,6.36,0.0,12,7632,卖盘,600748,2025-10-17 22:52:29
13:05:20,6.36,0.0,1,636,卖盘,600748,2025-10-17 22:52:29
13:05:56,6.36,0.0,156,99216,卖盘,600748,2025-10-17 22:52:29
13:06:38,6.36,0.0,124,78864,卖盘,600748,2025-10-17 22:52:29
13:06:53,6.36,0.0,10,6360,卖盘,600748,2025-10-17 22:52:29
13:07:14,6.36,0.0,2,1272,卖盘,600748,2025-10-17 22:52:29
13:07:23,6.36,0.0,146,92856,卖盘,600748,2025-10-17 22:52:29
13:07:32,6.36,0.0,8,5088,卖盘,600748,2025-10-17 22:52:29
13:07:52,6.36,0.0,20,12720,卖盘,600748,2025-10-17 22:52:29
13:08:08,6.36,0.0,126,80136,卖盘,600748,2025-10-17 22:52:29
13:08:29,6.36,0.0,6,3816,卖盘,600748,2025-10-17 22:52:29
13:08:41,6.36,0.0,50,31800,卖盘,600748,2025-10-17 22:52:29
13:08:56,6.36,0.0,150,95400,卖盘,600748,2025-10-17 22:52:29
13:09:02,6.36,0.0,50,31800,卖盘,600748,2025-10-17 22:52:29
13:09:44,6.36,0.0,139,88404,卖盘,600748,2025-10-17 22:52:29
13:10:05,6.36,0.0,10,6360,卖盘,600748,2025-10-17 22:52:29
13:10:35,6.36,0.0,205,130380,卖盘,600748,2025-10-17 22:52:29
13:10:50,6.36,0.0,2,1272,卖盘,600748,2025-10-17 22:52:29
13:11:14,6.36,0.0,3,1908,卖盘,600748,2025-10-17 22:52:29
13:11:17,6.36,0.0,127,80772,卖盘,600748,2025-10-17 22:52:29
13:11:26,6.36,0.0,9,5724,卖盘,600748,2025-10-17 22:52:29
13:11:41,6.36,0.0,10,6360,卖盘,600748,2025-10-17 22:52:29
13:12:02,6.36,0.0,20,12975,卖盘,600748,2025-10-17 22:52:29
13:12:05,6.36,0.0,141,89676,卖盘,600748,2025-10-17 22:52:29
13:12:56,6.36,0.0,154,97944,卖盘,600748,2025-10-17 22:52:29
13:12:59,6.36,0.0,15,9540,卖盘,600748,2025-10-17 22:52:29
13:13:20,6.36,0.0,500,318000,卖盘,600748,2025-10-17 22:52:29
13:13:41,6.36,0.0,192,122112,卖盘,600748,2025-10-17 22:52:29
13:13:44,6.36,0.0,1,636,卖盘,600748,2025-10-17 22:52:29
13:13:59,6.36,0.0,19,12084,卖盘,600748,2025-10-17 22:52:29
13:14:35,6.36,0.0,153,97308,卖盘,600748,2025-10-17 22:52:29
13:14:50,6.36,0.0,20,12720,卖盘,600748,2025-10-17 22:52:29
13:15:08,6.36,0.0,5,3180,卖盘,600748,2025-10-17 22:52:29
13:15:26,6.36,0.0,148,94128,卖盘,600748,2025-10-17 22:52:29
13:15:41,6.36,0.0,210,133560,卖盘,600748,2025-10-17 22:52:29
13:15:50,6.36,0.0,100,63600,卖盘,600748,2025-10-17 22:52:29
13:15:56,6.36,0.0,234,148824,卖盘,600748,2025-10-17 22:52:29
13:16:08,6.36,0.0,123,78228,卖盘,600748,2025-10-17 22:52:29
13:16:14,6.36,0.0,108,68688,卖盘,600748,2025-10-17 22:52:29
13:16:29,6.36,0.0,280,178080,卖盘,600748,2025-10-17 22:52:29
13:16:35,6.36,0.0,31,19716,卖盘,600748,2025-10-17 22:52:29
13:16:41,6.36,0.0,60,38160,卖盘,600748,2025-10-17 22:52:29
13:16:50,6.36,0.0,10,6360,卖盘,600748,2025-10-17 22:52:29
13:16:56,6.36,0.0,145,92220,卖盘,600748,2025-10-17 22:52:29
13:17:08,6.36,0.0,50,31800,卖盘,600748,2025-10-17 22:52:29
13:17:43,6.36,0.0,141,89676,卖盘,600748,2025-10-17 22:52:29
13:18:32,6.36,0.0,148,94128,卖盘,600748,2025-10-17 22:52:29
13:18:44,6.36,0.0,40,25440,卖盘,600748,2025-10-17 22:52:29
13:18:47,6.36,0.0,1,636,卖盘,600748,2025-10-17 22:52:29
13:18:53,6.36,0.0,20,12720,卖盘,600748,2025-10-17 22:52:29
13:18:56,6.36,0.0,30,19080,卖盘,600748,2025-10-17 22:52:29
13:19:11,6.36,0.0,19,12084,卖盘,600748,2025-10-17 22:52:29
13:19:17,6.36,0.0,124,78864,卖盘,600748,2025-10-17 22:52:29
13:19:44,6.36,0.0,1,636,卖盘,600748,2025-10-17 22:52:29
13:19:56,6.36,0.0,10,6360,卖盘,600748,2025-10-17 22:52:29
13:20:02,6.36,0.0,163,103668,卖盘,600748,2025-10-17 22:52:29
13:20:20,6.36,0.0,25,15773,卖盘,600748,2025-10-17 22:52:29
13:20:23,6.36,0.0,15,9540,卖盘,600748,2025-10-17 22:52:29
13:20:29,6.36,0.0,5,3180,卖盘,600748,2025-10-17 22:52:29
13:20:47,6.36,0.0,133,84588,卖盘,600748,2025-10-17 22:52:29
13:20:53,6.36,0.0,200,127200,卖盘,600748,2025-10-17 22:52:29
13:21:08,6.36,0.0,22,13992,卖盘,600748,2025-10-17 22:52:29
13:21:29,6.36,0.0,10,6360,卖盘,600748,2025-10-17 22:52:29
13:21:35,6.36,0.0,186,118296,卖盘,600748,2025-10-17 22:52:29
13:21:38,6.36,0.0,147,93492,卖盘,600748,2025-10-17 22:52:29
13:21:41,6.36,0.0,5,3180,卖盘,600748,2025-10-17 22:52:29
13:21:47,6.36,0.0,100,63600,卖盘,600748,2025-10-17 22:52:29
13:21:56,6.36,0.0,10,6360,卖盘,600748,2025-10-17 22:52:29
13:22:02,6.36,0.0,1,636,卖盘,600748,2025-10-17 22:52:29
13:22:08,6.36,0.0,50,31800,卖盘,600748,2025-10-17 22:52:29
13:22:11,6.36,0.0,3,1908,卖盘,600748,2025-10-17 22:52:29
13:22:26,6.36,0.0,145,92220,卖盘,600748,2025-10-17 22:52:29
13:22:29,6.36,0.0,20,12720,卖盘,600748,2025-10-17 22:52:29
13:22:47,6.36,0.0,5,3180,卖盘,600748,2025-10-17 22:52:29
13:22:56,6.36,0.0,5870,3733072,卖盘,600748,2025-10-17 22:52:29
13:22:59,6.36,0.0,254,161544,卖盘,600748,2025-10-17 22:52:29
13:23:02,6.36,0.0,1,636,卖盘,600748,2025-10-17 22:52:29
13:23:05,6.36,0.0,50,31800,卖盘,600748,2025-10-17 22:52:29
13:23:14,6.36,0.0,138,87768,卖盘,600748,2025-10-17 22:52:29
13:23:17,6.36,0.0,50,31800,卖盘,600748,2025-10-17 22:52:29
13:23:20,6.36,0.0,81,51516,卖盘,600748,2025-10-17 22:52:29
13:23:29,6.36,0.0,13,8268,卖盘,600748,2025-10-17 22:52:29
13:23:32,6.36,0.0,3,1908,卖盘,600748,2025-10-17 22:52:29
13:23:38,6.36,0.0,10,6360,卖盘,600748,2025-10-17 22:52:29
13:23:50,6.36,0.0,320,203520,卖盘,600748,2025-10-17 22:52:29
13:24:02,6.36,0.0,155,98580,卖盘,600748,2025-10-17 22:52:29
13:24:05,6.36,0.0,8,5088,卖盘,600748,2025-10-17 22:52:29
13:24:08,6.36,0.0,26,16536,卖盘,600748,2025-10-17 22:52:29
13:24:23,6.36,0.0,50,31800,卖盘,600748,2025-10-17 22:52:29
13:24:29,6.36,0.0,29,18444,卖盘,600748,2025-10-17 22:52:29
13:24:44,6.36,0.0,176,111936,卖盘,600748,2025-10-17 22:52:29
13:24:47,6.36,0.0,50,31800,卖盘,600748,2025-10-17 22:52:29
13:25:02,6.36,0.0,3,1908,卖盘,600748,2025-10-17 22:52:29
13:25:08,6.36,0.0,10,6360,卖盘,600748,2025-10-17 22:52:29
13:25:20,6.36,0.0,1,636,卖盘,600748,2025-10-17 22:52:29
13:25:32,6.36,0.0,16,10176,卖盘,600748,2025-10-17 22:52:29
13:25:35,6.36,0.0,145,92220,卖盘,600748,2025-10-17 22:52:29
13:25:38,6.36,0.0,3,1908,卖盘,600748,2025-10-17 22:52:29
13:25:44,6.36,0.0,2,1272,卖盘,600748,2025-10-17 22:52:29
13:25:50,6.36,0.0,10,6360,卖盘,600748,2025-10-17 22:52:29
13:26:20,6.36,0.0,15,9540,卖盘,600748,2025-10-17 22:52:29
13:26:26,6.36,0.0,197,125292,卖盘,600748,2025-10-17 22:52:29
13:26:29,6.36,0.0,250,159000,卖盘,600748,2025-10-17 22:52:29
13:26:32,6.36,0.0,8,5088,卖盘,600748,2025-10-17 22:52:29
13:26:37,6.36,0.0,1,636,卖盘,600748,2025-10-17 22:52:29
13:26:44,6.36,0.0,10,6360,卖盘,600748,2025-10-17 22:52:29
13:26:47,6.36,0.0,10,6360,卖盘,600748,2025-10-17 22:52:29
13:27:02,6.36,0.0,1,636,卖盘,600748,2025-10-17 22:52:29
13:27:14,6.36,0.0,138,87768,卖盘,600748,2025-10-17 22:52:29
13:27:32,6.36,0.0,5,3180,卖盘,600748,2025-10-17 22:52:29
13:27:35,6.36,0.0,1,636,卖盘,600748,2025-10-17 22:52:29
13:27:41,6.36,0.0,1,636,卖盘,600748,2025-10-17 22:52:29
13:27:53,6.36,0.0,5,3180,卖盘,600748,2025-10-17 22:52:29
13:27:56,6.36,0.0,133,84588,卖盘,600748,2025-10-17 22:52:29
13:28:02,6.36,0.0,3,1908,卖盘,600748,2025-10-17 22:52:29
13:28:29,6.36,0.0,6,3816,卖盘,600748,2025-10-17 22:52:29
13:28:32,6.36,0.0,8,5088,卖盘,600748,2025-10-17 22:52:29
13:28:44,6.36,0.0,144,91584,卖盘,600748,2025-10-17 22:52:29
13:28:59,6.36,0.0,50,31800,卖盘,600748,2025-10-17 22:52:29
13:29:02,6.36,0.0,193,122748,卖盘,600748,2025-10-17 22:52:29
13:29:08,6.36,0.0,2,1272,卖盘,600748,2025-10-17 22:52:29
13:29:17,6.36,0.0,7,4452,卖盘,600748,2025-10-17 22:52:29
13:29:20,6.36,0.0,588,373968,卖盘,600748,2025-10-17 22:52:29
13:29:29,6.36,0.0,50,31800,卖盘,600748,2025-10-17 22:52:29
13:29:32,6.36,0.0,100,63600,卖盘,600748,2025-10-17 22:52:29
13:29:35,6.36,0.0,157,99852,卖盘,600748,2025-10-17 22:52:29
13:29:38,6.36,0.0,2,1272,卖盘,600748,2025-10-17 22:52:29
13:29:41,6.36,0.0,21,13356,卖盘,600748,2025-10-17 22:52:29
13:29:50,6.36,0.0,20,12720,卖盘,600748,2025-10-17 22:52:29
13:29:59,6.36,0.0,2,1272,卖盘,600748,2025-10-17 22:52:29
13:30:08,6.36,0.0,200,127200,卖盘,600748,2025-10-17 22:52:29
13:30:11,6.36,0.0,4,2544,卖盘,600748,2025-10-17 22:52:29
13:30:17,6.36,0.0,30,19080,卖盘,600748,2025-10-17 22:52:29
13:30:20,6.36,0.0,200,127200,卖盘,600748,2025-10-17 22:52:29
13:30:26,6.36,0.0,145,92220,卖盘,600748,2025-10-17 22:52:29
13:30:32,6.36,0.0,171,108756,卖盘,600748,2025-10-17 22:52:29
13:30:35,6.36,0.0,25,15900,卖盘,600748,2025-10-17 22:52:29
13:30:38,6.36,0.0,100,63600,卖盘,600748,2025-10-17 22:52:29
13:30:44,6.36,0.0,90,57240,卖盘,600748,2025-10-17 22:52:29
13:30:47,6.36,0.0,10,6360,卖盘,600748,2025-10-17 22:52:29
13:31:05,6.36,0.0,4315,2744340,卖盘,600748,2025-10-17 22:52:29
13:31:11,6.36,0.0,284,180624,卖盘,600748,2025-10-17 22:52:29
13:31:14,6.36,0.0,148,94128,卖盘,600748,2025-10-17 22:52:29
13:31:17,6.36,0.0,130,82680,卖盘,600748,2025-10-17 22:52:29
13:31:19,6.36,0.0,84,53424,卖盘,600748,2025-10-17 22:52:29
13:31:26,6.36,0.0,114,72504,卖盘,600748,2025-10-17 22:52:29
13:31:29,6.36,0.0,90,57240,卖盘,600748,2025-10-17 22:52:29
13:31:32,6.36,0.0,250,159000,卖盘,600748,2025-10-17 22:52:29
13:31:35,6.36,0.0,62,39432,卖盘,600748,2025-10-17 22:52:29
13:31:38,6.36,0.0,32,20352,卖盘,600748,2025-10-17 22:52:29
13:31:41,6.36,0.0,9,5724,卖盘,600748,2025-10-17 22:52:29
13:31:44,6.36,0.0,50,31800,卖盘,600748,2025-10-17 22:52:29
13:31:47,6.36,0.0,300,190800,卖盘,600748,2025-10-17 22:52:29
13:31:50,6.36,0.0,4,2544,卖盘,600748,2025-10-17 22:52:29
13:31:53,6.36,0.0,330,209880,卖盘,600748,2025-10-17 22:52:29
13:31:59,6.36,0.0,12,7632,卖盘,600748,2025-10-17 22:52:29
13:32:02,6.36,0.0,168,106848,卖盘,600748,2025-10-17 22:52:29
13:32:05,6.36,0.0,147,93492,卖盘,600748,2025-10-17 22:52:29
13:32:08,6.36,0.0,12,7632,卖盘,600748,2025-10-17 22:52:29
13:32:11,6.36,0.0,127,80772,卖盘,600748,2025-10-17 22:52:29
13:32:20,6.36,0.0,750,477000,卖盘,600748,2025-10-17 22:52:29
13:32:23,6.36,0.0,120,76320,卖盘,600748,2025-10-17 22:52:29
13:32:41,6.36,0.0,7,4452,卖盘,600748,2025-10-17 22:52:29
13:32:47,6.36,0.0,10,6360,卖盘,600748,2025-10-17 22:52:29
13:32:53,6.36,0.0,1,636,卖盘,600748,2025-10-17 22:52:29
13:32:56,6.36,0.0,151,96036,卖盘,600748,2025-10-17 22:52:29
13:33:02,6.36,0.0,70,44774,卖盘,600748,2025-10-17 22:52:29
13:33:05,6.36,0.0,10,6360,卖盘,600748,2025-10-17 22:52:29
13:33:08,6.36,0.0,10,6360,卖盘,600748,2025-10-17 22:52:29
13:33:20,6.36,0.0,10,6360,卖盘,600748,2025-10-17 22:52:29
13:33:32,6.36,0.0,1295,823620,卖盘,600748,2025-10-17 22:52:29
13:33:38,6.36,0.0,402,255672,卖盘,600748,2025-10-17 22:52:29
13:33:44,6.36,0.0,147,93492,卖盘,600748,2025-10-17 22:52:29
13:33:47,6.36,0.0,286,181896,卖盘,600748,2025-10-17 22:52:29
13:33:50,6.36,0.0,1,636,卖盘,600748,2025-10-17 22:52:29
13:33:53,6.36,0.0,130,82680,卖盘,600748,2025-10-17 22:52:29
13:33:56,6.36,0.0,8,5088,卖盘,600748,2025-10-17 22:52:29
13:34:02,6.36,0.0,200,127200,卖盘,600748,2025-10-17 22:52:29
13:34:08,6.36,0.0,8,5088,卖盘,600748,2025-10-17 22:52:29
13:34:29,6.36,0.0,634,403224,卖盘,600748,2025-10-17 22:52:29
13:34:32,6.36,0.0,138,87768,卖盘,600748,2025-10-17 22:52:29
13:34:44,6.36,0.0,9,5724,卖盘,600748,2025-10-17 22:52:29
13:34:47,6.36,0.0,1,636,卖盘,600748,2025-10-17 22:52:29
13:35:05,6.36,0.0,3,1908,卖盘,600748,2025-10-17 22:52:29
13:35:11,6.36,0.0,234,148525,卖盘,600748,2025-10-17 22:52:29
13:35:17,6.36,0.0,7,4134,卖盘,600748,2025-10-17 22:52:29
13:35:23,6.36,0.0,154,97944,卖盘,600748,2025-10-17 22:52:29
13:35:38,6.36,0.0,38,24168,卖盘,600748,2025-10-17 22:52:29
13:35:41,6.36,0.0,50,31800,卖盘,600748,2025-10-17 22:52:29
13:35:53,6.36,0.0,4,2544,卖盘,600748,2025-10-17 22:52:29
13:35:59,6.36,0.0,1,636,卖盘,600748,2025-10-17 22:52:29
13:36:02,6.36,0.0,5,3180,卖盘,600748,2025-10-17 22:52:29
13:36:11,6.36,0.0,401,255036,卖盘,600748,2025-10-17 22:52:29
13:36:14,6.36,0.0,141,89676,卖盘,600748,2025-10-17 22:52:29
13:36:20,6.36,0.0,2,1272,卖盘,600748,2025-10-17 22:52:29
13:36:44,6.36,0.0,1,636,卖盘,600748,2025-10-17 22:52:29
13:36:53,6.36,0.0,142,90312,卖盘,600748,2025-10-17 22:52:29
13:37:08,6.36,0.0,8,5088,卖盘,600748,2025-10-17 22:52:29
13:37:26,6.36,0.0,100,63600,卖盘,600748,2025-10-17 22:52:29
13:37:38,6.36,0.0,127,80772,卖盘,600748,2025-10-17 22:52:29
13:37:41,6.36,0.0,42,26712,卖盘,600748,2025-10-17 22:52:29
13:37:44,6.36,0.0,10,6360,卖盘,600748,2025-10-17 22:52:29
13:38:02,6.36,0.0,5,3180,卖盘,600748,2025-10-17 22:52:29
13:38:11,6.36,0.0,1,636,卖盘,600748,2025-10-17 22:52:29
13:38:26,6.36,0.0,142,90312,卖盘,600748,2025-10-17 22:52:29
13:38:28,6.36,0.0,3,1908,卖盘,600748,2025-10-17 22:52:29
13:38:59,6.36,0.0,1,636,卖盘,600748,2025-10-17 22:52:29
13:39:11,6.36,0.0,136,86496,卖盘,600748,2025-10-17 22:52:29
13:39:26,6.36,0.0,10,6360,卖盘,600748,2025-10-17 22:52:29
13:39:32,6.36,0.0,10,6360,卖盘,600748,2025-10-17 22:52:29
13:39:41,6.36,0.0,65,41340,卖盘,600748,2025-10-17 22:52:29
13:39:53,6.36,0.0,124,78864,卖盘,600748,2025-10-17 22:52:29
13:39:56,6.36,0.0,18,11448,卖盘,600748,2025-10-17 22:52:29
13:40:02,6.36,0.0,86,54696,卖盘,600748,2025-10-17 22:52:29
13:40:11,6.36,0.0,100,63600,卖盘,600748,2025-10-17 22:52:29
13:40:22,6.36,0.0,2,1272,卖盘,600748,2025-10-17 22:52:29
13:40:32,6.36,0.0,268,170448,卖盘,600748,2025-10-17 22:52:29
13:40:38,6.36,0.0,130,82680,卖盘,600748,2025-10-17 22:52:29
13:40:56,6.36,0.0,2,1272,卖盘,600748,2025-10-17 22:52:29
13:40:59,6.36,0.0,137,87132,卖盘,600748,2025-10-17 22:52:29
13:41:02,6.36,0.0,8187,5206932,卖盘,600748,2025-10-17 22:52:29
13:41:05,6.36,0.0,18,11448,卖盘,600748,2025-10-17 22:52:29
13:41:08,6.36,0.0,10,6360,卖盘,600748,2025-10-17 22:52:29
13:41:11,6.36,0.0,428,272208,卖盘,600748,2025-10-17 22:52:29
13:41:17,6.36,0.0,56,35616,卖盘,600748,2025-10-17 22:52:29
13:41:20,6.36,0.0,43,27348,卖盘,600748,2025-10-17 22:52:29
13:41:23,6.36,0.0,10,6360,卖盘,600748,2025-10-17 22:52:29
13:41:26,6.36,0.0,444,282384,卖盘,600748,2025-10-17 22:52:29
13:41:29,6.36,0.0,34,21624,卖盘,600748,2025-10-17 22:52:29
13:41:32,6.36,0.0,50,31800,卖盘,600748,2025-10-17 22:52:29
13:41:41,6.36,0.0,100,63600,卖盘,600748,2025-10-17 22:52:29
13:41:44,6.36,0.0,428,272208,卖盘,600748,2025-10-17 22:52:29
13:41:47,6.36,0.0,119,75684,卖盘,600748,2025-10-17 22:52:29
13:41:56,6.36,0.0,104,66144,卖盘,600748,2025-10-17 22:52:29
13:42:05,6.36,0.0,10000,6360000,卖盘,600748,2025-10-17 22:52:29
13:42:08,6.36,0.0,8573,5452428,卖盘,600748,2025-10-17 22:52:29
13:42:11,6.36,0.0,14336,9117696,卖盘,600748,2025-10-17 22:52:29
13:42:14,6.36,0.0,2476,1574736,卖盘,600748,2025-10-17 22:52:29
13:42:17,6.36,0.0,2806,1784055,卖盘,600748,2025-10-17 22:52:29
13:42:20,6.34,-0.02,3679,2335464,卖盘,600748,2025-10-17 22:52:29
13:42:23,6.33,-0.01,1220,772629,卖盘,600748,2025-10-17 22:52:29
13:42:26,6.33,0.0,329,208069,卖盘,600748,2025-10-17 22:52:29
13:42:29,6.31,-0.02,2891,1826834,卖盘,600748,2025-10-17 22:52:29
13:42:32,6.3,-0.01,258,162724,卖盘,600748,2025-10-17 22:52:29
13:42:35,6.3,0.0,780,491512,卖盘,600748,2025-10-17 22:52:29
13:42:38,6.29,-0.01,379,238302,卖盘,600748,2025-10-17 22:52:29
13:42:41,6.28,-0.01,439,275694,卖盘,600748,2025-10-17 22:52:29
13:42:44,6.29,0.01,106,66601,买盘,600748,2025-10-17 22:52:29
13:42:47,6.29,0.0,317,199120,买盘,600748,2025-10-17 22:52:29
13:42:50,6.28,-0.01,943,592668,卖盘,600748,2025-10-17 22:52:29
13:42:53,6.28,0.0,723,454039,买盘,600748,2025-10-17 22:52:29
13:42:56,6.28,0.0,1622,1017010,买盘,600748,2025-10-17 22:52:29
13:42:59,6.28,0.0,357,223987,买盘,600748,2025-10-17 22:52:29
13:43:01,6.27,-0.01,617,387143,卖盘,600748,2025-10-17 22:52:29
13:43:05,6.27,0.0,175,109765,卖盘,600748,2025-10-17 22:52:29
13:43:08,6.27,0.0,190,119121,买盘,600748,2025-10-17 22:52:29
13:43:11,6.31,0.04,8182,5155200,买盘,600748,2025-10-17 22:52:29
13:43:14,6.33,0.02,7903,5005458,买盘,600748,2025-10-17 22:52:29
13:43:16,6.36,0.03,1734,1100978,买盘,600748,2025-10-17 22:52:29
13:43:20,6.35,-0.01,1372,872270,卖盘,600748,2025-10-17 22:52:29
13:43:23,6.35,0.0,719,457051,卖盘,600748,2025-10-17 22:52:29
13:43:26,6.33,-0.02,923,585233,卖盘,600748,2025-10-17 22:52:29
13:43:29,6.34,0.01,289,183148,买盘,600748,2025-10-17 22:52:29
13:43:32,6.34,0.0,855,541520,买盘,600748,2025-10-17 22:52:29
13:43:35,6.35,0.01,505,320474,买盘,600748,2025-10-17 22:52:29
13:43:38,6.36,0.01,1928,1226097,买盘,600748,2025-10-17 22:52:29
13:43:41,6.36,0.0,2794,1776958,买盘,600748,2025-10-17 22:52:29
13:43:44,6.36,0.0,2747,1746692,买盘,600748,2025-10-17 22:52:29
13:43:47,6.36,0.0,1318,838376,买盘,600748,2025-10-17 22:52:29
13:43:50,6.36,0.0,63,40068,卖盘,600748,2025-10-17 22:52:29
13:43:53,6.36,0.0,102,64872,卖盘,600748,2025-10-17 22:52:29
13:43:56,6.36,0.0,137,87132,卖盘,600748,2025-10-17 22:52:29
13:43:59,6.36,0.0,404,256944,卖盘,600748,2025-10-17 22:52:29
13:44:02,6.36,0.0,250,159000,卖盘,600748,2025-10-17 22:52:29
13:44:05,6.36,0.0,76,48336,卖盘,600748,2025-10-17 22:52:29
13:44:08,6.36,0.0,25,15900,卖盘,600748,2025-10-17 22:52:29
13:44:11,6.36,0.0,79,50244,卖盘,600748,2025-10-17 22:52:29
13:44:14,6.36,0.0,100,63600,卖盘,600748,2025-10-17 22:52:29
13:44:17,6.36,0.0,386,245496,卖盘,600748,2025-10-17 22:52:29
13:44:20,6.36,0.0,2021,1285356,卖盘,600748,2025-10-17 22:52:29
13:44:22,6.36,0.0,512,325632,卖盘,600748,2025-10-17 22:52:29
13:44:26,6.36,0.0,623,396228,卖盘,600748,2025-10-17 22:52:29
13:44:29,6.36,0.0,1632,1037952,卖盘,600748,2025-10-17 22:52:29
13:44:32,6.36,0.0,513,326268,卖盘,600748,2025-10-17 22:52:29
13:44:35,6.36,0.0,1501,954501,卖盘,600748,2025-10-17 22:52:29
13:44:37,6.36,0.0,113,71785,买盘,600748,2025-10-17 22:52:29
13:44:41,6.36,0.0,1233,784188,买盘,600748,2025-10-17 22:52:29
13:44:44,6.36,0.0,350,222600,卖盘,600748,2025-10-17 22:52:29
13:44:47,6.36,0.0,702,446472,卖盘,600748,2025-10-17 22:52:29
13:44:50,6.36,0.0,261,165996,卖盘,600748,2025-10-17 22:52:29
13:44:53,6.36,0.0,5666,3603576,卖盘,600748,2025-10-17 22:52:29
13:44:56,6.36,0.0,598,380328,卖盘,600748,2025-10-17 22:52:29
13:44:59,6.36,0.0,593,377148,卖盘,600748,2025-10-17 22:52:29
13:45:02,6.36,0.0,322,204776,卖盘,600748,2025-10-17 22:52:29
13:45:05,6.36,0.0,73,46419,买盘,600748,2025-10-17 22:52:29
13:45:07,6.36,0.0,106,67355,买盘,600748,2025-10-17 22:52:29
13:45:11,6.36,0.0,208,132255,买盘,600748,2025-10-17 22:52:29
13:45:14,6.35,-0.01,21,13343,卖盘,600748,2025-10-17 22:52:29
13:45:17,6.36,0.01,929,590106,买盘,600748,2025-10-17 22:52:29
13:45:20,6.35,-0.01,424,269240,卖盘,600748,2025-10-17 22:52:29
13:45:23,6.36,0.01,1354,859670,买盘,600748,2025-10-17 22:52:29
13:45:26,6.34,-0.02,131,83060,卖盘,600748,2025-10-17 22:52:29
13:45:29,6.34,0.0,716,453259,买盘,600748,2025-10-17 22:52:29
13:45:32,6.35,0.01,352,223274,买盘,600748,2025-10-17 22:52:29
13:45:35,6.36,0.01,151,95960,买盘,600748,2025-10-17 22:52:29
13:45:38,6.36,0.0,278,176720,买盘,600748,2025-10-17 22:52:29
13:45:41,6.36,0.0,319,202881,买盘,600748,2025-10-17 22:52:29
13:45:44,6.36,0.0,211,134190,买盘,600748,2025-10-17 22:52:29
13:45:47,6.36,0.0,282,179336,买盘,600748,2025-10-17 22:52:29
13:45:50,6.35,-0.01,1639,1041841,卖盘,600748,2025-10-17 22:52:29
13:45:53,6.35,0.0,83,52701,买盘,600748,2025-10-17 22:52:29
13:45:56,6.35,0.0,57,36154,买盘,600748,2025-10-17 22:52:29
13:45:59,6.34,-0.01,242,153542,卖盘,600748,2025-10-17 22:52:29
13:46:02,6.35,0.01,162,102790,买盘,600748,2025-10-17 22:52:29
13:46:05,6.34,-0.01,84,53311,卖盘,600748,2025-10-17 22:52:29
13:46:08,6.35,0.01,90,57095,买盘,600748,2025-10-17 22:52:29
13:46:11,6.35,0.0,676,428825,买盘,600748,2025-10-17 22:52:29
13:46:14,6.34,-0.01,1030,653745,卖盘,600748,2025-10-17 22:52:29
13:46:17,6.35,0.01,1321,838497,买盘,600748,2025-10-17 22:52:29
13:46:20,6.35,0.0,150,95225,买盘,600748,2025-10-17 22:52:29
13:46:23,6.35,0.0,7633,4846922,买盘,600748,2025-10-17 22:52:29
13:46:26,6.36,0.01,588,373489,买盘,600748,2025-10-17 22:52:29
13:46:29,6.36,0.0,1318,838245,买盘,600748,2025-10-17 22:52:29
13:46:32,6.36,0.0,956,608016,买盘,600748,2025-10-17 22:52:29
13:46:35,6.36,0.0,640,407021,买盘,600748,2025-10-17 22:52:29
13:46:38,6.36,0.0,675,429298,买盘,600748,2025-10-17 22:52:29
13:46:41,6.35,-0.01,383,243465,卖盘,600748,2025-10-17 22:52:29
13:46:44,6.36,0.01,1315,836340,买盘,600748,2025-10-17 22:52:29
13:46:47,6.36,0.0,1046,665235,买盘,600748,2025-10-17 22:52:29
13:46:50,6.36,0.0,1319,838881,买盘,600748,2025-10-17 22:52:29
13:46:53,6.36,0.0,3032,1926609,买盘,600748,2025-10-17 22:52:29
13:46:56,6.36,0.0,1549,985164,买盘,600748,2025-10-17 22:52:29
13:46:59,6.36,0.0,316,200930,买盘,600748,2025-10-17 22:52:29
13:47:02,6.36,0.0,260,165359,买盘,600748,2025-10-17 22:52:29
13:47:05,6.36,0.0,256,162813,买盘,600748,2025-10-17 22:52:29
13:47:08,6.36,0.0,340,216237,买盘,600748,2025-10-17 22:52:29
13:47:11,6.36,0.0,176,111933,买盘,600748,2025-10-17 22:52:29
13:47:14,6.36,0.0,1440,915790,买盘,600748,2025-10-17 22:52:29
13:47:17,6.36,0.0,769,489064,买盘,600748,2025-10-17 22:52:29
13:47:20,6.36,0.0,1414,899275,买盘,600748,2025-10-17 22:52:29
13:47:23,6.36,0.0,987,627601,买盘,600748,2025-10-17 22:52:29
13:47:26,6.35,-0.01,739,469848,卖盘,600748,2025-10-17 22:52:29
13:47:29,6.36,0.01,105,66780,卖盘,600748,2025-10-17 22:52:29
13:47:32,6.36,0.0,23,14628,卖盘,600748,2025-10-17 22:52:29
13:47:35,6.36,0.0,92,58640,卖盘,600748,2025-10-17 22:52:29
13:47:38,6.36,0.0,526,334536,卖盘,600748,2025-10-17 22:52:29
13:47:41,6.36,0.0,11,6996,卖盘,600748,2025-10-17 22:52:29
13:47:44,6.36,0.0,70,44520,卖盘,600748,2025-10-17 22:52:29
13:47:47,6.36,0.0,30,19080,卖盘,600748,2025-10-17 22:52:29
13:47:50,6.36,0.0,110,69960,卖盘,600748,2025-10-17 22:52:29
13:47:53,6.36,0.0,547,347892,卖盘,600748,2025-10-17 22:52:29
13:48:02,6.36,0.0,509,323724,卖盘,600748,2025-10-17 22:52:29
13:48:08,6.36,0.0,10,6360,卖盘,600748,2025-10-17 22:52:29
13:48:11,6.36,0.0,37,23532,卖盘,600748,2025-10-17 22:52:29
13:48:14,6.36,0.0,215,136740,卖盘,600748,2025-10-17 22:52:29
13:48:17,6.36,0.0,18,11448,卖盘,600748,2025-10-17 22:52:29
13:48:20,6.36,0.0,5,3180,卖盘,600748,2025-10-17 22:52:29
13:48:23,6.36,0.0,618,393048,卖盘,600748,2025-10-17 22:52:29
13:48:28,6.36,0.0,178,113208,卖盘,600748,2025-10-17 22:52:29
13:48:32,6.36,0.0,2086,1326696,卖盘,600748,2025-10-17 22:52:29
13:48:35,6.36,0.0,1423,905028,卖盘,600748,2025-10-17 22:52:29
13:48:38,6.36,0.0,697,443292,卖盘,600748,2025-10-17 22:52:29
13:48:41,6.36,0.0,817,519612,卖盘,600748,2025-10-17 22:52:29
13:48:44,6.36,0.0,1103,701508,卖盘,600748,2025-10-17 22:52:29
13:48:47,6.36,0.0,507,322452,卖盘,600748,2025-10-17 22:52:29
13:48:50,6.36,0.0,388,246768,卖盘,600748,2025-10-17 22:52:29
13:48:53,6.36,0.0,1108,704688,卖盘,600748,2025-10-17 22:52:29
13:48:56,6.36,0.0,120,76320,卖盘,600748,2025-10-17 22:52:29
13:48:59,6.36,0.0,2,1272,卖盘,600748,2025-10-17 22:52:29
13:49:02,6.36,0.0,39,24804,卖盘,600748,2025-10-17 22:52:29
13:49:05,6.36,0.0,540,343440,卖盘,600748,2025-10-17 22:52:29
13:49:08,6.36,0.0,836,531696,卖盘,600748,2025-10-17 22:52:29
13:49:11,6.36,0.0,650,413400,卖盘,600748,2025-10-17 22:52:29
13:49:13,6.36,0.0,413,262618,卖盘,600748,2025-10-17 22:52:29
13:49:17,6.36,0.0,208,132248,买盘,600748,2025-10-17 22:52:29
13:49:20,6.36,0.0,232,147552,买盘,600748,2025-10-17 22:52:29
13:49:23,6.36,0.0,229,145603,买盘,600748,2025-10-17 22:52:29
13:49:26,6.36,0.0,209,132906,买盘,600748,2025-10-17 22:52:29
13:49:29,6.36,0.0,280,177950,买盘,600748,2025-10-17 22:52:29
13:49:32,6.36,0.0,90,57240,卖盘,600748,2025-10-17 22:52:29
13:49:35,6.36,0.0,50,31800,卖盘,600748,2025-10-17 22:52:29
13:49:38,6.36,0.0,31,19716,卖盘,600748,2025-10-17 22:52:29
13:49:41,6.36,0.0,87,55332,卖盘,600748,2025-10-17 22:52:29
13:49:44,6.36,0.0,1,636,卖盘,600748,2025-10-17 22:52:29
13:49:47,6.36,0.0,65,41340,卖盘,600748,2025-10-17 22:52:29
13:49:50,6.36,0.0,507,322452,卖盘,600748,2025-10-17 22:52:29
13:49:53,6.36,0.0,1000,636000,卖盘,600748,2025-10-17 22:52:29
13:49:56,6.36,0.0,0,254,卖盘,600748,2025-10-17 22:52:29
13:50:02,6.36,0.0,20,12720,卖盘,600748,2025-10-17 22:52:29
13:50:05,6.36,0.0,216,137376,卖盘,600748,2025-10-17 22:52:29
13:50:08,6.36,0.0,39,24804,卖盘,600748,2025-10-17 22:52:29
13:50:11,6.36,0.0,422,268392,卖盘,600748,2025-10-17 22:52:29
13:50:14,6.36,0.0,30,19080,卖盘,600748,2025-10-17 22:52:29
13:50:17,6.36,0.0,211,134196,卖盘,600748,2025-10-17 22:52:29
13:50:20,6.36,0.0,1141,725676,卖盘,600748,2025-10-17 22:52:29
13:50:23,6.36,0.0,72,45792,卖盘,600748,2025-10-17 22:52:29
13:50:26,6.36,0.0,1,636,卖盘,600748,2025-10-17 22:52:29
13:50:29,6.36,0.0,170,108120,卖盘,600748,2025-10-17 22:52:29
13:50:32,6.36,0.0,211,134196,卖盘,600748,2025-10-17 22:52:29
13:50:35,6.36,0.0,206,131016,卖盘,600748,2025-10-17 22:52:29
13:50:38,6.36,0.0,1600,1017600,卖盘,600748,2025-10-17 22:52:29
13:50:41,6.36,0.0,120,76320,卖盘,600748,2025-10-17 22:52:29
13:50:44,6.36,0.0,249,158364,卖盘,600748,2025-10-17 22:52:29
13:50:47,6.36,0.0,258,164088,卖盘,600748,2025-10-17 22:52:29
13:50:50,6.36,0.0,406,258216,卖盘,600748,2025-10-17 22:52:29
13:50:56,6.36,0.0,50,31800,卖盘,600748,2025-10-17 22:52:29
13:50:59,6.36,0.0,115,73267,卖盘,600748,2025-10-17 22:52:29
13:51:02,6.36,0.0,27,17172,卖盘,600748,2025-10-17 22:52:29
13:51:05,6.36,0.0,774,492264,卖盘,600748,2025-10-17 22:52:29
13:51:11,6.36,0.0,144,91839,卖盘,600748,2025-10-17 22:52:29
13:51:14,6.36,0.0,42,26689,买盘,600748,2025-10-17 22:52:29
13:51:17,6.35,-0.01,164,104216,卖盘,600748,2025-10-17 22:52:29
13:51:20,6.35,0.0,54,34333,卖盘,600748,2025-10-17 22:52:29
13:51:23,6.36,0.01,134,85222,买盘,600748,2025-10-17 22:52:29
13:51:26,6.36,0.0,89,56604,买盘,600748,2025-10-17 22:52:29
13:51:29,6.36,0.0,127,80772,买盘,600748,2025-10-17 22:52:29
13:51:32,6.36,0.0,17,10812,买盘,600748,2025-10-17 22:52:29
13:51:35,6.36,0.0,173,110028,买盘,600748,2025-10-17 22:52:29
13:51:38,6.35,-0.01,291,184859,卖盘,600748,2025-10-17 22:52:29
13:51:41,6.36,0.01,834,530191,买盘,600748,2025-10-17 22:52:29
13:51:44,6.35,-0.01,2723,1729131,卖盘,600748,2025-10-17 22:52:29
13:51:47,6.35,0.0,686,435091,买盘,600748,2025-10-17 22:52:29
13:51:50,6.35,0.0,2025,1284031,买盘,600748,2025-10-17 22:52:29
13:51:53,6.33,-0.02,1005,637058,卖盘,600748,2025-10-17 22:52:29
13:51:56,6.33,0.0,1103,699110,卖盘,600748,2025-10-17 22:52:29
13:51:59,6.35,0.02,38,24130,买盘,600748,2025-10-17 22:52:29
13:52:02,6.35,0.0,68,43159,买盘,600748,2025-10-17 22:52:29
13:52:05,6.35,0.0,176,111633,买盘,600748,2025-10-17 22:52:29
13:52:08,6.35,0.0,2157,1369499,买盘,600748,2025-10-17 22:52:29
13:52:11,6.36,0.01,1,636,买盘,600748,2025-10-17 22:52:29
13:52:14,6.36,0.0,422,268392,买盘,600748,2025-10-17 22:52:29
13:52:17,6.36,0.0,191,121403,买盘,600748,2025-10-17 22:52:29
13:52:20,6.36,0.0,171,108746,买盘,600748,2025-10-17 22:52:29
13:52:23,6.36,0.0,367,233262,买盘,600748,2025-10-17 22:52:29
13:52:26,6.36,0.0,202,128463,买盘,600748,2025-10-17 22:52:29
13:52:29,6.36,0.0,165,104920,买盘,600748,2025-10-17 22:52:29
13:52:32,6.36,0.0,4170,2651824,买盘,600748,2025-10-17 22:52:29
13:52:35,6.36,0.0,20,12720,卖盘,600748,2025-10-17 22:52:29
13:52:38,6.36,0.0,1,636,卖盘,600748,2025-10-17 22:52:29
13:52:41,6.36,0.0,100,63600,卖盘,600748,2025-10-17 22:52:29
13:52:47,6.36,0.0,78,49608,卖盘,600748,2025-10-17 22:52:29
13:52:50,6.36,0.0,106,67416,卖盘,600748,2025-10-17 22:52:29
13:52:53,6.36,0.0,5,3180,卖盘,600748,2025-10-17 22:52:29
13:52:56,6.36,0.0,5,3180,卖盘,600748,2025-10-17 22:52:29
13:52:59,6.36,0.0,108,68688,卖盘,600748,2025-10-17 22:52:29
13:53:02,6.36,0.0,89,56604,卖盘,600748,2025-10-17 22:52:29
13:53:05,6.36,0.0,16,10176,卖盘,600748,2025-10-17 22:52:29
13:53:08,6.36,0.0,282,179352,卖盘,600748,2025-10-17 22:52:29
13:53:10,6.36,0.0,8,5088,卖盘,600748,2025-10-17 22:52:29
13:53:17,6.36,0.0,33,20988,卖盘,600748,2025-10-17 22:52:29
13:53:20,6.36,0.0,5,3180,卖盘,600748,2025-10-17 22:52:29
13:53:23,6.36,0.0,234,148824,卖盘,600748,2025-10-17 22:52:29
13:53:29,6.36,0.0,15,9540,卖盘,600748,2025-10-17 22:52:29
13:53:32,6.36,0.0,98,62328,卖盘,600748,2025-10-17 22:52:29
13:53:35,6.36,0.0,5,3180,卖盘,600748,2025-10-17 22:52:29
13:53:38,6.36,0.0,2,1272,卖盘,600748,2025-10-17 22:52:29
13:53:47,6.36,0.0,110,69960,卖盘,600748,2025-10-17 22:52:29
13:53:53,6.36,0.0,18,11448,卖盘,600748,2025-10-17 22:52:29
13:53:56,6.36,0.0,24,15264,卖盘,600748,2025-10-17 22:52:29
13:54:02,6.36,0.0,100,63600,卖盘,600748,2025-10-17 22:52:29
13:54:05,6.36,0.0,30,19080,卖盘,600748,2025-10-17 22:52:29
13:54:11,6.36,0.0,602,382872,卖盘,600748,2025-10-17 22:52:29
13:54:23,6.36,0.0,13,8268,卖盘,600748,2025-10-17 22:52:29
13:54:26,6.36,0.0,20,12720,卖盘,600748,2025-10-17 22:52:29
13:54:44,6.36,0.0,200,127200,卖盘,600748,2025-10-17 22:52:29
13:54:50,6.36,0.0,30,19080,卖盘,600748,2025-10-17 22:52:29
13:55:17,6.36,0.0,10,6360,卖盘,600748,2025-10-17 22:52:29
13:55:20,6.36,0.0,100,63600,卖盘,600748,2025-10-17 22:52:29
13:55:26,6.36,0.0,30,19080,卖盘,600748,2025-10-17 22:52:29
13:55:29,6.36,0.0,5,3180,卖盘,600748,2025-10-17 22:52:29
13:55:35,6.36,0.0,8,5088,卖盘,600748,2025-10-17 22:52:29
13:55:41,6.36,0.0,4,2544,卖盘,600748,2025-10-17 22:52:29
13:55:44,6.36,0.0,149,94930,卖盘,600748,2025-10-17 22:52:29
13:55:47,6.36,0.0,100,63600,卖盘,600748,2025-10-17 22:52:29
13:55:50,6.36,0.0,5,3180,卖盘,600748,2025-10-17 22:52:29
13:55:53,6.36,0.0,163,103668,卖盘,600748,2025-10-17 22:52:29
13:55:59,6.36,0.0,2,1272,卖盘,600748,2025-10-17 22:52:29
13:56:02,6.36,0.0,15,9540,卖盘,600748,2025-10-17 22:52:29
13:56:05,6.36,0.0,5,3180,卖盘,600748,2025-10-17 22:52:29
13:56:08,6.36,0.0,30,19080,卖盘,600748,2025-10-17 22:52:29
13:56:11,6.36,0.0,3,1908,卖盘,600748,2025-10-17 22:52:29
13:56:17,6.36,0.0,25,15900,卖盘,600748,2025-10-17 22:52:29
13:56:32,6.36,0.0,3,1908,卖盘,600748,2025-10-17 22:52:29
13:56:38,6.36,0.0,6,3816,卖盘,600748,2025-10-17 22:52:29
13:56:41,6.36,0.0,33,20988,卖盘,600748,2025-10-17 22:52:29
13:56:47,6.36,0.0,255,162180,卖盘,600748,2025-10-17 22:52:29
13:56:50,6.36,0.0,249,158364,卖盘,600748,2025-10-17 22:52:29
13:56:55,6.36,0.0,16,10176,卖盘,600748,2025-10-17 22:52:29
13:56:59,6.36,0.0,11,6996,卖盘,600748,2025-10-17 22:52:29
13:57:02,6.36,0.0,1,636,卖盘,600748,2025-10-17 22:52:29
13:57:08,6.36,0.0,11,6996,卖盘,600748,2025-10-17 22:52:29
13:57:20,6.36,0.0,3,1908,卖盘,600748,2025-10-17 22:52:29
13:57:26,6.36,0.0,89,56604,卖盘,600748,2025-10-17 22:52:29
13:57:32,6.36,0.0,209,132924,卖盘,600748,2025-10-17 22:52:29
13:57:34,6.36,0.0,200,127200,卖盘,600748,2025-10-17 22:52:29
13:57:47,6.36,0.0,1,636,卖盘,600748,2025-10-17 22:52:29
13:57:50,6.36,0.0,167,106212,卖盘,600748,2025-10-17 22:52:29
13:57:59,6.36,0.0,257,163452,卖盘,600748,2025-10-17 22:52:29
13:58:02,6.36,0.0,20,12720,卖盘,600748,2025-10-17 22:52:29
13:58:05,6.36,0.0,1,636,卖盘,600748,2025-10-17 22:52:29
13:58:07,6.36,0.0,30,19080,卖盘,600748,2025-10-17 22:52:29
13:58:26,6.36,0.0,60,38160,卖盘,600748,2025-10-17 22:52:29
13:58:35,6.36,0.0,20,12720,卖盘,600748,2025-10-17 22:52:29
13:58:38,6.36,0.0,10,6360,卖盘,600748,2025-10-17 22:52:29
13:58:41,6.36,0.0,60,38160,卖盘,600748,2025-10-17 22:52:29
13:58:44,6.36,0.0,10,6360,卖盘,600748,2025-10-17 22:52:29
13:58:53,6.36,0.0,206,131016,卖盘,600748,2025-10-17 22:52:29
13:58:56,6.36,0.0,100,63600,卖盘,600748,2025-10-17 22:52:29
13:59:02,6.36,0.0,33,20988,卖盘,600748,2025-10-17 22:52:29
13:59:14,6.36,0.0,50,31800,卖盘,600748,2025-10-17 22:52:29
13:59:17,6.36,0.0,1,636,卖盘,600748,2025-10-17 22:52:29
13:59:20,6.36,0.0,2,1272,卖盘,600748,2025-10-17 22:52:29
13:59:29,6.36,0.0,32,20352,卖盘,600748,2025-10-17 22:52:29
13:59:44,6.36,0.0,19,12084,卖盘,600748,2025-10-17 22:52:29
13:59:50,6.36,0.0,1,636,卖盘,600748,2025-10-17 22:52:29
13:59:59,6.36,0.0,45,28620,卖盘,600748,2025-10-17 22:52:29
14:00:11,6.36,0.0,40,25720,卖盘,600748,2025-10-17 22:52:29
14:00:29,6.36,0.0,25,15900,卖盘,600748,2025-10-17 22:52:29
14:00:35,6.36,0.0,5,3180,卖盘,600748,2025-10-17 22:52:29
14:00:38,6.36,0.0,124,78864,卖盘,600748,2025-10-17 22:52:29
14:00:44,6.36,0.0,1,636,卖盘,600748,2025-10-17 22:52:29
14:00:53,6.36,0.0,100,63600,卖盘,600748,2025-10-17 22:52:29
14:00:56,6.36,0.0,10,6360,卖盘,600748,2025-10-17 22:52:29
14:00:59,6.36,0.0,2,1272,卖盘,600748,2025-10-17 22:52:29
14:01:08,6.36,0.0,50,31800,卖盘,600748,2025-10-17 22:52:29
14:01:11,6.36,0.0,50,31800,卖盘,600748,2025-10-17 22:52:29
14:01:29,6.36,0.0,80,50880,卖盘,600748,2025-10-17 22:52:29
14:01:32,6.36,0.0,413,262668,卖盘,600748,2025-10-17 22:52:29
14:01:38,6.36,0.0,10,6360,卖盘,600748,2025-10-17 22:52:29
14:01:50,6.36,0.0,29,18444,卖盘,600748,2025-10-17 22:52:29
14:01:53,6.36,0.0,100,63600,卖盘,600748,2025-10-17 22:52:29
14:01:56,6.36,0.0,4,2544,卖盘,600748,2025-10-17 22:52:29
14:01:59,6.36,0.0,3,1908,卖盘,600748,2025-10-17 22:52:29
14:02:05,6.36,0.0,15,9540,卖盘,600748,2025-10-17 22:52:29
14:02:14,6.36,0.0,10,6360,卖盘,600748,2025-10-17 22:52:29
14:02:20,6.36,0.0,20,12720,卖盘,600748,2025-10-17 22:52:29
14:02:47,6.36,0.0,10,6360,卖盘,600748,2025-10-17 22:52:29
