时间,成交价,价格变动,成交量,成交额,买卖盘性质,股票代码,采集时间
09:25:03,27.81,0.0,2176,6051456,卖盘,600887,2025-10-17 22:23:31
09:30:03,27.8,-0.01,153,425332,卖盘,600887,2025-10-17 22:23:31
09:30:06,27.81,0.01,119,330822,买盘,600887,2025-10-17 22:23:31
09:30:09,27.8,-0.01,109,303091,中性盘,600887,2025-10-17 22:23:31
09:30:12,27.79,-0.01,425,1181133,卖盘,600887,2025-10-17 22:23:31
09:30:15,27.78,-0.01,195,541908,卖盘,600887,2025-10-17 22:23:31
09:30:18,27.78,0.0,184,511221,买盘,600887,2025-10-17 22:23:31
09:30:21,27.77,-0.01,162,449874,中性盘,600887,2025-10-17 22:23:31
09:30:24,27.76,-0.01,107,297105,卖盘,600887,2025-10-17 22:23:31
09:30:27,27.77,0.01,346,960542,买盘,600887,2025-10-17 22:23:31
09:30:30,27.75,-0.02,195,541124,中性盘,600887,2025-10-17 22:23:31
09:30:33,27.74,-0.01,626,1737215,中性盘,600887,2025-10-17 22:23:31
09:30:36,27.72,-0.02,313,868084,卖盘,600887,2025-10-17 22:23:31
09:30:39,27.75,0.03,263,729715,买盘,600887,2025-10-17 22:23:31
09:30:42,27.74,-0.01,256,710491,卖盘,600887,2025-10-17 22:23:31
09:30:45,27.76,0.02,324,899233,买盘,600887,2025-10-17 22:23:31
09:30:48,27.78,0.02,296,822233,买盘,600887,2025-10-17 22:23:31
09:30:51,27.81,0.03,463,1286730,买盘,600887,2025-10-17 22:23:31
09:30:54,27.83,0.02,499,1388602,买盘,600887,2025-10-17 22:23:31
09:30:57,27.86,0.03,286,796873,买盘,600887,2025-10-17 22:23:31
09:31:00,27.89,0.03,216,602130,买盘,600887,2025-10-17 22:23:31
09:31:03,27.87,-0.02,182,507164,卖盘,600887,2025-10-17 22:23:31
09:31:06,27.84,-0.03,53,147588,卖盘,600887,2025-10-17 22:23:31
09:31:09,27.84,0.0,33,91856,买盘,600887,2025-10-17 22:23:31
09:31:12,27.85,0.01,98,272875,买盘,600887,2025-10-17 22:23:31
09:31:15,27.8,-0.05,181,503682,卖盘,600887,2025-10-17 22:23:31
09:31:18,27.84,0.04,182,506238,买盘,600887,2025-10-17 22:23:31
09:31:21,27.84,0.0,29,80712,买盘,600887,2025-10-17 22:23:31
09:31:24,27.85,0.01,68,189292,买盘,600887,2025-10-17 22:23:31
09:31:27,27.84,-0.01,53,147528,中性盘,600887,2025-10-17 22:23:31
09:31:30,27.83,-0.01,80,222612,买盘,600887,2025-10-17 22:23:31
09:31:33,27.82,-0.01,35,97367,卖盘,600887,2025-10-17 22:23:31
09:31:36,27.82,0.0,65,180825,卖盘,600887,2025-10-17 22:23:31
09:31:39,27.81,-0.01,62,172422,卖盘,600887,2025-10-17 22:23:31
09:31:42,27.81,0.0,37,102883,买盘,600887,2025-10-17 22:23:31
09:31:45,27.8,-0.01,193,536514,卖盘,600887,2025-10-17 22:23:31
09:31:48,27.8,0.0,63,175122,买盘,600887,2025-10-17 22:23:31
09:31:51,27.8,0.0,34,94499,买盘,600887,2025-10-17 22:23:31
09:31:54,27.79,-0.01,60,166761,卖盘,600887,2025-10-17 22:23:31
09:31:57,27.8,0.01,83,230694,买盘,600887,2025-10-17 22:23:31
09:32:00,27.81,0.01,187,519826,买盘,600887,2025-10-17 22:23:31
09:32:03,27.79,-0.02,81,225136,卖盘,600887,2025-10-17 22:23:31
09:32:06,27.82,0.03,160,445109,买盘,600887,2025-10-17 22:23:31
09:32:09,27.8,-0.02,55,152907,卖盘,600887,2025-10-17 22:23:31
09:32:12,27.81,0.01,261,725648,买盘,600887,2025-10-17 22:23:31
09:32:15,27.81,0.0,100,278043,买盘,600887,2025-10-17 22:23:31
09:32:18,27.8,-0.01,233,647746,中性盘,600887,2025-10-17 22:23:31
09:32:21,27.79,-0.01,311,864837,卖盘,600887,2025-10-17 22:23:31
09:32:24,27.8,0.01,207,575530,买盘,600887,2025-10-17 22:23:31
09:32:27,27.79,-0.01,59,164040,卖盘,600887,2025-10-17 22:23:31
09:32:30,27.8,0.01,29,80625,中性盘,600887,2025-10-17 22:23:31
09:32:33,27.81,0.01,27,75083,买盘,600887,2025-10-17 22:23:31
09:32:36,27.82,0.01,73,202952,买盘,600887,2025-10-17 22:23:31
09:32:39,27.82,0.0,205,569863,买盘,600887,2025-10-17 22:23:31
09:32:42,27.81,-0.01,2,5562,中性盘,600887,2025-10-17 22:23:31
09:32:45,27.8,-0.01,142,394760,买盘,600887,2025-10-17 22:23:31
09:32:48,27.8,0.0,20,55592,买盘,600887,2025-10-17 22:23:31
09:32:51,27.8,0.0,64,177861,买盘,600887,2025-10-17 22:23:31
09:32:54,27.79,-0.01,195,541926,卖盘,600887,2025-10-17 22:23:31
09:32:57,27.78,-0.01,86,238937,卖盘,600887,2025-10-17 22:23:31
09:33:00,27.78,0.0,110,305681,卖盘,600887,2025-10-17 22:23:31
09:33:03,27.79,0.01,25,69450,买盘,600887,2025-10-17 22:23:31
09:33:06,27.8,0.01,104,289029,买盘,600887,2025-10-17 22:23:31
09:33:09,27.81,0.01,69,191863,买盘,600887,2025-10-17 22:23:31
09:33:12,27.81,0.0,18,50047,买盘,600887,2025-10-17 22:23:31
09:33:15,27.8,-0.01,324,901257,卖盘,600887,2025-10-17 22:23:31
09:33:18,27.83,0.03,184,511895,买盘,600887,2025-10-17 22:23:31
09:33:21,27.82,-0.01,330,917938,卖盘,600887,2025-10-17 22:23:31
09:33:24,27.82,0.0,45,125212,买盘,600887,2025-10-17 22:23:31
09:33:27,27.81,-0.01,129,358886,卖盘,600887,2025-10-17 22:23:31
09:33:30,27.82,0.01,50,139079,买盘,600887,2025-10-17 22:23:31
09:33:33,27.81,-0.01,20,55616,卖盘,600887,2025-10-17 22:23:31
09:33:36,27.83,0.02,877,2439017,买盘,600887,2025-10-17 22:23:31
09:33:39,27.85,0.02,175,487186,买盘,600887,2025-10-17 22:23:31
09:33:42,27.81,-0.04,118,328285,卖盘,600887,2025-10-17 22:23:31
09:33:45,27.81,0.0,18,50058,买盘,600887,2025-10-17 22:23:31
09:33:48,27.81,0.0,82,227993,买盘,600887,2025-10-17 22:23:31
09:33:51,27.8,-0.01,21,58380,卖盘,600887,2025-10-17 22:23:31
09:33:54,27.8,0.0,9,25016,买盘,600887,2025-10-17 22:23:31
09:33:57,27.8,0.0,112,311276,买盘,600887,2025-10-17 22:23:31
09:34:00,27.79,-0.01,23,63928,卖盘,600887,2025-10-17 22:23:31
09:34:03,27.8,0.01,249,692183,买盘,600887,2025-10-17 22:23:31
09:34:06,27.8,0.0,55,152900,卖盘,600887,2025-10-17 22:23:31
09:34:09,27.79,-0.01,48,133436,卖盘,600887,2025-10-17 22:23:31
09:34:12,27.79,0.0,121,336299,卖盘,600887,2025-10-17 22:23:31
09:34:15,27.8,0.01,42,116758,买盘,600887,2025-10-17 22:23:31
09:34:18,27.81,0.01,294,816883,买盘,600887,2025-10-17 22:23:31
09:34:21,27.79,-0.02,54,150090,卖盘,600887,2025-10-17 22:23:31
09:34:24,27.79,0.0,70,194601,卖盘,600887,2025-10-17 22:23:31
09:34:27,27.8,0.01,136,378058,中性盘,600887,2025-10-17 22:23:31
09:34:30,27.8,0.0,76,211273,买盘,600887,2025-10-17 22:23:31
09:34:33,27.8,0.0,4,11122,卖盘,600887,2025-10-17 22:23:31
09:34:36,27.81,0.01,24,66725,买盘,600887,2025-10-17 22:23:31
09:34:39,27.81,0.0,18,50058,买盘,600887,2025-10-17 22:23:31
09:34:42,27.8,-0.01,34,94548,卖盘,600887,2025-10-17 22:23:31
09:34:45,27.81,0.01,139,386519,买盘,600887,2025-10-17 22:23:31
09:34:48,27.82,0.01,48,133524,买盘,600887,2025-10-17 22:23:31
09:34:51,27.83,0.01,127,353401,买盘,600887,2025-10-17 22:23:31
09:34:54,27.82,-0.01,6,16696,卖盘,600887,2025-10-17 22:23:31
09:34:57,27.85,0.03,37,103012,买盘,600887,2025-10-17 22:23:31
09:35:00,27.81,-0.04,1090,3032176,卖盘,600887,2025-10-17 22:23:31
09:35:03,27.8,-0.01,209,581022,卖盘,600887,2025-10-17 22:23:31
09:35:06,27.81,0.01,251,698003,买盘,600887,2025-10-17 22:23:31
09:35:09,27.82,0.01,89,247598,买盘,600887,2025-10-17 22:23:31
09:35:12,27.82,0.0,54,150194,买盘,600887,2025-10-17 22:23:31
09:35:15,27.81,-0.01,28,77882,卖盘,600887,2025-10-17 22:23:31
09:35:18,27.83,0.02,122,339405,买盘,600887,2025-10-17 22:23:31
09:35:21,27.82,-0.01,86,239398,买盘,600887,2025-10-17 22:23:31
09:35:24,27.82,0.0,61,169653,买盘,600887,2025-10-17 22:23:31
09:35:27,27.81,-0.01,33,91793,卖盘,600887,2025-10-17 22:23:31
09:35:30,27.82,0.01,3,8345,买盘,600887,2025-10-17 22:23:31
09:35:33,27.81,-0.01,41,114061,卖盘,600887,2025-10-17 22:23:31
09:35:36,27.81,0.0,93,258644,卖盘,600887,2025-10-17 22:23:31
09:35:39,27.81,0.0,38,105678,买盘,600887,2025-10-17 22:23:31
09:35:42,27.82,0.01,826,2297113,买盘,600887,2025-10-17 22:23:31
09:35:45,27.82,0.0,122,339400,买盘,600887,2025-10-17 22:23:31
09:35:48,27.82,0.0,7,19474,买盘,600887,2025-10-17 22:23:31
09:35:51,27.82,0.0,14,38948,卖盘,600887,2025-10-17 22:23:31
09:35:54,27.82,0.0,25,69550,卖盘,600887,2025-10-17 22:23:31
09:35:57,27.81,-0.01,7,19467,卖盘,600887,2025-10-17 22:23:31
09:36:00,27.81,0.0,18,50072,卖盘,600887,2025-10-17 22:23:31
09:36:03,27.82,0.01,42,116844,买盘,600887,2025-10-17 22:23:31
09:36:06,27.82,0.0,84,233672,买盘,600887,2025-10-17 22:23:31
09:36:09,27.81,-0.01,10,27811,卖盘,600887,2025-10-17 22:23:31
09:36:12,27.82,0.01,35,97370,卖盘,600887,2025-10-17 22:23:31
09:36:15,27.82,0.0,24,66768,买盘,600887,2025-10-17 22:23:31
09:36:18,27.82,0.0,98,272714,买盘,600887,2025-10-17 22:23:31
09:36:21,27.84,0.02,122,339618,买盘,600887,2025-10-17 22:23:31
09:36:24,27.85,0.01,696,1937704,买盘,600887,2025-10-17 22:23:31
09:36:27,27.84,-0.01,142,395421,卖盘,600887,2025-10-17 22:23:31
09:36:30,27.84,0.0,165,459514,卖盘,600887,2025-10-17 22:23:31
09:36:33,27.85,0.01,1,2785,买盘,600887,2025-10-17 22:23:31
09:36:36,27.84,-0.01,17,47328,卖盘,600887,2025-10-17 22:23:31
09:36:39,27.85,0.01,34,94641,买盘,600887,2025-10-17 22:23:31
09:36:42,27.84,-0.01,56,155898,卖盘,600887,2025-10-17 22:23:31
09:36:45,27.84,0.0,41,114144,卖盘,600887,2025-10-17 22:23:31
09:36:48,27.84,0.0,117,325738,卖盘,600887,2025-10-17 22:23:31
09:36:51,27.84,0.0,18,50118,卖盘,600887,2025-10-17 22:23:31
09:36:54,27.84,0.0,130,361981,卖盘,600887,2025-10-17 22:23:31
09:36:57,27.84,0.0,51,142009,卖盘,600887,2025-10-17 22:23:31
09:37:00,27.84,0.0,49,136417,卖盘,600887,2025-10-17 22:23:31
09:37:03,27.84,0.0,15,41769,卖盘,600887,2025-10-17 22:23:31
09:37:06,27.85,0.01,42,116956,买盘,600887,2025-10-17 22:23:31
09:37:09,27.85,0.0,42,116970,买盘,600887,2025-10-17 22:23:31
09:37:12,27.84,-0.01,92,256139,卖盘,600887,2025-10-17 22:23:31
09:37:15,27.84,0.0,11,30626,中性盘,600887,2025-10-17 22:23:31
09:37:18,27.83,-0.01,71,197632,卖盘,600887,2025-10-17 22:23:31
09:37:21,27.83,0.0,9,25047,卖盘,600887,2025-10-17 22:23:31
09:37:27,27.85,0.02,4,11140,买盘,600887,2025-10-17 22:23:31
09:37:30,27.83,-0.02,15,41762,卖盘,600887,2025-10-17 22:23:31
09:37:33,27.84,0.01,17,47327,买盘,600887,2025-10-17 22:23:31
09:37:36,27.83,-0.01,27,75144,卖盘,600887,2025-10-17 22:23:31
09:37:39,27.83,0.0,120,333967,卖盘,600887,2025-10-17 22:23:31
09:37:42,27.83,0.0,95,264439,买盘,600887,2025-10-17 22:23:31
09:37:45,27.83,0.0,13,36179,买盘,600887,2025-10-17 22:23:31
09:37:48,27.83,0.0,43,119686,买盘,600887,2025-10-17 22:23:31
09:37:51,27.83,0.0,81,225423,卖盘,600887,2025-10-17 22:23:31
09:37:54,27.83,0.0,103,286683,卖盘,600887,2025-10-17 22:23:31
09:37:57,27.83,0.0,38,105754,买盘,600887,2025-10-17 22:23:31
09:38:00,27.83,0.0,192,534279,买盘,600887,2025-10-17 22:23:31
09:38:03,27.83,0.0,193,536941,买盘,600887,2025-10-17 22:23:31
09:38:06,27.83,0.0,11,30609,买盘,600887,2025-10-17 22:23:31
09:38:09,27.83,0.0,56,155842,买盘,600887,2025-10-17 22:23:31
09:38:12,27.83,0.0,19,52866,买盘,600887,2025-10-17 22:23:31
09:38:15,27.83,0.0,45,125218,买盘,600887,2025-10-17 22:23:31
09:38:18,27.83,0.0,301,837682,买盘,600887,2025-10-17 22:23:31
09:38:21,27.83,0.0,151,420249,卖盘,600887,2025-10-17 22:23:31
09:38:24,27.83,0.0,29,80710,卖盘,600887,2025-10-17 22:23:31
09:38:27,27.83,0.0,40,111317,买盘,600887,2025-10-17 22:23:31
09:38:30,27.83,0.0,70,194787,买盘,600887,2025-10-17 22:23:31
09:38:33,27.83,0.0,25,69575,卖盘,600887,2025-10-17 22:23:31
09:38:36,27.84,0.01,1,2784,买盘,600887,2025-10-17 22:23:31
09:38:39,27.83,-0.01,26,72382,卖盘,600887,2025-10-17 22:23:31
09:38:42,27.84,0.01,1,2784,买盘,600887,2025-10-17 22:23:31
09:38:45,27.83,-0.01,62,172548,卖盘,600887,2025-10-17 22:23:31
09:38:48,27.84,0.01,39,108604,买盘,600887,2025-10-17 22:23:31
09:38:51,27.84,0.0,18,50101,卖盘,600887,2025-10-17 22:23:31
09:38:54,27.83,-0.01,62,172549,卖盘,600887,2025-10-17 22:23:31
09:38:57,27.84,0.01,47,130812,买盘,600887,2025-10-17 22:23:31
09:39:00,27.83,-0.01,106,295075,卖盘,600887,2025-10-17 22:23:31
09:39:03,27.84,0.01,8,22270,买盘,600887,2025-10-17 22:23:31
09:39:06,27.84,0.0,56,155869,买盘,600887,2025-10-17 22:23:31
09:39:09,27.84,0.0,53,147552,买盘,600887,2025-10-17 22:23:31
09:39:12,27.84,0.0,27,75169,卖盘,600887,2025-10-17 22:23:31
09:39:15,27.84,0.0,34,94656,卖盘,600887,2025-10-17 22:23:31
09:39:18,27.84,0.0,27,75168,卖盘,600887,2025-10-17 22:23:31
09:39:21,27.85,0.01,256,712821,买盘,600887,2025-10-17 22:23:31
09:39:24,27.85,0.0,269,749125,买盘,600887,2025-10-17 22:23:31
09:39:27,27.85,0.0,38,105855,卖盘,600887,2025-10-17 22:23:31
09:39:30,27.85,0.0,163,453947,卖盘,600887,2025-10-17 22:23:31
09:39:33,27.85,0.0,132,367665,买盘,600887,2025-10-17 22:23:31
09:39:36,27.85,0.0,40,111399,买盘,600887,2025-10-17 22:23:31
09:39:39,27.85,0.0,8,22282,卖盘,600887,2025-10-17 22:23:31
09:39:42,27.85,0.0,45,125340,卖盘,600887,2025-10-17 22:23:31
09:39:45,27.86,0.01,5,13930,买盘,600887,2025-10-17 22:23:31
09:39:48,27.85,-0.01,55,153222,卖盘,600887,2025-10-17 22:23:31
09:39:51,27.86,0.01,25,69650,买盘,600887,2025-10-17 22:23:31
09:39:54,27.86,0.0,26,72436,买盘,600887,2025-10-17 22:23:31
09:39:57,27.86,0.0,239,665887,买盘,600887,2025-10-17 22:23:31
09:40:00,27.88,0.02,54,150521,买盘,600887,2025-10-17 22:23:31
09:40:03,27.88,0.0,39,108693,买盘,600887,2025-10-17 22:23:31
09:40:06,27.87,-0.01,81,225676,卖盘,600887,2025-10-17 22:23:31
09:40:09,27.87,0.0,21,58516,买盘,600887,2025-10-17 22:23:31
09:40:12,27.87,0.0,36,100328,买盘,600887,2025-10-17 22:23:31
09:40:15,27.86,-0.01,42,117031,卖盘,600887,2025-10-17 22:23:31
09:40:18,27.87,0.01,140,390104,买盘,600887,2025-10-17 22:23:31
09:40:21,27.87,0.0,112,311965,买盘,600887,2025-10-17 22:23:31
09:40:24,27.85,-0.02,5,13925,卖盘,600887,2025-10-17 22:23:31
09:40:27,27.87,0.02,25,69672,买盘,600887,2025-10-17 22:23:31
09:40:30,27.86,-0.01,364,1014662,卖盘,600887,2025-10-17 22:23:31
09:40:33,27.87,0.01,17,47394,卖盘,600887,2025-10-17 22:23:31
09:40:36,27.88,0.01,73,203475,买盘,600887,2025-10-17 22:23:31
09:40:39,27.88,0.0,61,170024,买盘,600887,2025-10-17 22:23:31
09:40:42,27.88,0.0,34,94792,买盘,600887,2025-10-17 22:23:31
09:40:45,27.88,0.0,21,58551,卖盘,600887,2025-10-17 22:23:31
09:40:48,27.89,0.01,32,89224,买盘,600887,2025-10-17 22:23:31
09:40:51,27.88,-0.01,37,103156,卖盘,600887,2025-10-17 22:23:31
09:40:54,27.89,0.01,11,30669,买盘,600887,2025-10-17 22:23:31
09:40:57,27.89,0.0,134,373654,买盘,600887,2025-10-17 22:23:31
09:41:00,27.89,0.0,91,253788,买盘,600887,2025-10-17 22:23:31
09:41:03,27.88,-0.01,27,75282,卖盘,600887,2025-10-17 22:23:31
09:41:06,27.92,0.04,1941,5414631,买盘,600887,2025-10-17 22:23:31
09:41:09,27.92,0.0,169,471941,卖盘,600887,2025-10-17 22:23:31
09:41:12,27.92,0.0,117,326726,卖盘,600887,2025-10-17 22:23:31
09:41:15,27.93,0.01,53,147984,买盘,600887,2025-10-17 22:23:31
09:41:18,27.92,-0.01,53,148004,卖盘,600887,2025-10-17 22:23:31
09:41:21,27.93,0.01,195,544609,买盘,600887,2025-10-17 22:23:31
09:41:24,27.92,-0.01,228,636655,卖盘,600887,2025-10-17 22:23:31
09:41:27,27.93,0.01,107,298835,买盘,600887,2025-10-17 22:23:31
09:41:30,27.93,0.0,493,1376884,买盘,600887,2025-10-17 22:23:31
09:41:33,27.92,-0.01,82,228944,买盘,600887,2025-10-17 22:23:31
09:41:36,27.92,0.0,49,136802,买盘,600887,2025-10-17 22:23:31
09:41:39,27.92,0.0,86,240108,买盘,600887,2025-10-17 22:23:31
09:41:42,27.92,0.0,88,245664,买盘,600887,2025-10-17 22:23:31
09:41:45,27.92,0.0,185,516411,买盘,600887,2025-10-17 22:23:31
09:41:48,27.92,0.0,71,198226,买盘,600887,2025-10-17 22:23:31
09:41:51,27.91,-0.01,40,111661,卖盘,600887,2025-10-17 22:23:31
09:41:54,27.92,0.01,81,226128,买盘,600887,2025-10-17 22:23:31
09:41:57,27.92,0.0,177,494177,买盘,600887,2025-10-17 22:23:31
09:42:00,27.94,0.02,1508,4210535,买盘,600887,2025-10-17 22:23:31
09:42:03,27.96,0.02,1376,3846409,买盘,600887,2025-10-17 22:23:31
09:42:06,27.95,-0.01,632,1766425,卖盘,600887,2025-10-17 22:23:31
09:42:09,27.95,0.0,35,97817,买盘,600887,2025-10-17 22:23:31
09:42:12,27.94,-0.01,171,477846,卖盘,600887,2025-10-17 22:23:31
09:42:15,27.94,0.0,110,307327,卖盘,600887,2025-10-17 22:23:31
09:42:18,27.94,0.0,149,416401,买盘,600887,2025-10-17 22:23:31
09:42:21,27.94,0.0,100,279390,买盘,600887,2025-10-17 22:23:31
09:42:24,27.94,0.0,45,125717,买盘,600887,2025-10-17 22:23:31
09:42:27,27.93,-0.01,50,139681,卖盘,600887,2025-10-17 22:23:31
09:42:30,27.93,0.0,140,391065,卖盘,600887,2025-10-17 22:23:31
09:42:33,27.93,0.0,253,706474,买盘,600887,2025-10-17 22:23:31
09:42:36,27.93,0.0,19,53063,买盘,600887,2025-10-17 22:23:31
09:42:39,27.93,0.0,58,162015,卖盘,600887,2025-10-17 22:23:31
09:42:42,27.93,0.0,13,36309,买盘,600887,2025-10-17 22:23:31
09:42:45,27.93,0.0,96,268082,买盘,600887,2025-10-17 22:23:31
09:42:48,27.92,-0.01,77,215045,卖盘,600887,2025-10-17 22:23:31
09:42:51,27.92,0.0,155,432895,卖盘,600887,2025-10-17 22:23:31
09:42:54,27.93,0.01,25,69824,买盘,600887,2025-10-17 22:23:31
09:42:57,27.93,0.0,13,36309,买盘,600887,2025-10-17 22:23:31
09:43:00,27.93,0.0,72,201063,买盘,600887,2025-10-17 22:23:31
09:43:03,27.92,-0.01,26,72613,卖盘,600887,2025-10-17 22:23:31
09:43:06,27.92,0.0,21,58648,卖盘,600887,2025-10-17 22:23:31
09:43:09,27.93,0.01,74,206652,买盘,600887,2025-10-17 22:23:31
09:43:12,27.93,0.0,285,795870,买盘,600887,2025-10-17 22:23:31
09:43:15,27.92,-0.01,87,242945,中性盘,600887,2025-10-17 22:23:31
09:43:18,27.93,0.01,225,628255,买盘,600887,2025-10-17 22:23:31
09:43:21,27.92,-0.01,74,206627,卖盘,600887,2025-10-17 22:23:31
09:43:24,27.93,0.01,208,580903,买盘,600887,2025-10-17 22:23:31
09:43:27,27.93,0.0,287,801640,买盘,600887,2025-10-17 22:23:31
09:43:30,27.94,0.01,86,240253,买盘,600887,2025-10-17 22:23:31
09:43:33,27.93,-0.01,126,351980,卖盘,600887,2025-10-17 22:23:31
09:43:36,27.94,0.01,107,298939,买盘,600887,2025-10-17 22:23:31
09:43:39,27.94,0.0,21,58656,买盘,600887,2025-10-17 22:23:31
09:43:45,27.94,0.0,71,198304,买盘,600887,2025-10-17 22:23:31
09:43:48,27.93,-0.01,38,106162,卖盘,600887,2025-10-17 22:23:31
09:43:51,27.94,0.01,71,198305,买盘,600887,2025-10-17 22:23:31
09:43:54,27.93,-0.01,48,134064,卖盘,600887,2025-10-17 22:23:31
09:43:57,27.92,-0.01,787,2197891,卖盘,600887,2025-10-17 22:23:31
09:44:00,27.92,0.0,82,228974,卖盘,600887,2025-10-17 22:23:31
09:44:03,27.93,0.01,207,578144,买盘,600887,2025-10-17 22:23:31
09:44:06,27.92,-0.01,172,480261,卖盘,600887,2025-10-17 22:23:31
09:44:09,27.92,0.0,7,19544,买盘,600887,2025-10-17 22:23:31
09:44:12,27.91,-0.01,22,61418,卖盘,600887,2025-10-17 22:23:31
09:44:15,27.92,0.01,174,485876,买盘,600887,2025-10-17 22:23:31
09:44:18,27.92,0.0,61,170329,卖盘,600887,2025-10-17 22:23:31
09:44:21,27.92,0.0,45,125635,卖盘,600887,2025-10-17 22:23:31
09:44:24,27.91,-0.01,83,231731,卖盘,600887,2025-10-17 22:23:31
09:44:27,27.91,0.0,58,161917,卖盘,600887,2025-10-17 22:23:31
09:44:30,27.92,0.01,92,256834,买盘,600887,2025-10-17 22:23:31
09:44:33,27.92,0.0,31,86537,买盘,600887,2025-10-17 22:23:31
09:44:36,27.92,0.0,35,97690,买盘,600887,2025-10-17 22:23:31
09:44:39,27.91,-0.01,163,455033,卖盘,600887,2025-10-17 22:23:31
09:44:42,27.91,0.0,64,178624,卖盘,600887,2025-10-17 22:23:31
09:44:45,27.91,0.0,206,574946,卖盘,600887,2025-10-17 22:23:31
09:44:48,27.91,0.0,63,175823,买盘,600887,2025-10-17 22:23:31
09:44:51,27.9,-0.01,230,641720,卖盘,600887,2025-10-17 22:23:31
09:44:54,27.9,0.0,196,546923,卖盘,600887,2025-10-17 22:23:31
09:44:57,27.9,0.0,136,379510,卖盘,600887,2025-10-17 22:23:31
09:45:00,27.9,0.0,220,613870,卖盘,600887,2025-10-17 22:23:31
09:45:03,27.9,0.0,258,719865,卖盘,600887,2025-10-17 22:23:31
09:45:06,27.91,0.01,177,493891,买盘,600887,2025-10-17 22:23:31
09:45:09,27.9,-0.01,52,145110,卖盘,600887,2025-10-17 22:23:31
09:45:12,27.9,0.0,147,410149,卖盘,600887,2025-10-17 22:23:31
09:45:15,27.89,-0.01,2,5578,卖盘,600887,2025-10-17 22:23:31
09:45:18,27.9,0.01,31,86485,买盘,600887,2025-10-17 22:23:31
09:45:21,27.89,-0.01,13,36268,卖盘,600887,2025-10-17 22:23:31
09:45:24,27.89,0.0,30,83679,卖盘,600887,2025-10-17 22:23:31
09:45:27,27.89,0.0,128,357026,卖盘,600887,2025-10-17 22:23:31
09:45:30,27.89,0.0,6,16739,卖盘,600887,2025-10-17 22:23:31
09:45:33,27.89,0.0,36,100406,卖盘,600887,2025-10-17 22:23:31
09:45:36,27.89,0.0,262,730723,卖盘,600887,2025-10-17 22:23:31
09:45:39,27.92,0.03,2546,7106635,买盘,600887,2025-10-17 22:23:31
09:45:42,27.92,0.0,81,226192,卖盘,600887,2025-10-17 22:23:31
09:45:45,27.93,0.01,98,273686,买盘,600887,2025-10-17 22:23:31
09:45:48,27.93,0.0,23,64239,买盘,600887,2025-10-17 22:23:31
09:45:51,27.93,0.0,77,215023,买盘,600887,2025-10-17 22:23:31
09:45:54,27.93,0.0,117,326857,卖盘,600887,2025-10-17 22:23:31
09:45:57,27.93,0.0,17,47482,卖盘,600887,2025-10-17 22:23:31
09:46:00,27.94,0.01,44,122901,买盘,600887,2025-10-17 22:23:31
09:46:03,27.93,-0.01,83,231817,卖盘,600887,2025-10-17 22:23:31
09:46:06,27.93,0.0,176,491695,买盘,600887,2025-10-17 22:23:31
09:46:09,27.93,0.0,87,242989,卖盘,600887,2025-10-17 22:23:31
09:46:12,27.93,0.0,18,50274,买盘,600887,2025-10-17 22:23:31
09:46:15,27.92,-0.01,13,36296,卖盘,600887,2025-10-17 22:23:31
09:46:18,27.93,0.01,8,22343,买盘,600887,2025-10-17 22:23:31
09:46:21,27.93,0.0,16,44684,买盘,600887,2025-10-17 22:23:31
09:46:24,27.92,-0.01,28,78181,卖盘,600887,2025-10-17 22:23:31
09:46:27,27.92,0.0,164,457900,卖盘,600887,2025-10-17 22:23:31
09:46:30,27.92,0.0,15,41891,卖盘,600887,2025-10-17 22:23:31
09:46:33,27.92,0.0,56,156367,卖盘,600887,2025-10-17 22:23:31
09:46:36,27.94,0.02,786,2195300,买盘,600887,2025-10-17 22:23:31
09:46:39,27.94,0.0,2104,5879567,买盘,600887,2025-10-17 22:23:31
09:46:42,27.94,0.0,428,1196015,卖盘,600887,2025-10-17 22:23:31
09:46:45,27.94,0.0,75,209549,买盘,600887,2025-10-17 22:23:31
09:46:48,27.94,0.0,206,575538,买盘,600887,2025-10-17 22:23:31
09:46:51,27.93,-0.01,68,189944,卖盘,600887,2025-10-17 22:23:31
09:46:54,27.93,0.0,163,455445,卖盘,600887,2025-10-17 22:23:31
09:46:57,27.93,0.0,20,55860,卖盘,600887,2025-10-17 22:23:31
09:47:00,27.93,0.0,104,290554,卖盘,600887,2025-10-17 22:23:31
09:47:03,27.93,0.0,258,720608,卖盘,600887,2025-10-17 22:23:31
09:47:06,27.94,0.01,7,19552,买盘,600887,2025-10-17 22:23:31
09:47:09,27.93,-0.01,17,47481,卖盘,600887,2025-10-17 22:23:31
09:47:12,27.93,0.0,26,72622,卖盘,600887,2025-10-17 22:23:31
09:47:15,27.93,0.0,67,187133,卖盘,600887,2025-10-17 22:23:31
09:47:18,27.92,-0.01,23,64216,卖盘,600887,2025-10-17 22:23:31
09:47:21,27.92,0.0,193,538996,卖盘,600887,2025-10-17 22:23:31
09:47:24,27.93,0.01,5,13964,买盘,600887,2025-10-17 22:23:31
09:47:27,27.92,-0.01,164,457896,卖盘,600887,2025-10-17 22:23:31
09:47:30,27.92,0.0,15,41883,卖盘,600887,2025-10-17 22:23:31
09:47:36,27.93,0.01,42,117268,买盘,600887,2025-10-17 22:23:31
09:47:39,27.92,-0.01,499,1393224,卖盘,600887,2025-10-17 22:23:31
09:47:42,27.92,0.0,52,145158,买盘,600887,2025-10-17 22:23:31
09:47:45,27.91,-0.01,162,452240,卖盘,600887,2025-10-17 22:23:31
09:47:48,27.91,0.0,472,1317358,卖盘,600887,2025-10-17 22:23:31
09:47:51,27.91,0.0,47,131158,买盘,600887,2025-10-17 22:23:31
09:47:54,27.9,-0.01,20,55803,卖盘,600887,2025-10-17 22:23:31
09:47:57,27.9,0.0,84,234391,卖盘,600887,2025-10-17 22:23:31
09:48:00,27.9,0.0,63,175795,卖盘,600887,2025-10-17 22:23:31
09:48:03,27.89,-0.01,29,80899,卖盘,600887,2025-10-17 22:23:31
09:48:06,27.9,0.01,46,128304,买盘,600887,2025-10-17 22:23:31
09:48:09,27.9,0.0,23,64156,买盘,600887,2025-10-17 22:23:31
09:48:12,27.89,-0.01,74,206444,卖盘,600887,2025-10-17 22:23:31
09:48:15,27.89,0.0,32,89248,卖盘,600887,2025-10-17 22:23:31
09:48:18,27.89,0.0,41,114351,卖盘,600887,2025-10-17 22:23:31
09:48:21,27.89,0.0,318,887111,卖盘,600887,2025-10-17 22:23:31
09:48:24,27.89,0.0,67,186873,卖盘,600887,2025-10-17 22:23:31
09:48:27,27.89,0.0,65,181259,卖盘,600887,2025-10-17 22:23:31
09:48:30,27.88,-0.01,67,186798,卖盘,600887,2025-10-17 22:23:31
09:48:33,27.88,0.0,10,27880,卖盘,600887,2025-10-17 22:23:31
09:48:36,27.89,0.01,31,86439,买盘,600887,2025-10-17 22:23:31
09:48:39,27.88,-0.01,35,97582,卖盘,600887,2025-10-17 22:23:31
09:48:42,27.88,0.0,21,58548,卖盘,600887,2025-10-17 22:23:31
09:48:45,27.88,0.0,133,370813,卖盘,600887,2025-10-17 22:23:31
09:48:48,27.88,0.0,28,78064,卖盘,600887,2025-10-17 22:23:31
09:48:51,27.88,0.0,1769,4934941,买盘,600887,2025-10-17 22:23:31
09:48:54,27.88,0.0,181,504562,买盘,600887,2025-10-17 22:23:31
09:48:57,27.87,-0.01,243,677432,卖盘,600887,2025-10-17 22:23:31
09:49:00,27.87,0.0,164,457161,卖盘,600887,2025-10-17 22:23:31
09:49:03,27.87,0.0,151,420990,卖盘,600887,2025-10-17 22:23:31
09:49:06,27.89,0.02,144,401754,中性盘,600887,2025-10-17 22:23:31
09:49:09,27.9,0.01,59,164666,卖盘,600887,2025-10-17 22:23:31
09:49:12,27.9,0.0,59,164654,卖盘,600887,2025-10-17 22:23:31
09:49:15,27.9,0.0,13,36270,买盘,600887,2025-10-17 22:23:31
09:49:18,27.9,0.0,23,64170,买盘,600887,2025-10-17 22:23:31
09:49:21,27.89,-0.01,150,418360,卖盘,600887,2025-10-17 22:23:31
09:49:24,27.89,0.0,23,64149,卖盘,600887,2025-10-17 22:23:31
09:49:27,27.89,0.0,37,103193,卖盘,600887,2025-10-17 22:23:31
09:49:30,27.89,0.0,131,365402,卖盘,600887,2025-10-17 22:23:31
09:49:33,27.89,0.0,3,8367,买盘,600887,2025-10-17 22:23:31
09:49:36,27.89,0.0,10,27890,买盘,600887,2025-10-17 22:23:31
09:49:39,27.88,-0.01,31,86457,卖盘,600887,2025-10-17 22:23:31
09:49:42,27.89,0.01,13,36257,买盘,600887,2025-10-17 22:23:31
09:49:45,27.88,-0.01,27,75292,卖盘,600887,2025-10-17 22:23:31
09:49:48,27.88,0.0,13,36244,卖盘,600887,2025-10-17 22:23:31
09:49:51,27.88,0.0,34,94817,卖盘,600887,2025-10-17 22:23:31
09:49:54,27.89,0.01,56,156144,买盘,600887,2025-10-17 22:23:31
09:50:00,27.89,0.0,30,83670,买盘,600887,2025-10-17 22:23:31
09:50:03,27.89,0.0,98,273286,买盘,600887,2025-10-17 22:23:31
09:50:06,27.89,0.0,81,225856,买盘,600887,2025-10-17 22:23:31
09:50:09,27.88,-0.01,101,281614,卖盘,600887,2025-10-17 22:23:31
09:50:12,27.88,0.0,26,72500,卖盘,600887,2025-10-17 22:23:31
09:50:15,27.88,0.0,164,457262,卖盘,600887,2025-10-17 22:23:31
09:50:18,27.88,0.0,33,92005,卖盘,600887,2025-10-17 22:23:31
09:50:21,27.88,0.0,2,5576,买盘,600887,2025-10-17 22:23:31
09:50:24,27.88,0.0,32,89216,买盘,600887,2025-10-17 22:23:31
09:50:27,27.87,-0.01,102,284302,卖盘,600887,2025-10-17 22:23:31
09:50:30,27.87,0.0,17,47388,卖盘,600887,2025-10-17 22:23:31
09:50:33,27.87,0.0,584,1627107,卖盘,600887,2025-10-17 22:23:31
09:50:36,27.87,0.0,26,72462,买盘,600887,2025-10-17 22:23:31
09:50:39,27.86,-0.01,23,64088,卖盘,600887,2025-10-17 22:23:31
09:50:42,27.86,0.0,20,55720,卖盘,600887,2025-10-17 22:23:31
09:50:45,27.86,0.0,15,41798,卖盘,600887,2025-10-17 22:23:31
09:50:48,27.86,0.0,31,86375,卖盘,600887,2025-10-17 22:23:31
09:50:51,27.86,0.0,38,105872,卖盘,600887,2025-10-17 22:23:31
09:50:54,27.86,0.0,142,395600,买盘,600887,2025-10-17 22:23:31
09:50:57,27.86,0.0,78,217323,卖盘,600887,2025-10-17 22:23:31
09:51:00,27.86,0.0,25,69651,卖盘,600887,2025-10-17 22:23:31
09:51:03,27.88,0.02,398,1109014,买盘,600887,2025-10-17 22:23:31
09:51:06,27.88,0.0,4,11146,买盘,600887,2025-10-17 22:23:31
09:51:09,27.87,-0.01,9,25077,中性盘,600887,2025-10-17 22:23:31
09:51:12,27.86,-0.01,21,58508,卖盘,600887,2025-10-17 22:23:31
09:51:15,27.86,0.0,114,317604,卖盘,600887,2025-10-17 22:23:31
09:51:18,27.86,0.0,36,100292,买盘,600887,2025-10-17 22:23:31
09:51:21,27.86,0.0,21,58496,买盘,600887,2025-10-17 22:23:31
09:51:24,27.85,-0.01,240,668384,卖盘,600887,2025-10-17 22:23:31
09:51:27,27.85,0.0,3,8355,买盘,600887,2025-10-17 22:23:31
09:51:30,27.84,-0.01,123,342432,卖盘,600887,2025-10-17 22:23:31
09:51:33,27.84,0.0,77,214430,卖盘,600887,2025-10-17 22:23:31
09:51:36,27.85,0.01,75,208810,买盘,600887,2025-10-17 22:23:31
09:51:39,27.84,-0.01,25,69600,卖盘,600887,2025-10-17 22:23:31
09:51:42,27.84,0.0,33,91875,卖盘,600887,2025-10-17 22:23:31
09:51:45,27.84,0.0,59,164264,卖盘,600887,2025-10-17 22:23:31
09:51:48,27.84,0.0,654,1819269,买盘,600887,2025-10-17 22:23:31
09:51:51,27.83,-0.01,751,2088622,卖盘,600887,2025-10-17 22:23:31
09:51:54,27.82,-0.01,406,1129003,中性盘,600887,2025-10-17 22:23:31
09:51:57,27.82,0.0,47,130754,买盘,600887,2025-10-17 22:23:31
09:52:00,27.82,0.0,7,19474,卖盘,600887,2025-10-17 22:23:31
09:52:03,27.82,0.0,232,645429,卖盘,600887,2025-10-17 22:23:31
09:52:06,27.82,0.0,118,328341,买盘,600887,2025-10-17 22:23:31
09:52:09,27.82,0.0,20,55640,买盘,600887,2025-10-17 22:23:31
09:52:12,27.81,-0.01,11,30591,卖盘,600887,2025-10-17 22:23:31
09:52:15,27.81,0.0,61,169644,卖盘,600887,2025-10-17 22:23:31
09:52:18,27.81,0.0,63,175255,卖盘,600887,2025-10-17 22:23:31
09:52:21,27.8,-0.01,655,1821237,卖盘,600887,2025-10-17 22:23:31
09:52:24,27.8,0.0,63,175225,卖盘,600887,2025-10-17 22:23:31
09:52:27,27.8,0.0,92,255844,卖盘,600887,2025-10-17 22:23:31
09:52:30,27.8,0.0,42,116774,卖盘,600887,2025-10-17 22:23:31
09:52:33,27.8,0.0,124,344720,卖盘,600887,2025-10-17 22:23:31
09:52:36,27.81,0.01,36,100081,买盘,600887,2025-10-17 22:23:31
09:52:39,27.8,-0.01,109,302981,卖盘,600887,2025-10-17 22:23:31
09:52:42,27.8,0.0,20,55600,卖盘,600887,2025-10-17 22:23:31
09:52:45,27.8,0.0,188,522608,卖盘,600887,2025-10-17 22:23:31
09:52:48,27.79,-0.01,490,1361834,卖盘,600887,2025-10-17 22:23:31
09:52:51,27.8,0.01,24,66719,买盘,600887,2025-10-17 22:23:31
09:52:54,27.8,0.0,25,69486,买盘,600887,2025-10-17 22:23:31
09:52:57,27.79,-0.01,100,277920,卖盘,600887,2025-10-17 22:23:31
09:53:00,27.8,0.01,119,330812,买盘,600887,2025-10-17 22:23:31
09:53:03,27.79,-0.01,30,83381,卖盘,600887,2025-10-17 22:23:31
09:53:06,27.81,0.02,14,38921,买盘,600887,2025-10-17 22:23:31
09:53:09,27.81,0.0,12,33365,买盘,600887,2025-10-17 22:23:31
09:53:12,27.8,-0.01,1,2780,卖盘,600887,2025-10-17 22:23:31
09:53:15,27.8,0.0,68,189040,卖盘,600887,2025-10-17 22:23:31
09:53:18,27.8,0.0,69,191821,卖盘,600887,2025-10-17 22:23:31
09:53:21,27.8,0.0,33,91740,卖盘,600887,2025-10-17 22:23:31
09:53:24,27.79,-0.01,224,622685,卖盘,600887,2025-10-17 22:23:31
09:53:27,27.79,0.0,46,127834,卖盘,600887,2025-10-17 22:23:31
09:53:30,27.79,0.0,131,364063,卖盘,600887,2025-10-17 22:23:31
09:53:33,27.79,0.0,331,919850,卖盘,600887,2025-10-17 22:23:31
09:53:36,27.79,0.0,113,313988,卖盘,600887,2025-10-17 22:23:31
09:53:39,27.78,-0.01,51,141688,卖盘,600887,2025-10-17 22:23:31
09:53:42,27.78,0.0,48,133349,卖盘,600887,2025-10-17 22:23:31
09:53:45,27.78,0.0,66,183350,卖盘,600887,2025-10-17 22:23:31
09:53:48,27.78,0.0,160,444519,卖盘,600887,2025-10-17 22:23:31
09:53:51,27.78,0.0,9,25003,卖盘,600887,2025-10-17 22:23:31
09:53:54,27.78,0.0,45,125010,卖盘,600887,2025-10-17 22:23:31
09:53:57,27.78,0.0,70,194463,卖盘,600887,2025-10-17 22:23:31
09:54:00,27.78,0.0,29,80575,卖盘,600887,2025-10-17 22:23:31
09:54:03,27.78,0.0,97,269534,卖盘,600887,2025-10-17 22:23:31
09:54:06,27.78,0.0,204,566672,卖盘,600887,2025-10-17 22:23:31
09:54:09,27.78,0.0,117,324991,买盘,600887,2025-10-17 22:23:31
09:54:12,27.77,-0.01,116,322164,卖盘,600887,2025-10-17 22:23:31
09:54:15,27.78,0.01,222,616693,买盘,600887,2025-10-17 22:23:31
09:54:18,27.78,0.0,226,627792,买盘,600887,2025-10-17 22:23:31
09:54:21,27.8,0.02,307,853333,买盘,600887,2025-10-17 22:23:31
09:54:24,27.79,-0.01,56,155628,卖盘,600887,2025-10-17 22:23:31
09:54:27,27.8,0.01,35,97270,买盘,600887,2025-10-17 22:23:31
09:54:30,27.79,-0.01,67,186213,卖盘,600887,2025-10-17 22:23:31
09:54:33,27.78,-0.01,20,55573,卖盘,600887,2025-10-17 22:23:31
09:54:36,27.79,0.01,62,172298,买盘,600887,2025-10-17 22:23:31
09:54:39,27.8,0.01,263,731045,买盘,600887,2025-10-17 22:23:31
09:54:42,27.78,-0.02,19,52792,卖盘,600887,2025-10-17 22:23:31
09:54:45,27.78,0.0,52,144490,卖盘,600887,2025-10-17 22:23:31
09:54:48,27.78,0.0,18,50005,卖盘,600887,2025-10-17 22:23:31
09:54:51,27.78,0.0,58,161126,卖盘,600887,2025-10-17 22:23:31
09:54:54,27.79,0.01,40,111128,买盘,600887,2025-10-17 22:23:31
09:54:57,27.79,0.0,55,152837,买盘,600887,2025-10-17 22:23:31
09:55:00,27.79,0.0,119,330664,卖盘,600887,2025-10-17 22:23:31
09:55:03,27.79,0.0,21,58346,买盘,600887,2025-10-17 22:23:31
09:55:06,27.79,0.0,15,41677,买盘,600887,2025-10-17 22:23:31
09:55:09,27.79,0.0,164,455744,买盘,600887,2025-10-17 22:23:31
09:55:12,27.79,0.0,120,333462,买盘,600887,2025-10-17 22:23:31
09:55:15,27.78,-0.01,17,47227,卖盘,600887,2025-10-17 22:23:31
09:55:18,27.78,0.0,290,805802,卖盘,600887,2025-10-17 22:23:31
09:55:21,27.78,0.0,286,794515,卖盘,600887,2025-10-17 22:23:31
09:55:24,27.78,0.0,39,108342,卖盘,600887,2025-10-17 22:23:31
09:55:27,27.77,-0.01,5,13885,卖盘,600887,2025-10-17 22:23:31
09:55:30,27.78,0.01,221,613996,买盘,600887,2025-10-17 22:23:31
09:55:33,27.78,0.0,142,394611,卖盘,600887,2025-10-17 22:23:31
09:55:36,27.79,0.01,177,492022,买盘,600887,2025-10-17 22:23:31
09:55:39,27.81,0.02,110,305818,买盘,600887,2025-10-17 22:23:31
09:55:42,27.79,-0.02,46,127870,卖盘,600887,2025-10-17 22:23:31
09:55:45,27.81,0.02,53,147302,买盘,600887,2025-10-17 22:23:31
09:55:48,27.81,0.0,20,55586,买盘,600887,2025-10-17 22:23:31
09:55:51,27.81,0.0,43,119503,买盘,600887,2025-10-17 22:23:31
09:55:54,27.81,0.0,98,272486,买盘,600887,2025-10-17 22:23:31
09:55:57,27.82,0.01,66,183573,买盘,600887,2025-10-17 22:23:31
09:56:00,27.81,-0.01,57,158511,买盘,600887,2025-10-17 22:23:31
09:56:03,27.79,-0.02,142,394763,卖盘,600887,2025-10-17 22:23:31
09:56:06,27.8,0.01,21,58380,买盘,600887,2025-10-17 22:23:31
09:56:09,27.8,0.0,103,286392,买盘,600887,2025-10-17 22:23:31
09:56:12,27.8,0.0,10,27800,卖盘,600887,2025-10-17 22:23:31
09:56:15,27.8,0.0,2,5560,买盘,600887,2025-10-17 22:23:31
09:56:18,27.8,0.0,58,161240,买盘,600887,2025-10-17 22:23:31
09:56:21,27.8,0.0,53,147347,买盘,600887,2025-10-17 22:23:31
09:56:24,27.8,0.0,52,144599,卖盘,600887,2025-10-17 22:23:31
09:56:27,27.81,0.01,23,63963,买盘,600887,2025-10-17 22:23:31
09:56:30,27.81,0.0,14,38930,卖盘,600887,2025-10-17 22:23:31
09:56:33,27.81,0.0,155,430844,卖盘,600887,2025-10-17 22:23:31
09:56:36,27.81,0.0,27,75082,买盘,600887,2025-10-17 22:23:31
09:56:39,27.8,-0.01,111,308533,中性盘,600887,2025-10-17 22:23:31
09:56:42,27.79,-0.01,34,94494,卖盘,600887,2025-10-17 22:23:31
09:56:45,27.8,0.01,22,61160,买盘,600887,2025-10-17 22:23:31
09:56:48,27.8,0.0,59,164016,卖盘,600887,2025-10-17 22:23:31
09:56:51,27.8,0.0,44,122295,买盘,600887,2025-10-17 22:23:31
09:56:54,27.8,0.0,81,225156,买盘,600887,2025-10-17 22:23:31
09:56:57,27.79,-0.01,15,41685,买盘,600887,2025-10-17 22:23:31
09:57:00,27.8,0.01,1,2780,买盘,600887,2025-10-17 22:23:31
09:57:03,27.79,-0.01,42,116730,卖盘,600887,2025-10-17 22:23:31
09:57:06,27.79,0.0,23,63929,卖盘,600887,2025-10-17 22:23:31
09:57:09,27.79,0.0,30,83353,买盘,600887,2025-10-17 22:23:31
09:57:12,27.78,-0.01,16,44448,卖盘,600887,2025-10-17 22:23:31
09:57:15,27.78,0.0,8,22224,卖盘,600887,2025-10-17 22:23:31
09:57:18,27.78,0.0,84,233359,卖盘,600887,2025-10-17 22:23:31
09:57:21,27.78,0.0,32,88906,卖盘,600887,2025-10-17 22:23:31
09:57:24,27.78,0.0,47,130583,卖盘,600887,2025-10-17 22:23:31
09:57:27,27.78,0.0,17,47226,卖盘,600887,2025-10-17 22:23:31
09:57:30,27.78,0.0,24,66682,卖盘,600887,2025-10-17 22:23:31
09:57:33,27.78,0.0,11,30562,卖盘,600887,2025-10-17 22:23:31
09:57:36,27.79,0.01,10,27784,买盘,600887,2025-10-17 22:23:31
09:57:39,27.78,-0.01,59,163913,卖盘,600887,2025-10-17 22:23:31
09:57:42,27.78,0.0,133,369474,卖盘,600887,2025-10-17 22:23:31
09:57:45,27.79,0.01,81,225052,买盘,600887,2025-10-17 22:23:31
09:57:48,27.78,-0.01,10,27780,卖盘,600887,2025-10-17 22:23:31
09:57:51,27.78,0.0,175,486150,卖盘,600887,2025-10-17 22:23:31
09:57:54,27.78,0.0,34,94452,卖盘,600887,2025-10-17 22:23:31
09:57:57,27.78,0.0,55,152812,卖盘,600887,2025-10-17 22:23:31
09:58:00,27.78,0.0,92,255551,买盘,600887,2025-10-17 22:23:31
09:58:03,27.78,0.0,124,344473,卖盘,600887,2025-10-17 22:23:31
09:58:06,27.79,0.01,269,747319,买盘,600887,2025-10-17 22:23:31
09:58:09,27.78,-0.01,23,63894,卖盘,600887,2025-10-17 22:23:31
09:58:12,27.78,0.0,13,36116,卖盘,600887,2025-10-17 22:23:31
09:58:15,27.78,0.0,825,2291850,卖盘,600887,2025-10-17 22:23:31
09:58:18,27.78,0.0,42,116678,卖盘,600887,2025-10-17 22:23:31
09:58:21,27.78,0.0,186,516817,卖盘,600887,2025-10-17 22:23:31
09:58:24,27.78,0.0,60,166680,卖盘,600887,2025-10-17 22:23:31
09:58:27,27.78,0.0,182,505596,卖盘,600887,2025-10-17 22:23:31
09:58:30,27.78,0.0,189,525160,卖盘,600887,2025-10-17 22:23:31
09:58:33,27.78,0.0,61,169459,卖盘,600887,2025-10-17 22:23:31
09:58:36,27.79,0.01,50,138902,买盘,600887,2025-10-17 22:23:31
09:58:39,27.79,0.0,8,22225,买盘,600887,2025-10-17 22:23:31
09:58:42,27.78,-0.01,66,183348,卖盘,600887,2025-10-17 22:23:31
09:58:45,27.79,0.01,168,466872,买盘,600887,2025-10-17 22:23:31
09:58:48,27.78,-0.01,77,213946,卖盘,600887,2025-10-17 22:23:31
09:58:51,27.79,0.01,32,88927,买盘,600887,2025-10-17 22:23:31
09:58:54,27.79,0.0,4,11116,卖盘,600887,2025-10-17 22:23:31
09:58:57,27.79,0.0,25,69475,卖盘,600887,2025-10-17 22:23:31
09:59:00,27.79,0.0,218,605670,卖盘,600887,2025-10-17 22:23:31
09:59:03,27.78,-0.01,1,2778,卖盘,600887,2025-10-17 22:23:31
09:59:06,27.79,0.01,29,80573,买盘,600887,2025-10-17 22:23:31
09:59:09,27.79,0.0,1,2779,买盘,600887,2025-10-17 22:23:31
09:59:12,27.78,-0.01,253,703077,卖盘,600887,2025-10-17 22:23:31
09:59:15,27.79,0.01,3,8335,买盘,600887,2025-10-17 22:23:31
09:59:18,27.79,0.0,18,50008,买盘,600887,2025-10-17 22:23:31
09:59:21,27.78,-0.01,15,41679,卖盘,600887,2025-10-17 22:23:31
09:59:24,27.79,0.01,28,77791,买盘,600887,2025-10-17 22:23:31
09:59:27,27.78,-0.01,11,30568,卖盘,600887,2025-10-17 22:23:31
09:59:30,27.79,0.01,52,144458,买盘,600887,2025-10-17 22:23:31
09:59:33,27.78,-0.01,50,138901,卖盘,600887,2025-10-17 22:23:31
09:59:36,27.79,0.01,59,163910,买盘,600887,2025-10-17 22:23:31
09:59:39,27.78,-0.01,9,25002,卖盘,600887,2025-10-17 22:23:31
09:59:42,27.78,0.0,13,36116,卖盘,600887,2025-10-17 22:23:31
09:59:45,27.78,0.0,23,63894,卖盘,600887,2025-10-17 22:23:31
09:59:48,27.79,0.01,72,200072,买盘,600887,2025-10-17 22:23:31
09:59:51,27.78,-0.01,12,33341,卖盘,600887,2025-10-17 22:23:31
09:59:54,27.78,0.0,25,69450,卖盘,600887,2025-10-17 22:23:31
09:59:57,27.78,0.0,20,55560,卖盘,600887,2025-10-17 22:23:31
10:00:00,27.77,-0.01,133,369472,卖盘,600887,2025-10-17 22:23:31
10:00:03,27.77,0.0,31,86091,卖盘,600887,2025-10-17 22:23:31
10:00:06,27.78,0.01,79,219422,买盘,600887,2025-10-17 22:23:31
10:00:09,27.77,-0.01,24,66649,卖盘,600887,2025-10-17 22:23:31
10:00:12,27.77,0.0,43,119411,卖盘,600887,2025-10-17 22:23:31
10:00:15,27.77,0.0,69,191613,卖盘,600887,2025-10-17 22:23:31
10:00:18,27.77,0.0,189,524853,卖盘,600887,2025-10-17 22:23:31
10:00:21,27.77,0.0,103,286031,卖盘,600887,2025-10-17 22:23:31
10:00:24,27.78,0.01,62,172184,买盘,600887,2025-10-17 22:23:31
10:00:27,27.77,-0.01,446,1238532,卖盘,600887,2025-10-17 22:23:31
10:00:30,27.77,0.0,17,47203,卖盘,600887,2025-10-17 22:23:31
10:00:33,27.77,0.0,296,821885,买盘,600887,2025-10-17 22:23:31
10:00:36,27.77,0.0,32,88850,买盘,600887,2025-10-17 22:23:31
10:00:39,27.76,-0.01,53,147133,卖盘,600887,2025-10-17 22:23:31
10:00:42,27.77,0.01,1136,3152641,买盘,600887,2025-10-17 22:23:31
10:00:45,27.76,-0.01,36,99952,卖盘,600887,2025-10-17 22:23:31
10:00:48,27.76,0.0,30,83282,卖盘,600887,2025-10-17 22:23:31
10:00:51,27.77,0.01,124,344290,买盘,600887,2025-10-17 22:23:31
10:00:54,27.77,0.0,127,352559,买盘,600887,2025-10-17 22:23:31
10:00:57,27.76,-0.01,70,194353,卖盘,600887,2025-10-17 22:23:31
10:01:00,27.76,0.0,228,632952,卖盘,600887,2025-10-17 22:23:31
10:01:03,27.76,0.0,1173,3254297,卖盘,600887,2025-10-17 22:23:31
10:01:06,27.76,0.0,88,244269,买盘,600887,2025-10-17 22:23:31
10:01:09,27.77,0.01,86,238716,买盘,600887,2025-10-17 22:23:31
10:01:12,27.75,-0.02,122,338626,卖盘,600887,2025-10-17 22:23:31
10:01:15,27.74,-0.01,95,263602,卖盘,600887,2025-10-17 22:23:31
10:01:18,27.75,0.01,80,221979,买盘,600887,2025-10-17 22:23:31
10:01:21,27.75,0.0,14,38853,卖盘,600887,2025-10-17 22:23:31
10:01:24,27.75,0.0,293,813058,卖盘,600887,2025-10-17 22:23:31
10:01:27,27.75,0.0,53,147068,买盘,600887,2025-10-17 22:23:31
10:01:30,27.74,-0.01,152,421699,卖盘,600887,2025-10-17 22:23:31
10:01:33,27.74,0.0,192,532685,卖盘,600887,2025-10-17 22:23:31
10:01:36,27.75,0.01,130,360628,买盘,600887,2025-10-17 22:23:31
10:01:39,27.75,0.0,89,246966,买盘,600887,2025-10-17 22:23:31
10:01:42,27.74,-0.01,107,296821,卖盘,600887,2025-10-17 22:23:31
10:01:45,27.74,0.0,116,321784,卖盘,600887,2025-10-17 22:23:31
10:01:48,27.74,0.0,12,33288,买盘,600887,2025-10-17 22:23:31
10:01:51,27.74,0.0,526,1459184,买盘,600887,2025-10-17 22:23:31
10:01:54,27.75,0.01,558,1547958,买盘,600887,2025-10-17 22:23:31
10:01:57,27.74,-0.01,151,418946,卖盘,600887,2025-10-17 22:23:31
10:02:00,27.75,0.01,123,341304,买盘,600887,2025-10-17 22:23:31
10:02:03,27.74,-0.01,91,252440,卖盘,600887,2025-10-17 22:23:31
10:02:06,27.75,0.01,228,632532,买盘,600887,2025-10-17 22:23:31
10:02:09,27.74,-0.01,79,219196,卖盘,600887,2025-10-17 22:23:31
10:02:12,27.74,0.0,67,185888,卖盘,600887,2025-10-17 22:23:31
10:02:15,27.75,0.01,111,307976,买盘,600887,2025-10-17 22:23:31
10:02:18,27.77,0.02,1846,5123033,买盘,600887,2025-10-17 22:23:31
10:02:21,27.76,-0.01,394,1093835,卖盘,600887,2025-10-17 22:23:31
10:02:24,27.76,0.0,74,205504,卖盘,600887,2025-10-17 22:23:31
10:02:27,27.76,0.0,88,244311,卖盘,600887,2025-10-17 22:23:31
10:02:30,27.77,0.01,39,108272,买盘,600887,2025-10-17 22:23:31
10:02:33,27.75,-0.02,170,471869,卖盘,600887,2025-10-17 22:23:31
10:02:36,27.76,0.01,49,136020,买盘,600887,2025-10-17 22:23:31
10:02:39,27.76,0.0,36,99926,买盘,600887,2025-10-17 22:23:31
10:02:42,27.76,0.0,25,69400,买盘,600887,2025-10-17 22:23:31
10:02:45,27.77,0.01,65,180442,买盘,600887,2025-10-17 22:23:31
10:02:48,27.76,-0.01,20,55504,中性盘,600887,2025-10-17 22:23:31
10:02:51,27.77,0.01,100,277531,买盘,600887,2025-10-17 22:23:31
10:02:54,27.76,-0.01,82,227762,卖盘,600887,2025-10-17 22:23:31
10:02:57,27.76,0.0,57,158316,卖盘,600887,2025-10-17 22:23:31
10:03:00,27.76,0.0,27,74971,卖盘,600887,2025-10-17 22:23:31
10:03:03,27.76,0.0,55,152729,卖盘,600887,2025-10-17 22:23:31
10:03:06,27.77,0.01,125,347080,买盘,600887,2025-10-17 22:23:31
10:03:09,27.76,-0.01,100,277681,卖盘,600887,2025-10-17 22:23:31
10:03:12,27.76,0.0,109,302584,卖盘,600887,2025-10-17 22:23:31
10:03:18,27.76,0.0,28,77729,卖盘,600887,2025-10-17 22:23:31
10:03:21,27.76,0.0,81,224895,卖盘,600887,2025-10-17 22:23:31
10:03:24,27.76,0.0,131,363663,卖盘,600887,2025-10-17 22:23:31
10:03:27,27.76,0.0,23,63848,买盘,600887,2025-10-17 22:23:31
10:03:30,27.76,0.0,45,124921,卖盘,600887,2025-10-17 22:23:31
10:03:33,27.76,0.0,271,752361,买盘,600887,2025-10-17 22:23:31
10:03:36,27.78,0.02,247,686143,买盘,600887,2025-10-17 22:23:31
10:03:39,27.78,0.0,66,183344,买盘,600887,2025-10-17 22:23:31
10:03:42,27.77,-0.01,82,227810,卖盘,600887,2025-10-17 22:23:31
10:03:45,27.76,-0.01,237,658058,卖盘,600887,2025-10-17 22:23:31
10:03:48,27.76,0.0,96,266488,买盘,600887,2025-10-17 22:23:31
10:03:51,27.76,0.0,124,344213,买盘,600887,2025-10-17 22:23:31
10:03:54,27.76,0.0,39,108264,买盘,600887,2025-10-17 22:23:31
10:03:57,27.76,0.0,8,22208,卖盘,600887,2025-10-17 22:23:31
10:04:00,27.77,0.01,82,227693,买盘,600887,2025-10-17 22:23:31
10:04:03,27.77,0.0,119,330512,买盘,600887,2025-10-17 22:23:31
10:04:06,27.78,0.01,76,211075,买盘,600887,2025-10-17 22:23:31
10:04:09,27.79,0.01,360,1000408,买盘,600887,2025-10-17 22:23:31
10:04:12,27.77,-0.02,39,108341,卖盘,600887,2025-10-17 22:23:31
10:04:15,27.77,0.0,8,22220,卖盘,600887,2025-10-17 22:23:31
10:04:21,27.78,0.01,183,508277,买盘,600887,2025-10-17 22:23:31
10:04:24,27.77,-0.01,17,47198,买盘,600887,2025-10-17 22:23:31
10:04:27,27.77,0.0,8,22210,买盘,600887,2025-10-17 22:23:31
10:04:30,27.77,0.0,59,163843,买盘,600887,2025-10-17 22:23:31
10:04:33,27.76,-0.01,2,5553,卖盘,600887,2025-10-17 22:23:31
10:04:36,27.77,0.01,11,30538,买盘,600887,2025-10-17 22:23:31
10:04:39,27.76,-0.01,22,61080,卖盘,600887,2025-10-17 22:23:31
10:04:42,27.76,0.0,73,202664,卖盘,600887,2025-10-17 22:23:31
10:04:45,27.77,0.01,65,180443,买盘,600887,2025-10-17 22:23:31
10:04:48,27.76,-0.01,14,38866,卖盘,600887,2025-10-17 22:23:31
10:04:51,27.77,0.01,92,255484,买盘,600887,2025-10-17 22:23:31
10:04:54,27.77,0.0,9,24987,买盘,600887,2025-10-17 22:23:31
10:04:57,27.76,-0.01,58,161088,卖盘,600887,2025-10-17 22:23:31
10:05:00,27.76,0.0,89,247215,卖盘,600887,2025-10-17 22:23:31
10:05:03,27.76,0.0,21,58298,卖盘,600887,2025-10-17 22:23:31
10:05:06,27.77,0.01,86,238948,买盘,600887,2025-10-17 22:23:31
10:05:09,27.76,-0.01,213,591294,卖盘,600887,2025-10-17 22:23:31
10:05:12,27.76,0.0,130,360875,买盘,600887,2025-10-17 22:23:31
10:05:15,27.76,0.0,326,904861,买盘,600887,2025-10-17 22:23:31
10:05:18,27.8,0.04,451,1253184,买盘,600887,2025-10-17 22:23:31
10:05:21,27.76,-0.04,195,541315,卖盘,600887,2025-10-17 22:23:31
10:05:24,27.75,-0.01,122,338716,卖盘,600887,2025-10-17 22:23:31
10:05:27,27.77,0.02,30,83282,中性盘,600887,2025-10-17 22:23:31
10:05:30,27.76,-0.01,145,402524,卖盘,600887,2025-10-17 22:23:31
10:05:33,27.76,0.0,24,66635,卖盘,600887,2025-10-17 22:23:31
10:05:36,27.76,0.0,43,119371,卖盘,600887,2025-10-17 22:23:31
10:05:39,27.77,0.01,141,391557,买盘,600887,2025-10-17 22:23:31
10:05:42,27.76,-0.01,76,210980,卖盘,600887,2025-10-17 22:23:31
10:05:45,27.76,0.0,112,310864,卖盘,600887,2025-10-17 22:23:31
10:05:48,27.76,0.0,111,308125,中性盘,600887,2025-10-17 22:23:31
10:05:51,27.76,0.0,29,80482,买盘,600887,2025-10-17 22:23:31
10:05:54,27.75,-0.01,26,72167,卖盘,600887,2025-10-17 22:23:31
10:05:57,27.76,0.01,52,144355,买盘,600887,2025-10-17 22:23:31
10:06:00,27.77,0.01,236,655359,买盘,600887,2025-10-17 22:23:31
10:06:03,27.76,-0.01,149,413624,卖盘,600887,2025-10-17 22:23:31
10:06:06,27.76,0.0,56,155418,买盘,600887,2025-10-17 22:23:31
10:06:09,27.75,-0.01,150,416367,卖盘,600887,2025-10-17 22:23:31
10:06:12,27.76,0.01,231,641185,买盘,600887,2025-10-17 22:23:31
10:06:15,27.76,0.0,225,624488,买盘,600887,2025-10-17 22:23:31
10:06:18,27.75,-0.01,1081,2999129,卖盘,600887,2025-10-17 22:23:31
10:06:21,27.75,0.0,20,55500,卖盘,600887,2025-10-17 22:23:31
10:06:24,27.75,0.0,3,8325,买盘,600887,2025-10-17 22:23:31
10:06:27,27.75,0.0,50,138729,买盘,600887,2025-10-17 22:23:31
10:06:33,27.74,-0.01,21,58263,卖盘,600887,2025-10-17 22:23:31
10:06:36,27.75,0.01,32,88780,买盘,600887,2025-10-17 22:23:31
10:06:39,27.74,-0.01,125,346752,卖盘,600887,2025-10-17 22:23:31
10:06:42,27.73,-0.01,33,91509,卖盘,600887,2025-10-17 22:23:31
10:06:45,27.74,0.01,115,318898,买盘,600887,2025-10-17 22:23:31
10:06:48,27.73,-0.01,316,876267,卖盘,600887,2025-10-17 22:23:31
10:06:51,27.73,0.0,146,404758,买盘,600887,2025-10-17 22:23:31
10:06:54,27.72,-0.01,99,274442,卖盘,600887,2025-10-17 22:23:31
10:06:57,27.72,0.0,66,182961,卖盘,600887,2025-10-17 22:23:31
10:07:00,27.72,0.0,38,105353,卖盘,600887,2025-10-17 22:23:31
10:07:03,27.72,0.0,151,418578,卖盘,600887,2025-10-17 22:23:31
10:07:06,27.72,0.0,55,152446,买盘,600887,2025-10-17 22:23:31
10:07:09,27.72,0.0,16,44352,买盘,600887,2025-10-17 22:23:31
10:07:12,27.72,0.0,50,138595,买盘,600887,2025-10-17 22:23:31
10:07:15,27.71,-0.01,253,701148,卖盘,600887,2025-10-17 22:23:31
10:07:18,27.71,0.0,99,274329,卖盘,600887,2025-10-17 22:23:31
10:07:21,27.71,0.0,120,332600,卖盘,600887,2025-10-17 22:23:31
10:07:24,27.72,0.01,189,523846,买盘,600887,2025-10-17 22:23:31
10:07:27,27.72,0.0,150,415732,买盘,600887,2025-10-17 22:23:31
10:07:30,27.71,-0.01,187,518394,卖盘,600887,2025-10-17 22:23:31
10:07:33,27.73,0.02,110,304939,买盘,600887,2025-10-17 22:23:31
10:07:36,27.72,-0.01,111,307754,中性盘,600887,2025-10-17 22:23:31
10:07:39,27.72,0.0,6,16635,中性盘,600887,2025-10-17 22:23:31
10:07:42,27.72,0.0,110,304998,卖盘,600887,2025-10-17 22:23:31
10:07:45,27.72,0.0,261,723551,卖盘,600887,2025-10-17 22:23:31
10:07:48,27.73,0.01,165,457491,中性盘,600887,2025-10-17 22:23:31
10:07:51,27.73,0.0,49,135867,买盘,600887,2025-10-17 22:23:31
10:07:54,27.74,0.01,126,349390,买盘,600887,2025-10-17 22:23:31
10:07:57,27.73,-0.01,166,460470,中性盘,600887,2025-10-17 22:23:31
10:08:00,27.73,0.0,120,333032,卖盘,600887,2025-10-17 22:23:31
10:08:03,27.74,0.01,18,49932,中性盘,600887,2025-10-17 22:23:31
10:08:06,27.75,0.01,16,44370,买盘,600887,2025-10-17 22:23:31
10:08:09,27.73,-0.02,8,22187,卖盘,600887,2025-10-17 22:23:31
10:08:12,27.74,0.01,56,155290,买盘,600887,2025-10-17 22:23:31
10:08:15,27.73,-0.01,115,318882,卖盘,600887,2025-10-17 22:23:31
10:08:18,27.73,0.0,15,41595,卖盘,600887,2025-10-17 22:23:31
10:08:21,27.73,0.0,35,97056,卖盘,600887,2025-10-17 22:23:31
10:08:24,27.73,0.0,94,260660,卖盘,600887,2025-10-17 22:23:31
10:08:27,27.72,-0.01,55,152489,卖盘,600887,2025-10-17 22:23:31
10:08:30,27.72,0.0,138,382643,卖盘,600887,2025-10-17 22:23:31
10:08:33,27.72,0.0,86,238471,卖盘,600887,2025-10-17 22:23:31
10:08:36,27.74,0.02,54,149781,买盘,600887,2025-10-17 22:23:31
10:08:39,27.72,-0.02,33,91507,卖盘,600887,2025-10-17 22:23:31
10:08:42,27.73,0.01,61,169142,中性盘,600887,2025-10-17 22:23:31
10:08:45,27.73,0.0,132,366043,买盘,600887,2025-10-17 22:23:31
10:08:48,27.73,0.0,89,246728,买盘,600887,2025-10-17 22:23:31
10:08:51,27.73,0.0,3,8319,买盘,600887,2025-10-17 22:23:31
10:08:54,27.73,0.0,3,8317,买盘,600887,2025-10-17 22:23:31
10:08:57,27.72,-0.01,68,188498,卖盘,600887,2025-10-17 22:23:31
10:09:00,27.72,0.0,254,704094,卖盘,600887,2025-10-17 22:23:31
10:09:03,27.71,-0.01,137,379640,卖盘,600887,2025-10-17 22:23:31
10:09:06,27.72,0.01,197,545998,买盘,600887,2025-10-17 22:23:31
10:09:09,27.71,-0.01,228,631797,卖盘,600887,2025-10-17 22:23:31
10:09:12,27.71,0.0,29,80361,卖盘,600887,2025-10-17 22:23:31
10:09:15,27.71,0.0,199,551429,卖盘,600887,2025-10-17 22:23:31
10:09:18,27.72,0.01,97,268833,买盘,600887,2025-10-17 22:23:31
10:09:21,27.71,-0.01,4,11084,中性盘,600887,2025-10-17 22:23:31
10:09:24,27.7,-0.01,45,124689,卖盘,600887,2025-10-17 22:23:31
10:09:27,27.7,0.0,110,304704,卖盘,600887,2025-10-17 22:23:31
10:09:30,27.71,0.01,13,36023,买盘,600887,2025-10-17 22:23:31
10:09:33,27.7,-0.01,32,88652,卖盘,600887,2025-10-17 22:23:31
10:09:36,27.71,0.01,166,459986,买盘,600887,2025-10-17 22:23:31
10:09:39,27.71,0.0,65,180115,卖盘,600887,2025-10-17 22:23:31
10:09:42,27.71,0.0,392,1085932,卖盘,600887,2025-10-17 22:23:31
10:09:45,27.71,0.0,118,326877,买盘,600887,2025-10-17 22:23:31
10:09:48,27.7,-0.01,204,565238,卖盘,600887,2025-10-17 22:23:31
10:09:51,27.71,0.01,108,299176,买盘,600887,2025-10-17 22:23:31
10:09:54,27.7,-0.01,21,58170,卖盘,600887,2025-10-17 22:23:31
10:09:57,27.7,0.0,762,2110790,卖盘,600887,2025-10-17 22:23:31
10:10:00,27.7,0.0,30,83101,卖盘,600887,2025-10-17 22:23:31
10:10:03,27.69,-0.01,403,1116224,卖盘,600887,2025-10-17 22:23:31
10:10:06,27.69,0.0,90,249222,卖盘,600887,2025-10-17 22:23:31
10:10:09,27.69,0.0,13,35999,卖盘,600887,2025-10-17 22:23:31
10:10:12,27.69,0.0,311,861170,卖盘,600887,2025-10-17 22:23:31
10:10:15,27.69,0.0,52,143988,卖盘,600887,2025-10-17 22:23:31
10:10:18,27.69,0.0,63,174486,卖盘,600887,2025-10-17 22:23:31
10:10:21,27.69,0.0,25,69230,卖盘,600887,2025-10-17 22:23:31
10:10:24,27.69,0.0,136,376701,卖盘,600887,2025-10-17 22:23:31
10:10:27,27.69,0.0,47,130188,卖盘,600887,2025-10-17 22:23:31
10:10:30,27.69,0.0,489,1354061,卖盘,600887,2025-10-17 22:23:31
10:10:33,27.69,0.0,48,132914,卖盘,600887,2025-10-17 22:23:31
10:10:36,27.69,0.0,27,74754,买盘,600887,2025-10-17 22:23:31
10:10:39,27.69,0.0,85,235365,买盘,600887,2025-10-17 22:23:31
10:10:42,27.68,-0.01,82,227041,卖盘,600887,2025-10-17 22:23:31
10:10:45,27.68,0.0,129,357114,卖盘,600887,2025-10-17 22:23:31
10:10:48,27.69,0.01,48,132873,买盘,600887,2025-10-17 22:23:31
10:10:51,27.69,0.0,8,22148,买盘,600887,2025-10-17 22:23:31
10:10:54,27.69,0.0,50,138415,买盘,600887,2025-10-17 22:23:31
10:10:57,27.69,0.0,151,418049,买盘,600887,2025-10-17 22:23:31
10:11:00,27.69,0.0,30,83041,买盘,600887,2025-10-17 22:23:31
10:11:03,27.69,0.0,21,58137,买盘,600887,2025-10-17 22:23:31
10:11:06,27.69,0.0,10,27682,买盘,600887,2025-10-17 22:23:31
10:11:09,27.68,-0.01,6,16609,卖盘,600887,2025-10-17 22:23:31
10:11:12,27.69,0.01,218,603625,买盘,600887,2025-10-17 22:23:31
10:11:15,27.69,0.0,68,188292,买盘,600887,2025-10-17 22:23:31
10:11:18,27.69,0.0,128,354399,买盘,600887,2025-10-17 22:23:31
10:11:21,27.69,0.0,233,645142,买盘,600887,2025-10-17 22:23:31
10:11:24,27.69,0.0,103,285208,买盘,600887,2025-10-17 22:23:31
10:11:27,27.69,0.0,187,517820,卖盘,600887,2025-10-17 22:23:31
10:11:30,27.7,0.01,187,517962,买盘,600887,2025-10-17 22:23:31
10:11:33,27.71,0.01,34,94190,买盘,600887,2025-10-17 22:23:31
10:11:36,27.71,0.0,23,63699,买盘,600887,2025-10-17 22:23:31
10:11:39,27.7,-0.01,15,41561,卖盘,600887,2025-10-17 22:23:31
10:11:42,27.7,0.0,18,49863,卖盘,600887,2025-10-17 22:23:31
10:11:45,27.7,0.0,91,252072,卖盘,600887,2025-10-17 22:23:31
10:11:48,27.72,0.02,242,670648,买盘,600887,2025-10-17 22:23:31
10:11:51,27.69,-0.03,69,191087,卖盘,600887,2025-10-17 22:23:31
10:11:54,27.71,0.02,8,22154,买盘,600887,2025-10-17 22:23:31
10:11:57,27.69,-0.02,36,99719,卖盘,600887,2025-10-17 22:23:31
10:12:00,27.71,0.02,1,2771,买盘,600887,2025-10-17 22:23:31
10:12:03,27.7,-0.01,93,257580,卖盘,600887,2025-10-17 22:23:31
10:12:06,27.7,0.0,67,185592,卖盘,600887,2025-10-17 22:23:31
10:12:09,27.7,0.0,132,365743,卖盘,600887,2025-10-17 22:23:31
10:12:12,27.69,-0.01,196,542846,卖盘,600887,2025-10-17 22:23:31
10:12:15,27.69,0.0,171,473500,卖盘,600887,2025-10-17 22:23:31
10:12:18,27.69,0.0,121,335069,卖盘,600887,2025-10-17 22:23:31
10:12:21,27.7,0.01,495,1370701,买盘,600887,2025-10-17 22:23:31
10:12:24,27.69,-0.01,53,146757,卖盘,600887,2025-10-17 22:23:31
10:12:27,27.69,0.0,2,5538,卖盘,600887,2025-10-17 22:23:31
10:12:30,27.7,0.01,57,157845,买盘,600887,2025-10-17 22:23:31
10:12:33,27.69,-0.01,5,13847,卖盘,600887,2025-10-17 22:23:31
10:12:36,27.7,0.01,34,94159,买盘,600887,2025-10-17 22:23:31
10:12:39,27.69,-0.01,13,35998,卖盘,600887,2025-10-17 22:23:31
10:12:45,27.69,0.0,112,310129,卖盘,600887,2025-10-17 22:23:31
10:12:48,27.69,0.0,8,22155,卖盘,600887,2025-10-17 22:23:31
10:12:51,27.7,0.01,35,96937,买盘,600887,2025-10-17 22:23:31
10:12:54,27.7,0.0,3,8310,买盘,600887,2025-10-17 22:23:31
10:12:57,27.7,0.0,4,11078,买盘,600887,2025-10-17 22:23:31
10:13:00,27.7,0.0,14,38771,买盘,600887,2025-10-17 22:23:31
10:13:03,27.69,-0.01,531,1470340,卖盘,600887,2025-10-17 22:23:31
10:13:06,27.7,0.01,273,756023,买盘,600887,2025-10-17 22:23:31
10:13:09,27.69,-0.01,99,274200,卖盘,600887,2025-10-17 22:23:31
10:13:12,27.69,0.0,88,243720,卖盘,600887,2025-10-17 22:23:31
10:13:15,27.69,0.0,139,384960,卖盘,600887,2025-10-17 22:23:31
10:13:18,27.69,0.0,1,2769,卖盘,600887,2025-10-17 22:23:31
10:13:21,27.69,0.0,2,5538,卖盘,600887,2025-10-17 22:23:31
10:13:24,27.69,0.0,205,567648,卖盘,600887,2025-10-17 22:23:31
10:13:27,27.69,0.0,22,60918,买盘,600887,2025-10-17 22:23:31
10:13:30,27.69,0.0,49,135681,买盘,600887,2025-10-17 22:23:31
10:13:33,27.69,0.0,20,55391,卖盘,600887,2025-10-17 22:23:31
10:13:36,27.7,0.01,4,11077,买盘,600887,2025-10-17 22:23:31
10:13:39,27.7,0.0,51,141266,买盘,600887,2025-10-17 22:23:31
10:13:42,27.7,0.0,8,22160,卖盘,600887,2025-10-17 22:23:31
10:13:45,27.7,0.0,3,8310,买盘,600887,2025-10-17 22:23:31
10:13:48,27.7,0.0,21,58170,卖盘,600887,2025-10-17 22:23:31
10:13:51,27.7,0.0,649,1796803,卖盘,600887,2025-10-17 22:23:31
10:13:54,27.7,0.0,5,13850,卖盘,600887,2025-10-17 22:23:31
10:13:57,27.7,0.0,23,63711,卖盘,600887,2025-10-17 22:23:31
10:14:00,27.71,0.01,11,30471,买盘,600887,2025-10-17 22:23:31
10:14:03,27.69,-0.02,170,470854,卖盘,600887,2025-10-17 22:23:31
10:14:06,27.7,0.01,149,412702,中性盘,600887,2025-10-17 22:23:31
10:14:09,27.7,0.0,436,1207721,卖盘,600887,2025-10-17 22:23:31
10:14:12,27.69,-0.01,19,52615,卖盘,600887,2025-10-17 22:23:31
10:14:15,27.68,-0.01,152,420859,卖盘,600887,2025-10-17 22:23:31
10:14:18,27.69,0.01,77,213207,买盘,600887,2025-10-17 22:23:31
10:14:21,27.7,0.01,197,545495,买盘,600887,2025-10-17 22:23:31
10:14:24,27.7,0.0,2,5539,买盘,600887,2025-10-17 22:23:31
10:14:27,27.69,-0.01,6,16616,卖盘,600887,2025-10-17 22:23:31
10:14:30,27.7,0.01,198,548333,买盘,600887,2025-10-17 22:23:31
10:14:33,27.7,0.0,4,11083,卖盘,600887,2025-10-17 22:23:31
10:14:36,27.7,0.0,28,77562,卖盘,600887,2025-10-17 22:23:31
10:14:39,27.7,0.0,7,19396,卖盘,600887,2025-10-17 22:23:31
10:14:42,27.71,0.01,134,371287,买盘,600887,2025-10-17 22:23:31
10:14:45,27.71,0.0,69,191192,买盘,600887,2025-10-17 22:23:31
10:14:48,27.71,0.0,117,324208,卖盘,600887,2025-10-17 22:23:31
10:14:51,27.71,0.0,22,60958,卖盘,600887,2025-10-17 22:23:31
10:14:54,27.7,-0.01,22,60951,卖盘,600887,2025-10-17 22:23:31
10:14:57,27.71,0.01,86,238248,买盘,600887,2025-10-17 22:23:31
10:15:00,27.71,0.0,44,121902,买盘,600887,2025-10-17 22:23:31
10:15:03,27.71,0.0,41,113588,买盘,600887,2025-10-17 22:23:31
10:15:06,27.71,0.0,37,102512,买盘,600887,2025-10-17 22:23:31
10:15:09,27.7,-0.01,25,69264,卖盘,600887,2025-10-17 22:23:31
10:15:12,27.7,0.0,107,296402,卖盘,600887,2025-10-17 22:23:31
10:15:15,27.7,0.0,57,157902,卖盘,600887,2025-10-17 22:23:31
10:15:18,27.71,0.01,92,254843,买盘,600887,2025-10-17 22:23:31
10:15:21,27.7,-0.01,21,58170,卖盘,600887,2025-10-17 22:23:31
10:15:24,27.7,0.0,168,465510,卖盘,600887,2025-10-17 22:23:31
10:15:27,27.7,0.0,10,27700,卖盘,600887,2025-10-17 22:23:31
10:15:30,27.71,0.01,53,146853,买盘,600887,2025-10-17 22:23:31
10:15:33,27.72,0.01,26,72041,买盘,600887,2025-10-17 22:23:31
10:15:36,27.71,-0.01,14,38794,卖盘,600887,2025-10-17 22:23:31
10:15:39,27.72,0.01,16,44351,买盘,600887,2025-10-17 22:23:31
10:15:42,27.71,-0.01,1,2771,卖盘,600887,2025-10-17 22:23:31
10:15:48,27.72,0.01,2,5544,买盘,600887,2025-10-17 22:23:31
10:15:51,27.71,-0.01,98,271627,卖盘,600887,2025-10-17 22:23:31
10:15:54,27.72,0.01,9,24944,买盘,600887,2025-10-17 22:23:31
10:15:57,27.72,0.0,10,27720,买盘,600887,2025-10-17 22:23:31
10:16:00,27.7,-0.02,130,360227,卖盘,600887,2025-10-17 22:23:31
10:16:03,27.71,0.01,42,116369,买盘,600887,2025-10-17 22:23:31
10:16:06,27.71,0.0,5,13855,买盘,600887,2025-10-17 22:23:31
10:16:09,27.71,0.0,62,171802,买盘,600887,2025-10-17 22:23:31
10:16:12,27.71,0.0,7,19397,卖盘,600887,2025-10-17 22:23:31
10:16:15,27.71,0.0,148,410108,卖盘,600887,2025-10-17 22:23:31
10:16:18,27.71,0.0,364,1008642,卖盘,600887,2025-10-17 22:23:31
10:16:21,27.71,0.0,15,41556,买盘,600887,2025-10-17 22:23:31
10:16:24,27.71,0.0,30,83104,买盘,600887,2025-10-17 22:23:31
10:16:27,27.7,-0.01,38,105276,卖盘,600887,2025-10-17 22:23:31
10:16:30,27.71,0.01,33,91439,买盘,600887,2025-10-17 22:23:31
10:16:36,27.71,0.0,22,60951,买盘,600887,2025-10-17 22:23:31
10:16:39,27.7,-0.01,18,49868,卖盘,600887,2025-10-17 22:23:31
10:16:42,27.7,0.0,3,8310,卖盘,600887,2025-10-17 22:23:31
10:16:48,27.71,0.01,30,83130,买盘,600887,2025-10-17 22:23:31
10:16:51,27.69,-0.02,1183,3276850,卖盘,600887,2025-10-17 22:23:31
10:16:54,27.69,0.0,159,440271,卖盘,600887,2025-10-17 22:23:31
10:16:57,27.68,-0.01,324,897084,卖盘,600887,2025-10-17 22:23:31
10:17:00,27.69,0.01,77,213148,买盘,600887,2025-10-17 22:23:31
10:17:03,27.68,-0.01,86,238050,卖盘,600887,2025-10-17 22:23:31
10:17:06,27.69,0.01,6,16614,买盘,600887,2025-10-17 22:23:31
10:17:09,27.68,-0.01,66,182689,卖盘,600887,2025-10-17 22:23:31
10:17:12,27.69,0.01,69,191052,买盘,600887,2025-10-17 22:23:31
10:17:15,27.68,-0.01,274,758434,卖盘,600887,2025-10-17 22:23:31
10:17:18,27.68,0.0,35,96880,卖盘,600887,2025-10-17 22:23:31
10:17:21,27.68,0.0,279,772273,卖盘,600887,2025-10-17 22:23:31
10:17:24,27.68,0.0,567,1569440,卖盘,600887,2025-10-17 22:23:31
10:17:27,27.68,0.0,53,146662,买盘,600887,2025-10-17 22:23:31
10:17:30,27.68,0.0,40,110720,买盘,600887,2025-10-17 22:23:31
10:17:33,27.68,0.0,20,55360,买盘,600887,2025-10-17 22:23:31
10:17:36,27.68,0.0,8,22137,买盘,600887,2025-10-17 22:23:31
10:17:39,27.67,-0.01,1,2767,卖盘,600887,2025-10-17 22:23:31
10:17:42,27.68,0.01,15,41515,买盘,600887,2025-10-17 22:23:31
10:17:45,27.68,0.0,21,58122,买盘,600887,2025-10-17 22:23:31
10:17:48,27.67,-0.01,101,279511,卖盘,600887,2025-10-17 22:23:31
10:17:51,27.67,0.0,60,166020,卖盘,600887,2025-10-17 22:23:31
10:17:54,27.67,0.0,27,74709,卖盘,600887,2025-10-17 22:23:31
10:17:57,27.67,0.0,70,193690,卖盘,600887,2025-10-17 22:23:31
10:18:00,27.68,0.01,1,2768,买盘,600887,2025-10-17 22:23:31
10:18:03,27.67,-0.01,44,121749,卖盘,600887,2025-10-17 22:23:31
10:18:06,27.68,0.01,19,52584,买盘,600887,2025-10-17 22:23:31
10:18:09,27.67,-0.01,41,113461,卖盘,600887,2025-10-17 22:23:31
10:18:12,27.67,0.0,36,99612,卖盘,600887,2025-10-17 22:23:31
10:18:15,27.67,0.0,927,2564958,卖盘,600887,2025-10-17 22:23:31
10:18:18,27.67,0.0,111,307071,买盘,600887,2025-10-17 22:23:31
10:18:21,27.67,0.0,44,121747,买盘,600887,2025-10-17 22:23:31
10:18:24,27.67,0.0,178,492491,买盘,600887,2025-10-17 22:23:31
10:18:27,27.67,0.0,66,182581,买盘,600887,2025-10-17 22:23:31
10:18:30,27.68,0.01,123,340404,买盘,600887,2025-10-17 22:23:31
10:18:33,27.67,-0.01,70,193663,中性盘,600887,2025-10-17 22:23:31
10:18:36,27.67,0.0,28,77463,买盘,600887,2025-10-17 22:23:31
10:18:39,27.67,0.0,34,94051,买盘,600887,2025-10-17 22:23:31
10:18:42,27.66,-0.01,8,22135,卖盘,600887,2025-10-17 22:23:31
10:18:45,27.67,0.01,23,63641,买盘,600887,2025-10-17 22:23:31
10:18:48,27.67,0.0,38,105127,买盘,600887,2025-10-17 22:23:31
10:18:51,27.66,-0.01,89,246183,卖盘,600887,2025-10-17 22:23:31
10:18:54,27.66,0.0,107,295964,卖盘,600887,2025-10-17 22:23:31
10:18:57,27.66,0.0,54,149367,卖盘,600887,2025-10-17 22:23:31
10:19:00,27.66,0.0,196,542140,卖盘,600887,2025-10-17 22:23:31
10:19:03,27.66,0.0,233,644483,卖盘,600887,2025-10-17 22:23:31
10:19:06,27.67,0.01,19,52564,买盘,600887,2025-10-17 22:23:31
10:19:09,27.66,-0.01,127,351322,卖盘,600887,2025-10-17 22:23:31
10:19:12,27.66,0.0,78,215823,卖盘,600887,2025-10-17 22:23:31
10:19:15,27.66,0.0,27,74682,卖盘,600887,2025-10-17 22:23:31
10:19:18,27.67,0.01,53,146603,买盘,600887,2025-10-17 22:23:31
10:19:21,27.67,0.0,5,13833,买盘,600887,2025-10-17 22:23:31
10:19:24,27.65,-0.02,500,1382998,卖盘,600887,2025-10-17 22:23:31
10:19:27,27.66,0.01,83,229566,买盘,600887,2025-10-17 22:23:31
10:19:30,27.65,-0.01,27,74664,卖盘,600887,2025-10-17 22:23:31
10:19:33,27.66,0.01,84,232264,买盘,600887,2025-10-17 22:23:31
10:19:36,27.66,0.0,25,69128,买盘,600887,2025-10-17 22:23:31
10:19:39,27.66,0.0,117,323617,买盘,600887,2025-10-17 22:23:31
10:19:42,27.65,-0.01,104,287566,卖盘,600887,2025-10-17 22:23:31
10:19:45,27.65,0.0,29,80204,卖盘,600887,2025-10-17 22:23:31
10:19:48,27.65,0.0,41,113375,卖盘,600887,2025-10-17 22:23:31
10:19:51,27.65,0.0,21,58066,卖盘,600887,2025-10-17 22:23:31
10:19:54,27.65,0.0,44,121662,卖盘,600887,2025-10-17 22:23:31
10:19:57,27.65,0.0,138,381570,卖盘,600887,2025-10-17 22:23:31
10:20:00,27.65,0.0,29,80188,卖盘,600887,2025-10-17 22:23:31
10:20:03,27.66,0.01,84,232322,买盘,600887,2025-10-17 22:23:31
10:20:06,27.66,0.0,13,35954,买盘,600887,2025-10-17 22:23:31
10:20:09,27.66,0.0,3,8298,买盘,600887,2025-10-17 22:23:31
10:20:12,27.66,0.0,3,8298,买盘,600887,2025-10-17 22:23:31
10:20:15,27.65,-0.01,35,96780,卖盘,600887,2025-10-17 22:23:31
10:20:18,27.65,0.0,3,8295,卖盘,600887,2025-10-17 22:23:31
10:20:21,27.66,0.01,39,107869,买盘,600887,2025-10-17 22:23:31
10:20:24,27.65,-0.01,162,448087,卖盘,600887,2025-10-17 22:23:31
10:20:27,27.66,0.01,63,174270,中性盘,600887,2025-10-17 22:23:31
10:20:30,27.65,-0.01,9,24891,卖盘,600887,2025-10-17 22:23:31
10:20:33,27.65,0.0,123,340118,卖盘,600887,2025-10-17 22:23:31
10:20:36,27.66,0.01,51,141054,买盘,600887,2025-10-17 22:23:31
10:20:39,27.65,-0.01,160,442524,卖盘,600887,2025-10-17 22:23:31
10:20:42,27.67,0.02,70,193607,买盘,600887,2025-10-17 22:23:31
10:20:45,27.65,-0.02,729,2015708,卖盘,600887,2025-10-17 22:23:31
10:20:48,27.65,0.0,72,199111,卖盘,600887,2025-10-17 22:23:31
10:20:51,27.65,0.0,763,2109695,卖盘,600887,2025-10-17 22:23:31
10:20:54,27.64,-0.01,351,970245,卖盘,600887,2025-10-17 22:23:31
10:20:57,27.64,0.0,38,105065,卖盘,600887,2025-10-17 22:23:31
10:21:00,27.65,0.01,21,58065,买盘,600887,2025-10-17 22:23:31
10:21:03,27.64,-0.01,71,196254,卖盘,600887,2025-10-17 22:23:31
10:21:06,27.65,0.01,26,71870,买盘,600887,2025-10-17 22:23:31
10:21:09,27.64,-0.01,55,152043,卖盘,600887,2025-10-17 22:23:31
10:21:12,27.65,0.01,172,475421,买盘,600887,2025-10-17 22:23:31
10:21:15,27.64,-0.01,29,80176,卖盘,600887,2025-10-17 22:23:31
10:21:18,27.65,0.01,14,38702,买盘,600887,2025-10-17 22:23:31
10:21:21,27.64,-0.01,48,132710,卖盘,600887,2025-10-17 22:23:31
10:21:24,27.65,0.01,24,66360,买盘,600887,2025-10-17 22:23:31
10:21:27,27.64,-0.01,28,77398,卖盘,600887,2025-10-17 22:23:31
10:21:30,27.64,0.0,8,22113,卖盘,600887,2025-10-17 22:23:31
10:21:33,27.65,0.01,3,8295,买盘,600887,2025-10-17 22:23:31
10:21:36,27.65,0.0,32,88468,买盘,600887,2025-10-17 22:23:31
10:21:39,27.64,-0.01,34,93979,卖盘,600887,2025-10-17 22:23:31
10:21:42,27.64,0.0,2,5528,卖盘,600887,2025-10-17 22:23:31
10:21:45,27.64,0.0,49,135449,卖盘,600887,2025-10-17 22:23:31
10:21:48,27.64,0.0,136,375907,卖盘,600887,2025-10-17 22:23:31
10:21:51,27.64,0.0,18,49754,卖盘,600887,2025-10-17 22:23:31
10:21:54,27.64,0.0,29,80168,卖盘,600887,2025-10-17 22:23:31
10:21:57,27.64,0.0,52,143729,卖盘,600887,2025-10-17 22:23:31
10:22:00,27.64,0.0,8,22114,卖盘,600887,2025-10-17 22:23:31
10:22:03,27.64,0.0,3,8292,卖盘,600887,2025-10-17 22:23:31
10:22:06,27.65,0.01,20,55281,买盘,600887,2025-10-17 22:23:31
10:22:09,27.64,-0.01,16,44224,卖盘,600887,2025-10-17 22:23:31
10:22:12,27.65,0.01,96,265409,买盘,600887,2025-10-17 22:23:31
10:22:15,27.65,0.0,237,655284,买盘,600887,2025-10-17 22:23:31
10:22:18,27.65,0.0,59,163101,买盘,600887,2025-10-17 22:23:31
10:22:21,27.64,-0.01,24,66358,卖盘,600887,2025-10-17 22:23:31
10:22:24,27.65,0.01,13,35945,买盘,600887,2025-10-17 22:23:31
10:22:27,27.65,0.0,63,174157,买盘,600887,2025-10-17 22:23:31
10:22:30,27.64,-0.01,31,85696,卖盘,600887,2025-10-17 22:23:31
10:22:33,27.64,0.0,43,118863,卖盘,600887,2025-10-17 22:23:31
10:22:36,27.65,0.01,21,58047,买盘,600887,2025-10-17 22:23:31
10:22:39,27.64,-0.01,24,66339,卖盘,600887,2025-10-17 22:23:31
10:22:42,27.64,0.0,17,46995,卖盘,600887,2025-10-17 22:23:31
10:22:45,27.65,0.01,12,33179,买盘,600887,2025-10-17 22:23:31
10:22:48,27.66,0.01,62,171470,买盘,600887,2025-10-17 22:23:31
10:22:51,27.65,-0.01,9,24881,买盘,600887,2025-10-17 22:23:31
10:22:57,27.65,0.0,23,63595,卖盘,600887,2025-10-17 22:23:31
10:23:00,27.65,0.0,23,63596,卖盘,600887,2025-10-17 22:23:31
10:23:03,27.65,0.0,24,66368,卖盘,600887,2025-10-17 22:23:31
10:23:06,27.66,0.01,27,74656,买盘,600887,2025-10-17 22:23:31
10:23:09,27.65,-0.01,21,58068,卖盘,600887,2025-10-17 22:23:31
10:23:12,27.65,0.0,66,182535,卖盘,600887,2025-10-17 22:23:31
10:23:15,27.65,0.0,54,149362,卖盘,600887,2025-10-17 22:23:31
10:23:18,27.66,0.01,87,240600,买盘,600887,2025-10-17 22:23:31
10:23:21,27.65,-0.01,15,41475,卖盘,600887,2025-10-17 22:23:31
10:23:24,27.65,0.0,28,77422,卖盘,600887,2025-10-17 22:23:31
10:23:27,27.66,0.01,46,127230,买盘,600887,2025-10-17 22:23:31
10:23:30,27.65,-0.01,25,69139,卖盘,600887,2025-10-17 22:23:31
10:23:33,27.65,0.0,26,71902,卖盘,600887,2025-10-17 22:23:31
10:23:36,27.65,0.0,79,218452,卖盘,600887,2025-10-17 22:23:31
10:23:39,27.65,0.0,94,259925,卖盘,600887,2025-10-17 22:23:31
10:23:42,27.65,0.0,538,1487570,卖盘,600887,2025-10-17 22:23:31
10:23:45,27.65,0.0,76,210128,买盘,600887,2025-10-17 22:23:31
10:23:48,27.65,0.0,20,55300,买盘,600887,2025-10-17 22:23:31
10:23:51,27.65,0.0,19,52535,买盘,600887,2025-10-17 22:23:31
10:23:54,27.65,0.0,61,168637,买盘,600887,2025-10-17 22:23:31
10:23:57,27.65,0.0,86,237790,买盘,600887,2025-10-17 22:23:31
10:24:00,27.65,0.0,133,367695,买盘,600887,2025-10-17 22:23:31
10:24:03,27.64,-0.01,255,704830,卖盘,600887,2025-10-17 22:23:31
10:24:06,27.64,0.0,460,1271423,卖盘,600887,2025-10-17 22:23:31
10:24:09,27.63,-0.01,21,58037,卖盘,600887,2025-10-17 22:23:31
10:24:12,27.63,0.0,23,63549,卖盘,600887,2025-10-17 22:23:31
10:24:18,27.63,0.0,49,135389,卖盘,600887,2025-10-17 22:23:31
10:24:21,27.63,0.0,31,85653,卖盘,600887,2025-10-17 22:23:31
10:24:24,27.63,0.0,114,315082,卖盘,600887,2025-10-17 22:23:31
10:24:27,27.64,0.01,3,8292,中性盘,600887,2025-10-17 22:23:31
10:24:30,27.64,0.0,4,11058,卖盘,600887,2025-10-17 22:23:31
10:24:33,27.64,0.0,11,30404,卖盘,600887,2025-10-17 22:23:31
10:24:36,27.64,0.0,87,240507,卖盘,600887,2025-10-17 22:23:31
10:24:39,27.63,-0.01,17,46975,卖盘,600887,2025-10-17 22:23:31
10:24:42,27.63,0.0,706,1950683,卖盘,600887,2025-10-17 22:23:31
10:24:45,27.64,0.01,22,60787,买盘,600887,2025-10-17 22:23:31
10:24:48,27.62,-0.02,15,41430,卖盘,600887,2025-10-17 22:23:31
10:24:51,27.63,0.01,33,91174,买盘,600887,2025-10-17 22:23:31
10:24:54,27.63,0.0,4,11052,买盘,600887,2025-10-17 22:23:31
10:24:57,27.62,-0.01,7,19334,卖盘,600887,2025-10-17 22:23:31
10:25:00,27.62,0.0,7,19335,卖盘,600887,2025-10-17 22:23:31
10:25:06,27.63,0.01,122,336986,买盘,600887,2025-10-17 22:23:31
10:25:09,27.62,-0.01,53,146390,卖盘,600887,2025-10-17 22:23:31
10:25:12,27.63,0.01,5,13815,买盘,600887,2025-10-17 22:23:31
10:25:15,27.63,0.0,38,104959,买盘,600887,2025-10-17 22:23:31
10:25:18,27.63,0.0,15,41435,买盘,600887,2025-10-17 22:23:31
10:25:21,27.63,0.0,3,8287,买盘,600887,2025-10-17 22:23:31
10:25:24,27.63,0.0,16,44208,买盘,600887,2025-10-17 22:23:31
10:25:27,27.63,0.0,26,71821,买盘,600887,2025-10-17 22:23:31
10:25:30,27.62,-0.01,21,58018,卖盘,600887,2025-10-17 22:23:31
10:25:33,27.62,0.0,33,91165,卖盘,600887,2025-10-17 22:23:31
10:25:36,27.63,0.01,16,44208,买盘,600887,2025-10-17 22:23:31
10:25:39,27.63,0.0,16,44208,买盘,600887,2025-10-17 22:23:31
10:25:42,27.63,0.0,32,88422,买盘,600887,2025-10-17 22:23:31
10:25:45,27.62,-0.01,26,71814,卖盘,600887,2025-10-17 22:23:31
10:25:48,27.63,0.01,58,160218,卖盘,600887,2025-10-17 22:23:31
10:25:51,27.63,0.0,34,93942,买盘,600887,2025-10-17 22:23:31
10:25:54,27.63,0.0,6,16580,卖盘,600887,2025-10-17 22:23:31
10:25:57,27.62,-0.01,105,290014,卖盘,600887,2025-10-17 22:23:31
10:26:00,27.64,0.02,1,2764,买盘,600887,2025-10-17 22:23:31
10:26:03,27.63,-0.01,52,143670,卖盘,600887,2025-10-17 22:23:31
10:26:06,27.64,0.01,14,38688,买盘,600887,2025-10-17 22:23:31
10:26:09,27.63,-0.01,17,46972,卖盘,600887,2025-10-17 22:23:31
10:26:12,27.63,0.0,51,140951,卖盘,600887,2025-10-17 22:23:31
10:26:15,27.63,0.0,199,549837,卖盘,600887,2025-10-17 22:23:31
10:26:18,27.64,0.01,156,430986,买盘,600887,2025-10-17 22:23:31
10:26:24,27.63,-0.01,110,303933,卖盘,600887,2025-10-17 22:23:31
10:26:27,27.63,0.0,103,284589,买盘,600887,2025-10-17 22:23:31
10:26:30,27.63,0.0,9,24874,卖盘,600887,2025-10-17 22:23:31
10:26:33,27.63,0.0,79,218282,卖盘,600887,2025-10-17 22:23:31
10:26:36,27.63,0.0,78,215514,买盘,600887,2025-10-17 22:23:31
10:26:39,27.63,0.0,37,102227,买盘,600887,2025-10-17 22:23:31
10:26:42,27.63,0.0,2,5526,卖盘,600887,2025-10-17 22:23:31
10:26:45,27.64,0.01,24,66336,买盘,600887,2025-10-17 22:23:31
10:26:48,27.63,-0.01,124,342617,卖盘,600887,2025-10-17 22:23:31
10:26:51,27.63,0.0,30,82882,买盘,600887,2025-10-17 22:23:31
10:26:54,27.63,0.0,51,140903,买盘,600887,2025-10-17 22:23:31
10:26:57,27.63,0.0,35,96705,买盘,600887,2025-10-17 22:23:31
10:27:00,27.62,-0.01,38,105013,卖盘,600887,2025-10-17 22:23:31
10:27:03,27.63,0.01,77,212704,中性盘,600887,2025-10-17 22:23:31
10:27:06,27.63,0.0,12,33150,买盘,600887,2025-10-17 22:23:31
10:27:09,27.63,0.0,9,24867,卖盘,600887,2025-10-17 22:23:31
10:27:12,27.63,0.0,24,66308,卖盘,600887,2025-10-17 22:23:31
10:27:15,27.63,0.0,45,124335,买盘,600887,2025-10-17 22:23:31
10:27:18,27.63,0.0,7,19341,买盘,600887,2025-10-17 22:23:31
10:27:21,27.63,0.0,2,5526,中性盘,600887,2025-10-17 22:23:31
10:27:24,27.63,0.0,8,22104,卖盘,600887,2025-10-17 22:23:31
10:27:27,27.62,-0.01,33,91156,卖盘,600887,2025-10-17 22:23:31
10:27:30,27.63,0.01,36,99462,卖盘,600887,2025-10-17 22:23:31
10:27:33,27.64,0.01,99,273568,买盘,600887,2025-10-17 22:23:31
10:27:36,27.63,-0.01,91,251475,中性盘,600887,2025-10-17 22:23:31
10:27:39,27.62,-0.01,57,157445,卖盘,600887,2025-10-17 22:23:31
10:27:42,27.62,0.0,37,102224,卖盘,600887,2025-10-17 22:23:31
10:27:48,27.62,0.0,51,140891,卖盘,600887,2025-10-17 22:23:31
10:27:51,27.63,0.01,25,69062,中性盘,600887,2025-10-17 22:23:31
10:27:54,27.63,0.0,22,60786,买盘,600887,2025-10-17 22:23:31
10:27:57,27.63,0.0,3,8289,卖盘,600887,2025-10-17 22:23:31
10:28:00,27.62,-0.01,159,439246,卖盘,600887,2025-10-17 22:23:31
10:28:03,27.62,0.0,87,240321,卖盘,600887,2025-10-17 22:23:31
10:28:06,27.64,0.02,55,151962,买盘,600887,2025-10-17 22:23:31
10:28:09,27.63,-0.01,9,24868,卖盘,600887,2025-10-17 22:23:31
10:28:12,27.64,0.01,105,290220,买盘,600887,2025-10-17 22:23:31
10:28:15,27.64,0.0,45,124338,买盘,600887,2025-10-17 22:23:31
10:28:18,27.64,0.0,16,44218,买盘,600887,2025-10-17 22:23:31
10:28:21,27.63,-0.01,17,46975,卖盘,600887,2025-10-17 22:23:31
10:28:27,27.65,0.02,40,110564,买盘,600887,2025-10-17 22:23:31
10:28:30,27.65,0.0,47,129871,买盘,600887,2025-10-17 22:23:31
10:28:33,27.64,-0.01,18,49756,卖盘,600887,2025-10-17 22:23:31
10:28:36,27.64,0.0,26,71864,买盘,600887,2025-10-17 22:23:31
10:28:39,27.63,-0.01,37,102263,卖盘,600887,2025-10-17 22:23:31
10:28:42,27.65,0.02,10,27650,买盘,600887,2025-10-17 22:23:31
10:28:45,27.63,-0.02,3,8291,卖盘,600887,2025-10-17 22:23:31
10:28:51,27.65,0.02,1,2765,买盘,600887,2025-10-17 22:23:31
10:28:54,27.64,-0.01,2,5528,卖盘,600887,2025-10-17 22:23:31
10:28:57,27.64,0.0,57,157548,卖盘,600887,2025-10-17 22:23:31
10:29:00,27.63,-0.01,185,511212,卖盘,600887,2025-10-17 22:23:31
10:29:03,27.63,0.0,128,353683,卖盘,600887,2025-10-17 22:23:31
10:29:06,27.64,0.01,82,226610,买盘,600887,2025-10-17 22:23:31
10:29:12,27.64,0.0,48,132672,卖盘,600887,2025-10-17 22:23:31
10:29:15,27.65,0.01,12,33176,买盘,600887,2025-10-17 22:23:31
10:29:18,27.64,-0.01,63,174132,卖盘,600887,2025-10-17 22:23:31
10:29:21,27.64,0.0,541,1494803,买盘,600887,2025-10-17 22:23:31
10:29:24,27.64,0.0,34,93946,买盘,600887,2025-10-17 22:23:31
10:29:27,27.64,0.0,212,585968,买盘,600887,2025-10-17 22:23:31
10:29:30,27.64,0.0,39,107797,卖盘,600887,2025-10-17 22:23:31
10:29:33,27.65,0.01,145,400786,买盘,600887,2025-10-17 22:23:31
10:29:36,27.65,0.0,76,210137,买盘,600887,2025-10-17 22:23:31
10:29:39,27.65,0.0,84,232202,买盘,600887,2025-10-17 22:23:31
10:29:42,27.65,0.0,41,113339,买盘,600887,2025-10-17 22:23:31
10:29:45,27.65,0.0,38,105070,买盘,600887,2025-10-17 22:23:31
10:29:48,27.65,0.0,17,46997,买盘,600887,2025-10-17 22:23:31
10:29:51,27.65,0.0,130,359447,卖盘,600887,2025-10-17 22:23:31
10:29:54,27.65,0.0,31,85707,中性盘,600887,2025-10-17 22:23:31
10:29:57,27.65,0.0,7,19355,卖盘,600887,2025-10-17 22:23:31
10:30:00,27.66,0.01,14,38722,买盘,600887,2025-10-17 22:23:31
10:30:03,27.65,-0.01,28,77431,卖盘,600887,2025-10-17 22:23:31
10:30:06,27.65,0.0,129,356651,卖盘,600887,2025-10-17 22:23:31
10:30:09,27.65,0.0,122,337272,买盘,600887,2025-10-17 22:23:31
10:30:12,27.65,0.0,41,113357,卖盘,600887,2025-10-17 22:23:31
10:30:15,27.65,0.0,4,11060,卖盘,600887,2025-10-17 22:23:31
10:30:18,27.66,0.01,11,30420,买盘,600887,2025-10-17 22:23:31
10:30:21,27.65,-0.01,2,5530,卖盘,600887,2025-10-17 22:23:31
10:30:24,27.65,0.0,175,483977,卖盘,600887,2025-10-17 22:23:31
10:30:27,27.65,0.0,20,55303,卖盘,600887,2025-10-17 22:23:31
10:30:30,27.65,0.0,3,8295,卖盘,600887,2025-10-17 22:23:31
10:30:33,27.66,0.01,117,323622,买盘,600887,2025-10-17 22:23:31
10:30:36,27.65,-0.01,95,262689,卖盘,600887,2025-10-17 22:23:31
10:30:39,27.65,0.0,68,188028,卖盘,600887,2025-10-17 22:23:31
10:30:42,27.65,0.0,32,88482,卖盘,600887,2025-10-17 22:23:31
10:30:45,27.66,0.01,2,5532,买盘,600887,2025-10-17 22:23:31
10:30:48,27.66,0.0,18,49782,买盘,600887,2025-10-17 22:23:31
10:30:51,27.65,-0.01,12,33180,卖盘,600887,2025-10-17 22:23:31
10:30:54,27.66,0.01,44,121662,买盘,600887,2025-10-17 22:23:31
10:30:57,27.66,0.0,912,2524848,买盘,600887,2025-10-17 22:23:31
10:31:00,27.66,0.0,15,41478,买盘,600887,2025-10-17 22:23:31
10:31:03,27.66,0.0,53,146574,买盘,600887,2025-10-17 22:23:31
10:31:06,27.66,0.0,78,215726,买盘,600887,2025-10-17 22:23:31
10:31:09,27.65,-0.01,23,63607,卖盘,600887,2025-10-17 22:23:31
10:31:12,27.66,0.01,15,41490,买盘,600887,2025-10-17 22:23:31
10:31:15,27.66,0.0,65,179781,买盘,600887,2025-10-17 22:23:31
10:31:18,27.67,0.01,4,11065,买盘,600887,2025-10-17 22:23:31
10:31:21,27.66,-0.01,29,80219,卖盘,600887,2025-10-17 22:23:31
10:31:24,27.66,0.0,220,608520,卖盘,600887,2025-10-17 22:23:31
10:31:27,27.66,0.0,15,41488,买盘,600887,2025-10-17 22:23:31
10:31:30,27.66,0.0,7,19362,买盘,600887,2025-10-17 22:23:31
10:31:33,27.66,0.0,51,141067,买盘,600887,2025-10-17 22:23:31
10:31:36,27.67,0.01,19,52568,买盘,600887,2025-10-17 22:23:31
10:31:39,27.67,0.0,4,11068,买盘,600887,2025-10-17 22:23:31
10:31:42,27.67,0.0,59,163207,买盘,600887,2025-10-17 22:23:31
10:31:45,27.66,-0.01,60,165970,卖盘,600887,2025-10-17 22:23:31
10:31:48,27.66,0.0,22,60852,卖盘,600887,2025-10-17 22:23:31
10:31:51,27.66,0.0,23,63623,卖盘,600887,2025-10-17 22:23:31
10:31:54,27.66,0.0,34,94041,卖盘,600887,2025-10-17 22:23:31
10:31:57,27.66,0.0,6,16596,卖盘,600887,2025-10-17 22:23:31
10:32:00,27.66,0.0,27,74683,卖盘,600887,2025-10-17 22:23:31
10:32:03,27.66,0.0,25,69162,卖盘,600887,2025-10-17 22:23:31
10:32:06,27.67,0.01,231,638933,买盘,600887,2025-10-17 22:23:31
10:32:09,27.65,-0.02,135,373339,卖盘,600887,2025-10-17 22:23:31
10:32:12,27.67,0.02,105,290450,买盘,600887,2025-10-17 22:23:31
10:32:15,27.66,-0.01,23,63600,中性盘,600887,2025-10-17 22:23:31
10:32:18,27.66,0.0,46,127234,卖盘,600887,2025-10-17 22:23:31
10:32:21,27.66,0.0,4,11064,卖盘,600887,2025-10-17 22:23:31
10:32:24,27.66,0.0,8,22135,卖盘,600887,2025-10-17 22:23:31
10:32:27,27.66,0.0,3,8298,卖盘,600887,2025-10-17 22:23:31
10:32:30,27.67,0.01,5,13835,买盘,600887,2025-10-17 22:23:31
10:32:33,27.67,0.0,20,55340,买盘,600887,2025-10-17 22:23:31
10:32:36,27.67,0.0,23,63641,买盘,600887,2025-10-17 22:23:31
10:32:39,27.67,0.0,12,33204,买盘,600887,2025-10-17 22:23:31
10:32:42,27.67,0.0,60,165982,买盘,600887,2025-10-17 22:23:31
10:32:45,27.67,0.0,22,60874,买盘,600887,2025-10-17 22:23:31
10:32:48,27.67,0.0,1,2767,买盘,600887,2025-10-17 22:23:31
10:32:51,27.67,0.0,25,69171,买盘,600887,2025-10-17 22:23:31
10:32:54,27.67,0.0,9,24903,买盘,600887,2025-10-17 22:23:31
10:32:57,27.67,0.0,31,85771,买盘,600887,2025-10-17 22:23:31
10:33:00,27.67,0.0,81,224097,买盘,600887,2025-10-17 22:23:31
10:33:03,27.66,-0.01,214,592031,卖盘,600887,2025-10-17 22:23:31
10:33:06,27.67,0.01,263,727644,买盘,600887,2025-10-17 22:23:31
10:33:09,27.67,0.0,57,157707,买盘,600887,2025-10-17 22:23:31
10:33:12,27.67,0.0,54,149418,卖盘,600887,2025-10-17 22:23:31
10:33:15,27.67,0.0,42,116214,买盘,600887,2025-10-17 22:23:31
10:33:18,27.67,0.0,61,168779,买盘,600887,2025-10-17 22:23:31
10:33:21,27.67,0.0,11,30437,买盘,600887,2025-10-17 22:23:31
10:33:24,27.66,-0.01,193,533864,卖盘,600887,2025-10-17 22:23:31
10:33:27,27.66,0.0,36,99558,买盘,600887,2025-10-17 22:23:31
10:33:30,27.66,0.0,200,553136,买盘,600887,2025-10-17 22:23:31
10:33:33,27.65,-0.01,93,257160,卖盘,600887,2025-10-17 22:23:31
10:33:36,27.65,0.0,427,1180624,卖盘,600887,2025-10-17 22:23:31
10:33:39,27.65,0.0,61,168665,买盘,600887,2025-10-17 22:23:31
10:33:42,27.64,-0.01,61,168649,卖盘,600887,2025-10-17 22:23:31
10:33:45,27.65,0.01,15,41475,买盘,600887,2025-10-17 22:23:31
10:33:48,27.64,-0.01,11,30410,卖盘,600887,2025-10-17 22:23:31
10:33:51,27.64,0.0,35,96770,卖盘,600887,2025-10-17 22:23:31
10:33:54,27.64,0.0,55,152046,卖盘,600887,2025-10-17 22:23:31
10:33:57,27.65,0.01,10,27650,卖盘,600887,2025-10-17 22:23:31
10:34:00,27.66,0.01,4,11061,买盘,600887,2025-10-17 22:23:31
10:34:03,27.65,-0.01,12,33182,卖盘,600887,2025-10-17 22:23:31
10:34:06,27.66,0.01,29,80206,买盘,600887,2025-10-17 22:23:31
10:34:09,27.65,-0.01,51,141039,卖盘,600887,2025-10-17 22:23:31
10:34:12,27.66,0.01,27,74658,买盘,600887,2025-10-17 22:23:31
10:34:15,27.66,0.0,98,271068,买盘,600887,2025-10-17 22:23:31
10:34:18,27.66,0.0,20,55302,买盘,600887,2025-10-17 22:23:31
10:34:21,27.65,-0.01,10,27652,卖盘,600887,2025-10-17 22:23:31
10:34:24,27.65,0.0,16,44240,卖盘,600887,2025-10-17 22:23:31
10:34:27,27.65,0.0,17,47005,卖盘,600887,2025-10-17 22:23:31
10:34:30,27.66,0.01,1,2766,买盘,600887,2025-10-17 22:23:31
10:34:33,27.65,-0.01,28,77444,卖盘,600887,2025-10-17 22:23:31
10:34:36,27.66,0.01,17,47006,买盘,600887,2025-10-17 22:23:31
10:34:39,27.67,0.01,839,2320682,买盘,600887,2025-10-17 22:23:31
10:34:42,27.67,0.0,17,47039,买盘,600887,2025-10-17 22:23:31
10:34:45,27.67,0.0,12,33204,买盘,600887,2025-10-17 22:23:31
10:34:48,27.67,0.0,58,160442,买盘,600887,2025-10-17 22:23:31
10:34:51,27.67,0.0,21,58099,买盘,600887,2025-10-17 22:23:31
10:34:54,27.67,0.0,41,113452,卖盘,600887,2025-10-17 22:23:31
10:35:00,27.68,0.01,19,52592,买盘,600887,2025-10-17 22:23:31
10:35:03,27.67,-0.01,4,11070,卖盘,600887,2025-10-17 22:23:31
10:35:06,27.68,0.01,4,11072,买盘,600887,2025-10-17 22:23:31
10:35:09,27.68,0.0,2,5536,买盘,600887,2025-10-17 22:23:31
10:35:12,27.68,0.0,3,8304,买盘,600887,2025-10-17 22:23:31
10:35:18,27.67,-0.01,20,55346,卖盘,600887,2025-10-17 22:23:31
10:35:21,27.68,0.01,21,58128,买盘,600887,2025-10-17 22:23:31
10:35:24,27.68,0.0,2,5536,买盘,600887,2025-10-17 22:23:31
10:35:27,27.66,-0.02,117,323708,卖盘,600887,2025-10-17 22:23:31
10:35:30,27.66,0.0,120,331956,卖盘,600887,2025-10-17 22:23:31
10:35:33,27.66,0.0,130,359547,卖盘,600887,2025-10-17 22:23:31
10:35:36,27.66,0.0,77,212965,买盘,600887,2025-10-17 22:23:31
10:35:39,27.66,0.0,6,16596,买盘,600887,2025-10-17 22:23:31
10:35:42,27.65,-0.01,4,11063,卖盘,600887,2025-10-17 22:23:31
10:35:45,27.66,0.01,2,5532,买盘,600887,2025-10-17 22:23:31
10:35:48,27.65,-0.01,50,138286,卖盘,600887,2025-10-17 22:23:31
10:35:51,27.65,0.0,12,33188,卖盘,600887,2025-10-17 22:23:31
10:35:57,27.66,0.01,1,2766,买盘,600887,2025-10-17 22:23:31
10:36:00,27.65,-0.01,68,188021,卖盘,600887,2025-10-17 22:23:31
10:36:03,27.65,0.0,47,129957,卖盘,600887,2025-10-17 22:23:31
10:36:06,27.66,0.01,25,69127,买盘,600887,2025-10-17 22:23:31
10:36:09,27.65,-0.01,196,541941,卖盘,600887,2025-10-17 22:23:31
10:36:12,27.66,0.01,60,165943,买盘,600887,2025-10-17 22:23:31
10:36:15,27.66,0.0,11,30418,买盘,600887,2025-10-17 22:23:31
10:36:18,27.66,0.0,11,30426,买盘,600887,2025-10-17 22:23:31
10:36:21,27.65,-0.01,26,71900,卖盘,600887,2025-10-17 22:23:31
10:36:24,27.66,0.01,442,1222570,买盘,600887,2025-10-17 22:23:31
10:36:27,27.65,-0.01,22,60836,卖盘,600887,2025-10-17 22:23:31
10:36:30,27.67,0.02,60,165928,买盘,600887,2025-10-17 22:23:31
10:36:33,27.67,0.0,3,8301,买盘,600887,2025-10-17 22:23:31
10:36:36,27.67,0.0,64,177086,买盘,600887,2025-10-17 22:23:31
10:36:39,27.67,0.0,14,38740,卖盘,600887,2025-10-17 22:23:31
10:36:42,27.67,0.0,1,2767,卖盘,600887,2025-10-17 22:23:31
10:36:48,27.68,0.01,1,2768,买盘,600887,2025-10-17 22:23:31
10:36:51,27.68,0.0,17,47056,买盘,600887,2025-10-17 22:23:31
10:36:54,27.67,-0.01,10,27679,卖盘,600887,2025-10-17 22:23:31
10:36:57,27.67,0.0,30,83024,卖盘,600887,2025-10-17 22:23:31
10:37:00,27.68,0.01,9,24912,买盘,600887,2025-10-17 22:23:31
10:37:03,27.68,0.0,4,11072,买盘,600887,2025-10-17 22:23:31
10:37:06,27.68,0.0,90,249062,买盘,600887,2025-10-17 22:23:31
10:37:09,27.68,0.0,2,5536,买盘,600887,2025-10-17 22:23:31
10:37:12,27.68,0.0,2,5536,买盘,600887,2025-10-17 22:23:31
10:37:15,27.67,-0.01,109,301703,卖盘,600887,2025-10-17 22:23:31
10:37:18,27.67,0.0,58,160486,卖盘,600887,2025-10-17 22:23:31
10:37:21,27.67,0.0,10,27670,卖盘,600887,2025-10-17 22:23:31
10:37:27,27.68,0.01,16,44288,买盘,600887,2025-10-17 22:23:31
10:37:30,27.68,0.0,1,2768,买盘,600887,2025-10-17 22:23:31
10:37:33,27.67,-0.01,96,265655,卖盘,600887,2025-10-17 22:23:31
10:37:36,27.67,0.0,44,121732,卖盘,600887,2025-10-17 22:23:31
10:37:39,27.67,0.0,26,71934,中性盘,600887,2025-10-17 22:23:31
10:37:42,27.68,0.01,20,55360,买盘,600887,2025-10-17 22:23:31
10:37:45,27.67,-0.01,41,113447,卖盘,600887,2025-10-17 22:23:31
10:37:48,27.67,0.0,59,163253,卖盘,600887,2025-10-17 22:23:31
10:37:51,27.67,0.0,38,105146,卖盘,600887,2025-10-17 22:23:31
10:37:54,27.67,0.0,63,174321,买盘,600887,2025-10-17 22:23:31
10:37:57,27.67,0.0,27,74709,买盘,600887,2025-10-17 22:23:31
10:38:00,27.67,0.0,2,5534,买盘,600887,2025-10-17 22:23:31
10:38:03,27.66,-0.01,84,232370,卖盘,600887,2025-10-17 22:23:31
10:38:06,27.67,0.01,86,237905,买盘,600887,2025-10-17 22:23:31
10:38:09,27.66,-0.01,20,55320,卖盘,600887,2025-10-17 22:23:31
10:38:12,27.67,0.01,33,91288,买盘,600887,2025-10-17 22:23:31
10:38:15,27.67,0.0,5,13835,买盘,600887,2025-10-17 22:23:31
10:38:21,27.67,0.0,2,5534,买盘,600887,2025-10-17 22:23:31
10:38:24,27.67,0.0,4,11068,买盘,600887,2025-10-17 22:23:31
10:38:27,27.67,0.0,15,41505,买盘,600887,2025-10-17 22:23:31
10:38:30,27.67,0.0,24,66408,买盘,600887,2025-10-17 22:23:31
10:38:33,27.67,0.0,61,168727,买盘,600887,2025-10-17 22:23:31
10:38:36,27.67,0.0,28,77456,买盘,600887,2025-10-17 22:23:31
10:38:39,27.66,-0.01,17,47028,卖盘,600887,2025-10-17 22:23:31
10:38:45,27.67,0.01,13,35966,买盘,600887,2025-10-17 22:23:31
10:38:48,27.66,-0.01,47,130040,卖盘,600887,2025-10-17 22:23:31
10:38:51,27.66,0.0,112,309894,卖盘,600887,2025-10-17 22:23:31
10:38:54,27.67,0.01,45,124515,买盘,600887,2025-10-17 22:23:31
10:38:57,27.67,0.0,9,24903,卖盘,600887,2025-10-17 22:23:31
10:39:00,27.67,0.0,9,24904,卖盘,600887,2025-10-17 22:23:31
10:39:03,27.67,0.0,40,110681,卖盘,600887,2025-10-17 22:23:31
10:39:06,27.67,0.0,18,49806,卖盘,600887,2025-10-17 22:23:31
10:39:09,27.67,0.0,2,5534,卖盘,600887,2025-10-17 22:23:31
10:39:12,27.68,0.01,43,118983,买盘,600887,2025-10-17 22:23:31
10:39:15,27.67,-0.01,21,58107,卖盘,600887,2025-10-17 22:23:31
10:39:18,27.66,-0.01,63,174292,卖盘,600887,2025-10-17 22:23:31
10:39:21,27.66,0.0,24,66402,卖盘,600887,2025-10-17 22:23:31
10:39:24,27.66,0.0,26,71921,卖盘,600887,2025-10-17 22:23:31
10:39:27,27.66,0.0,75,207452,卖盘,600887,2025-10-17 22:23:31
10:39:30,27.67,0.01,5,13832,买盘,600887,2025-10-17 22:23:31
10:39:33,27.67,0.0,20,55332,买盘,600887,2025-10-17 22:23:31
10:39:39,27.67,0.0,11,30428,买盘,600887,2025-10-17 22:23:31
10:39:42,27.66,-0.01,51,141094,卖盘,600887,2025-10-17 22:23:31
10:39:45,27.67,0.01,19,52558,买盘,600887,2025-10-17 22:23:31
10:39:48,27.66,-0.01,8,22128,卖盘,600887,2025-10-17 22:23:31
10:39:51,27.66,0.0,18,49789,卖盘,600887,2025-10-17 22:23:31
10:39:57,27.66,0.0,10,27661,卖盘,600887,2025-10-17 22:23:31
10:40:00,27.67,0.01,23,63640,买盘,600887,2025-10-17 22:23:31
10:40:03,27.66,-0.01,39,107905,卖盘,600887,2025-10-17 22:23:31
10:40:06,27.66,0.0,11,30431,卖盘,600887,2025-10-17 22:23:31
10:40:09,27.67,0.01,23,63641,买盘,600887,2025-10-17 22:23:31
10:40:12,27.66,-0.01,2,5532,卖盘,600887,2025-10-17 22:23:31
10:40:15,27.66,0.0,10,27660,卖盘,600887,2025-10-17 22:23:31
10:40:18,27.66,0.0,8,22129,卖盘,600887,2025-10-17 22:23:31
10:40:21,27.66,0.0,13,35958,卖盘,600887,2025-10-17 22:23:31
10:40:24,27.67,0.01,39,107913,买盘,600887,2025-10-17 22:23:31
10:40:27,27.66,-0.01,2,5532,卖盘,600887,2025-10-17 22:23:31
10:40:30,27.67,0.01,142,392774,买盘,600887,2025-10-17 22:23:31
10:40:33,27.67,0.0,12,33197,买盘,600887,2025-10-17 22:23:31
10:40:36,27.66,-0.01,2,5532,卖盘,600887,2025-10-17 22:23:31
10:40:39,27.66,0.0,12,33202,卖盘,600887,2025-10-17 22:23:31
10:40:42,27.66,0.0,6,16596,卖盘,600887,2025-10-17 22:23:31
10:40:45,27.66,0.0,5,13830,卖盘,600887,2025-10-17 22:23:31
10:40:48,27.67,0.01,26,71918,买盘,600887,2025-10-17 22:23:31
10:40:51,27.66,-0.01,14,38732,卖盘,600887,2025-10-17 22:23:31
10:40:54,27.67,0.01,10,27670,买盘,600887,2025-10-17 22:23:31
10:41:00,27.67,0.0,3,8301,买盘,600887,2025-10-17 22:23:31
10:41:03,27.66,-0.01,5,13832,卖盘,600887,2025-10-17 22:23:31
10:41:06,27.66,0.0,71,196432,卖盘,600887,2025-10-17 22:23:31
10:41:09,27.67,0.01,87,240682,买盘,600887,2025-10-17 22:23:31
10:41:12,27.67,0.0,1,2767,买盘,600887,2025-10-17 22:23:31
10:41:15,27.67,0.0,3,8301,买盘,600887,2025-10-17 22:23:31
10:41:18,27.66,-0.01,6,16597,卖盘,600887,2025-10-17 22:23:31
10:41:24,27.66,0.0,113,312670,卖盘,600887,2025-10-17 22:23:31
10:41:27,27.66,0.0,5,13830,卖盘,600887,2025-10-17 22:23:31
10:41:30,27.66,0.0,4,11065,卖盘,600887,2025-10-17 22:23:31
10:41:33,27.67,0.01,14,38729,买盘,600887,2025-10-17 22:23:31
10:41:36,27.67,0.0,13,35960,买盘,600887,2025-10-17 22:23:31
10:41:39,27.66,-0.01,6,16596,卖盘,600887,2025-10-17 22:23:31
10:41:42,27.67,0.01,12,33204,买盘,600887,2025-10-17 22:23:31
10:41:48,27.66,-0.01,7,19362,卖盘,600887,2025-10-17 22:23:31
10:41:51,27.66,0.0,31,85746,卖盘,600887,2025-10-17 22:23:31
10:41:54,27.66,0.0,146,403896,卖盘,600887,2025-10-17 22:23:31
10:41:57,27.66,0.0,14,38724,卖盘,600887,2025-10-17 22:23:31
10:42:00,27.67,0.01,21,58107,买盘,600887,2025-10-17 22:23:31
10:42:03,27.67,0.0,66,182558,买盘,600887,2025-10-17 22:23:31
10:42:06,27.66,-0.01,107,295962,卖盘,600887,2025-10-17 22:23:31
10:42:09,27.66,0.0,28,77448,卖盘,600887,2025-10-17 22:23:31
10:42:12,27.66,0.0,26,71923,卖盘,600887,2025-10-17 22:23:31
10:42:15,27.66,0.0,38,105109,卖盘,600887,2025-10-17 22:23:31
10:42:18,27.66,0.0,25,69150,卖盘,600887,2025-10-17 22:23:31
10:42:21,27.66,0.0,16,44256,卖盘,600887,2025-10-17 22:23:31
10:42:24,27.66,0.0,3060,8459000,卖盘,600887,2025-10-17 22:23:31
10:42:27,27.65,-0.01,35,96760,买盘,600887,2025-10-17 22:23:31
10:42:30,27.65,0.0,19,52535,买盘,600887,2025-10-17 22:23:31
10:42:33,27.64,-0.01,58,160309,中性盘,600887,2025-10-17 22:23:31
10:42:36,27.64,0.0,31,85687,卖盘,600887,2025-10-17 22:23:31
10:42:39,27.64,0.0,57,157520,买盘,600887,2025-10-17 22:23:31
10:42:42,27.63,-0.01,56,154773,卖盘,600887,2025-10-17 22:23:31
10:42:45,27.64,0.01,38,105032,买盘,600887,2025-10-17 22:23:31
10:42:48,27.64,0.0,9,24877,卖盘,600887,2025-10-17 22:23:31
10:42:51,27.64,0.0,1,2764,卖盘,600887,2025-10-17 22:23:31
10:42:54,27.65,0.01,4,11060,买盘,600887,2025-10-17 22:23:31
10:42:57,27.64,-0.01,72,199028,卖盘,600887,2025-10-17 22:23:31
10:43:00,27.64,0.0,78,215637,买盘,600887,2025-10-17 22:23:31
10:43:03,27.65,0.01,18,49747,买盘,600887,2025-10-17 22:23:31
10:43:06,27.64,-0.01,20,55280,卖盘,600887,2025-10-17 22:23:31
10:43:09,27.64,0.0,41,113288,中性盘,600887,2025-10-17 22:23:31
10:43:12,27.64,0.0,13,35932,卖盘,600887,2025-10-17 22:23:31
10:43:15,27.64,0.0,8,22112,卖盘,600887,2025-10-17 22:23:31
10:43:18,27.64,0.0,11,30404,卖盘,600887,2025-10-17 22:23:31
10:43:24,27.64,0.0,76,210070,卖盘,600887,2025-10-17 22:23:31
10:43:27,27.64,0.0,3,8292,卖盘,600887,2025-10-17 22:23:31
10:43:30,27.64,0.0,3,8292,卖盘,600887,2025-10-17 22:23:31
10:43:33,27.65,0.01,11,30407,买盘,600887,2025-10-17 22:23:31
10:43:36,27.64,-0.01,3,8292,卖盘,600887,2025-10-17 22:23:31
10:43:39,27.64,0.0,10,27640,卖盘,600887,2025-10-17 22:23:31
10:43:45,27.64,0.0,48,132672,卖盘,600887,2025-10-17 22:23:31
10:43:48,27.65,0.01,1,2765,买盘,600887,2025-10-17 22:23:31
10:43:51,27.65,0.0,7,19355,买盘,600887,2025-10-17 22:23:31
10:43:54,27.64,-0.01,31,85684,卖盘,600887,2025-10-17 22:23:31
10:43:57,27.65,0.01,2,5530,买盘,600887,2025-10-17 22:23:31
10:44:00,27.65,0.0,1,2765,买盘,600887,2025-10-17 22:23:31
10:44:03,27.64,-0.01,32,88450,卖盘,600887,2025-10-17 22:23:31
10:44:06,27.64,0.0,34,93976,卖盘,600887,2025-10-17 22:23:31
10:44:09,27.65,0.01,1,2765,买盘,600887,2025-10-17 22:23:31
10:44:12,27.64,-0.01,84,232234,卖盘,600887,2025-10-17 22:23:31
10:44:15,27.64,0.0,50,138200,卖盘,600887,2025-10-17 22:23:31
10:44:18,27.64,0.0,30,82920,卖盘,600887,2025-10-17 22:23:31
10:44:21,27.64,0.0,15,41460,卖盘,600887,2025-10-17 22:23:31
10:44:27,27.64,0.0,18,49752,卖盘,600887,2025-10-17 22:23:31
10:44:30,27.64,0.0,49,135437,卖盘,600887,2025-10-17 22:23:31
10:44:33,27.64,0.0,52,143729,卖盘,600887,2025-10-17 22:23:31
10:44:36,27.64,0.0,99,273657,卖盘,600887,2025-10-17 22:23:31
10:44:39,27.64,0.0,26,71864,卖盘,600887,2025-10-17 22:23:31
10:44:42,27.64,0.0,85,234960,买盘,600887,2025-10-17 22:23:31
10:44:45,27.65,0.01,78,215592,买盘,600887,2025-10-17 22:23:31
10:44:48,27.64,-0.01,11,30404,卖盘,600887,2025-10-17 22:23:31
10:44:51,27.64,0.0,50,138203,卖盘,600887,2025-10-17 22:23:31
10:44:54,27.64,0.0,12,33168,卖盘,600887,2025-10-17 22:23:31
10:44:57,27.64,0.0,48,132672,卖盘,600887,2025-10-17 22:23:31
10:45:00,27.64,0.0,22,60808,卖盘,600887,2025-10-17 22:23:31
10:45:03,27.64,0.0,73,201760,卖盘,600887,2025-10-17 22:23:31
10:45:06,27.64,0.0,4,11056,卖盘,600887,2025-10-17 22:23:31
10:45:09,27.64,0.0,41,113324,卖盘,600887,2025-10-17 22:23:31
10:45:12,27.64,0.0,1,2764,卖盘,600887,2025-10-17 22:23:31
10:45:15,27.64,0.0,26,71876,卖盘,600887,2025-10-17 22:23:31
10:45:18,27.64,0.0,6,16584,卖盘,600887,2025-10-17 22:23:31
10:45:21,27.64,0.0,2,5529,卖盘,600887,2025-10-17 22:23:31
10:45:24,27.64,0.0,7,19349,卖盘,600887,2025-10-17 22:23:31
10:45:27,27.65,0.01,2,5530,买盘,600887,2025-10-17 22:23:31
10:45:30,27.64,-0.01,3,8293,卖盘,600887,2025-10-17 22:23:31
10:45:33,27.65,0.01,1,2765,买盘,600887,2025-10-17 22:23:31
10:45:39,27.64,-0.01,34,93976,卖盘,600887,2025-10-17 22:23:31
10:45:42,27.64,0.0,17,46991,卖盘,600887,2025-10-17 22:23:31
10:45:45,27.64,0.0,1,2764,卖盘,600887,2025-10-17 22:23:31
10:45:51,27.65,0.01,1,2765,买盘,600887,2025-10-17 22:23:31
10:45:54,27.64,-0.01,2,5528,卖盘,600887,2025-10-17 22:23:31
10:45:57,27.64,0.0,15,41460,卖盘,600887,2025-10-17 22:23:31
10:46:00,27.65,0.01,5,13825,买盘,600887,2025-10-17 22:23:31
10:46:03,27.64,-0.01,47,129925,卖盘,600887,2025-10-17 22:23:31
10:46:06,27.65,0.01,174,481105,买盘,600887,2025-10-17 22:23:31
10:46:09,27.64,-0.01,89,246060,卖盘,600887,2025-10-17 22:23:31
10:46:12,27.66,0.02,165,456351,买盘,600887,2025-10-17 22:23:31
10:46:15,27.65,-0.01,72,199082,卖盘,600887,2025-10-17 22:23:31
10:46:18,27.65,0.0,5,13825,卖盘,600887,2025-10-17 22:23:31
10:46:24,27.65,0.0,6,16590,卖盘,600887,2025-10-17 22:23:31
10:46:30,27.66,0.01,1,2766,买盘,600887,2025-10-17 22:23:31
10:46:33,27.66,0.0,42,116170,买盘,600887,2025-10-17 22:23:31
10:46:36,27.66,0.0,17,47022,买盘,600887,2025-10-17 22:23:31
10:46:39,27.66,0.0,3,8298,买盘,600887,2025-10-17 22:23:31
10:46:42,27.66,0.0,2,5532,买盘,600887,2025-10-17 22:23:31
10:46:45,27.65,-0.01,23,63617,卖盘,600887,2025-10-17 22:23:31
10:46:48,27.66,0.01,52,143790,买盘,600887,2025-10-17 22:23:31
10:46:51,27.66,0.0,3,8298,买盘,600887,2025-10-17 22:23:31
10:46:54,27.66,0.0,31,85746,买盘,600887,2025-10-17 22:23:31
10:46:57,27.66,0.0,17,47015,买盘,600887,2025-10-17 22:23:31
10:47:00,27.67,0.01,117,323680,买盘,600887,2025-10-17 22:23:31
10:47:03,27.66,-0.01,45,124468,中性盘,600887,2025-10-17 22:23:31
10:47:06,27.65,-0.01,6,16592,卖盘,600887,2025-10-17 22:23:31
10:47:09,27.65,0.0,16,44240,卖盘,600887,2025-10-17 22:23:31
10:47:12,27.65,0.0,8,22121,卖盘,600887,2025-10-17 22:23:31
10:47:15,27.66,0.01,17,47014,买盘,600887,2025-10-17 22:23:31
10:47:18,27.66,0.0,25,69145,买盘,600887,2025-10-17 22:23:31
10:47:21,27.66,0.0,20,55320,买盘,600887,2025-10-17 22:23:31
10:47:24,27.66,0.0,19,52554,卖盘,600887,2025-10-17 22:23:31
10:47:30,27.66,0.0,33,91279,卖盘,600887,2025-10-17 22:23:31
10:47:33,27.67,0.01,9,24900,买盘,600887,2025-10-17 22:23:31
10:47:48,27.67,0.0,2,5534,买盘,600887,2025-10-17 22:23:31
10:47:54,27.66,-0.01,7,19364,卖盘,600887,2025-10-17 22:23:31
10:48:00,27.66,0.0,16,44257,卖盘,600887,2025-10-17 22:23:31
10:48:03,27.67,0.01,25,69158,买盘,600887,2025-10-17 22:23:31
10:48:09,27.66,-0.01,17,47022,卖盘,600887,2025-10-17 22:23:31
10:48:15,27.66,0.0,3,8298,卖盘,600887,2025-10-17 22:23:31
10:48:18,27.67,0.01,5,13835,买盘,600887,2025-10-17 22:23:31
10:48:21,27.66,-0.01,25,69152,卖盘,600887,2025-10-17 22:23:31
10:48:24,27.66,0.0,5,13830,卖盘,600887,2025-10-17 22:23:31
10:48:27,27.66,0.0,12,33199,卖盘,600887,2025-10-17 22:23:31
10:48:30,27.67,0.01,367,1015473,买盘,600887,2025-10-17 22:23:31
10:48:33,27.67,0.0,2,5534,买盘,600887,2025-10-17 22:23:31
10:48:36,27.67,0.0,7,19363,买盘,600887,2025-10-17 22:23:31
10:48:39,27.67,0.0,44,121707,买盘,600887,2025-10-17 22:23:31
10:48:42,27.67,0.0,1,2767,买盘,600887,2025-10-17 22:23:31
10:48:48,27.67,0.0,8,22136,买盘,600887,2025-10-17 22:23:31
10:48:51,27.67,0.0,28,77476,买盘,600887,2025-10-17 22:23:31
10:48:54,27.67,0.0,103,284956,买盘,600887,2025-10-17 22:23:31
10:48:57,27.67,0.0,7,19369,买盘,600887,2025-10-17 22:23:31
10:49:00,27.67,0.0,7,19369,买盘,600887,2025-10-17 22:23:31
10:49:03,27.67,0.0,116,320872,买盘,600887,2025-10-17 22:23:31
10:49:06,27.67,0.0,26,71930,买盘,600887,2025-10-17 22:23:31
10:49:12,27.67,0.0,5,13835,买盘,600887,2025-10-17 22:23:31
10:49:15,27.66,-0.01,3,8298,卖盘,600887,2025-10-17 22:23:31
10:49:21,27.66,0.0,29,80214,卖盘,600887,2025-10-17 22:23:31
10:49:30,27.67,0.01,10,27670,买盘,600887,2025-10-17 22:23:31
10:49:33,27.67,0.0,4,11067,买盘,600887,2025-10-17 22:23:31
10:49:36,27.67,0.0,1,2767,买盘,600887,2025-10-17 22:23:31
10:49:42,27.67,0.0,10,27670,买盘,600887,2025-10-17 22:23:31
10:49:45,27.67,0.0,6,16602,买盘,600887,2025-10-17 22:23:31
10:49:48,27.67,0.0,3,8301,买盘,600887,2025-10-17 22:23:31
10:49:51,27.67,0.0,14,38738,买盘,600887,2025-10-17 22:23:31
10:49:54,27.67,0.0,11,30431,买盘,600887,2025-10-17 22:23:31
10:49:57,27.66,-0.01,7,19364,卖盘,600887,2025-10-17 22:23:31
10:50:00,27.67,0.01,11,30437,买盘,600887,2025-10-17 22:23:31
10:50:03,27.67,0.0,52,143854,买盘,600887,2025-10-17 22:23:31
10:50:09,27.67,0.0,20,55340,买盘,600887,2025-10-17 22:23:31
10:50:12,27.67,0.0,4,11065,买盘,600887,2025-10-17 22:23:31
10:50:15,27.67,0.0,51,141117,买盘,600887,2025-10-17 22:23:31
10:50:18,27.7,0.03,742,2054439,买盘,600887,2025-10-17 22:23:31
10:50:21,27.7,0.0,101,279770,买盘,600887,2025-10-17 22:23:31
10:50:24,27.7,0.0,13,36010,买盘,600887,2025-10-17 22:23:31
10:50:27,27.7,0.0,3,8310,买盘,600887,2025-10-17 22:23:31
10:50:30,27.7,0.0,5,13849,买盘,600887,2025-10-17 22:23:31
10:50:33,27.7,0.0,6,16620,买盘,600887,2025-10-17 22:23:31
10:50:36,27.7,0.0,1,2770,买盘,600887,2025-10-17 22:23:31
10:50:39,27.7,0.0,1,2770,买盘,600887,2025-10-17 22:23:31
10:50:42,27.7,0.0,2,5540,买盘,600887,2025-10-17 22:23:31
10:50:45,27.7,0.0,2,5540,买盘,600887,2025-10-17 22:23:31
10:50:48,27.69,-0.01,17,47083,卖盘,600887,2025-10-17 22:23:31
10:50:51,27.69,0.0,32,88608,卖盘,600887,2025-10-17 22:23:31
10:50:57,27.69,0.0,9,24921,卖盘,600887,2025-10-17 22:23:31
10:51:00,27.69,0.0,123,340635,卖盘,600887,2025-10-17 22:23:31
10:51:03,27.69,0.0,149,412493,卖盘,600887,2025-10-17 22:23:31
10:51:06,27.68,-0.01,121,334917,卖盘,600887,2025-10-17 22:23:31
10:51:09,27.68,0.0,47,130087,卖盘,600887,2025-10-17 22:23:31
10:51:12,27.68,0.0,42,116256,卖盘,600887,2025-10-17 22:23:31
10:51:15,27.68,0.0,9,24912,买盘,600887,2025-10-17 22:23:31
10:51:18,27.68,0.0,3,8304,买盘,600887,2025-10-17 22:23:31
10:51:21,27.68,0.0,12,33216,买盘,600887,2025-10-17 22:23:31
10:51:24,27.68,0.0,6,16608,买盘,600887,2025-10-17 22:23:31
10:51:27,27.68,0.0,33,91344,买盘,600887,2025-10-17 22:23:31
10:51:30,27.68,0.0,27,74736,卖盘,600887,2025-10-17 22:23:31
10:51:33,27.69,0.01,1,2769,买盘,600887,2025-10-17 22:23:31
10:51:36,27.69,0.0,10,27690,买盘,600887,2025-10-17 22:23:31
10:51:39,27.68,-0.01,6,16608,卖盘,600887,2025-10-17 22:23:31
10:51:48,27.68,0.0,21,58130,卖盘,600887,2025-10-17 22:23:31
10:51:51,27.68,0.0,2,5536,卖盘,600887,2025-10-17 22:23:31
10:51:54,27.68,0.0,89,246440,卖盘,600887,2025-10-17 22:23:31
10:51:57,27.7,0.02,24,66479,买盘,600887,2025-10-17 22:23:31
10:52:00,27.7,0.0,1,2770,买盘,600887,2025-10-17 22:23:31
10:52:03,27.68,-0.02,47,130121,卖盘,600887,2025-10-17 22:23:31
10:52:06,27.69,0.01,1,2769,中性盘,600887,2025-10-17 22:23:31
10:52:09,27.69,0.0,11,30459,卖盘,600887,2025-10-17 22:23:31
10:52:12,27.69,0.0,34,94146,卖盘,600887,2025-10-17 22:23:31
10:52:15,27.68,-0.01,20,55361,卖盘,600887,2025-10-17 22:23:31
10:52:21,27.68,0.0,2,5536,卖盘,600887,2025-10-17 22:23:31
10:52:27,27.69,0.01,34,94146,买盘,600887,2025-10-17 22:23:31
10:52:30,27.69,0.0,15,41521,买盘,600887,2025-10-17 22:23:31
10:52:33,27.69,0.0,11,30459,买盘,600887,2025-10-17 22:23:31
10:52:36,27.68,-0.01,30,83040,卖盘,600887,2025-10-17 22:23:31
10:52:39,27.69,0.01,5,13845,买盘,600887,2025-10-17 22:23:31
10:52:48,27.69,0.0,19,52609,买盘,600887,2025-10-17 22:23:31
10:52:51,27.68,-0.01,1,2768,卖盘,600887,2025-10-17 22:23:31
10:52:54,27.69,0.01,5,13845,买盘,600887,2025-10-17 22:23:31
10:52:57,27.69,0.0,52,143983,买盘,600887,2025-10-17 22:23:31
10:53:00,27.68,-0.01,36,99666,卖盘,600887,2025-10-17 22:23:31
10:53:03,27.7,0.02,6,16616,买盘,600887,2025-10-17 22:23:31
10:53:06,27.68,-0.02,44,121834,卖盘,600887,2025-10-17 22:23:31
10:53:09,27.69,0.01,1,2769,中性盘,600887,2025-10-17 22:23:31
10:53:12,27.69,0.0,1,2769,卖盘,600887,2025-10-17 22:23:31
10:53:15,27.69,0.0,11,30463,卖盘,600887,2025-10-17 22:23:31
10:53:21,27.68,-0.01,20,55360,卖盘,600887,2025-10-17 22:23:31
10:53:24,27.69,0.01,38,105214,买盘,600887,2025-10-17 22:23:31
10:53:27,27.68,-0.01,10,27682,卖盘,600887,2025-10-17 22:23:31
10:53:30,27.68,0.0,90,249120,卖盘,600887,2025-10-17 22:23:31
10:53:33,27.68,0.0,114,315551,卖盘,600887,2025-10-17 22:23:31
10:53:36,27.68,0.0,14,38752,买盘,600887,2025-10-17 22:23:31
10:53:39,27.68,0.0,29,80251,买盘,600887,2025-10-17 22:23:31
10:53:42,27.68,0.0,22,60885,买盘,600887,2025-10-17 22:23:31
10:53:51,27.68,0.0,11,30443,买盘,600887,2025-10-17 22:23:31
10:53:54,27.68,0.0,49,135632,买盘,600887,2025-10-17 22:23:31
10:53:57,27.67,-0.01,13,35976,卖盘,600887,2025-10-17 22:23:31
10:54:00,27.69,0.02,18,49825,买盘,600887,2025-10-17 22:23:31
10:54:03,27.67,-0.02,41,113477,卖盘,600887,2025-10-17 22:23:31
10:54:06,27.68,0.01,24,66432,中性盘,600887,2025-10-17 22:23:31
10:54:09,27.69,0.01,1,2769,买盘,600887,2025-10-17 22:23:31
10:54:12,27.69,0.0,3,8307,买盘,600887,2025-10-17 22:23:31
10:54:15,27.69,0.0,29,80274,买盘,600887,2025-10-17 22:23:31
10:54:21,27.69,0.0,40,110760,买盘,600887,2025-10-17 22:23:31
10:54:24,27.68,-0.01,8,22144,卖盘,600887,2025-10-17 22:23:31
10:54:27,27.68,0.0,41,113490,卖盘,600887,2025-10-17 22:23:31
10:54:30,27.68,0.0,29,80275,卖盘,600887,2025-10-17 22:23:31
10:54:33,27.68,0.0,120,332161,卖盘,600887,2025-10-17 22:23:31
10:54:36,27.67,-0.01,63,174349,卖盘,600887,2025-10-17 22:23:31
10:54:39,27.67,0.0,1,2767,卖盘,600887,2025-10-17 22:23:31
10:54:42,27.67,0.0,62,171604,卖盘,600887,2025-10-17 22:23:31
10:54:45,27.67,0.0,75,207525,卖盘,600887,2025-10-17 22:23:31
10:54:48,27.67,0.0,21,58107,卖盘,600887,2025-10-17 22:23:31
10:54:51,27.67,0.0,13,35971,卖盘,600887,2025-10-17 22:23:31
10:54:54,27.68,0.01,5,13840,买盘,600887,2025-10-17 22:23:31
10:55:00,27.68,0.0,14,38744,买盘,600887,2025-10-17 22:23:31
10:55:03,27.68,0.0,9,24912,买盘,600887,2025-10-17 22:23:31
10:55:06,27.68,0.0,20,55360,买盘,600887,2025-10-17 22:23:31
10:55:09,27.68,0.0,127,351536,买盘,600887,2025-10-17 22:23:31
10:55:12,27.68,0.0,9,24912,卖盘,600887,2025-10-17 22:23:31
10:55:18,27.67,-0.01,17,47050,卖盘,600887,2025-10-17 22:23:31
10:55:21,27.67,0.0,38,105152,卖盘,600887,2025-10-17 22:23:31
10:55:24,27.68,0.01,64,177089,买盘,600887,2025-10-17 22:23:31
10:55:27,27.67,-0.01,10,27670,卖盘,600887,2025-10-17 22:23:31
10:55:30,27.68,0.01,17,47056,买盘,600887,2025-10-17 22:23:31
10:55:33,27.68,0.0,29,80272,买盘,600887,2025-10-17 22:23:31
10:55:39,27.68,0.0,47,130057,买盘,600887,2025-10-17 22:23:31
10:55:45,27.67,-0.01,2,5534,卖盘,600887,2025-10-17 22:23:31
10:55:48,27.68,0.01,40,110711,买盘,600887,2025-10-17 22:23:31
10:55:51,27.67,-0.01,38,105146,卖盘,600887,2025-10-17 22:23:31
10:55:54,27.68,0.01,227,628324,买盘,600887,2025-10-17 22:23:31
10:55:57,27.67,-0.01,53,146679,卖盘,600887,2025-10-17 22:23:31
10:56:00,27.68,0.01,30,83046,中性盘,600887,2025-10-17 22:23:31
10:56:03,27.68,0.0,88,243590,卖盘,600887,2025-10-17 22:23:31
10:56:06,27.68,0.0,39,107952,卖盘,600887,2025-10-17 22:23:31
10:56:09,27.68,0.0,15,41520,卖盘,600887,2025-10-17 22:23:31
10:56:12,27.68,0.0,18,49824,卖盘,600887,2025-10-17 22:23:31
10:56:15,27.68,0.0,127,351536,卖盘,600887,2025-10-17 22:23:31
10:56:18,27.68,0.0,97,268540,卖盘,600887,2025-10-17 22:23:31
10:56:21,27.69,0.01,500,1384482,买盘,600887,2025-10-17 22:23:31
10:56:24,27.69,0.0,51,141234,卖盘,600887,2025-10-17 22:23:31
10:56:27,27.7,0.01,120,332398,买盘,600887,2025-10-17 22:23:31
10:56:30,27.71,0.01,365,1011231,买盘,600887,2025-10-17 22:23:31
10:56:33,27.71,0.0,151,418418,卖盘,600887,2025-10-17 22:23:31
10:56:36,27.71,0.0,1,2771,买盘,600887,2025-10-17 22:23:31
10:56:42,27.7,-0.01,40,110809,卖盘,600887,2025-10-17 22:23:31
10:56:45,27.71,0.01,11,30481,买盘,600887,2025-10-17 22:23:31
10:56:48,27.71,0.0,22,60950,买盘,600887,2025-10-17 22:23:31
10:56:51,27.7,-0.01,55,152399,卖盘,600887,2025-10-17 22:23:31
10:57:00,27.71,0.01,8,22169,卖盘,600887,2025-10-17 22:23:31
10:57:03,27.72,0.01,2,5544,买盘,600887,2025-10-17 22:23:31
10:57:06,27.71,-0.01,13,36023,卖盘,600887,2025-10-17 22:23:31
10:57:09,27.71,0.0,36,99766,卖盘,600887,2025-10-17 22:23:31
10:57:12,27.72,0.01,129,357384,买盘,600887,2025-10-17 22:23:31
10:57:15,27.71,-0.01,3,8313,卖盘,600887,2025-10-17 22:23:31
10:57:18,27.71,0.0,4,11084,卖盘,600887,2025-10-17 22:23:31
10:57:21,27.72,0.01,2,5544,买盘,600887,2025-10-17 22:23:31
10:57:24,27.71,-0.01,11,30483,卖盘,600887,2025-10-17 22:23:31
10:57:27,27.72,0.01,9,24948,买盘,600887,2025-10-17 22:23:31
10:57:30,27.71,-0.01,44,121938,卖盘,600887,2025-10-17 22:23:31
10:57:33,27.72,0.01,1,2772,买盘,600887,2025-10-17 22:23:31
10:57:36,27.72,0.0,30,83160,买盘,600887,2025-10-17 22:23:31
10:57:39,27.72,0.0,44,121935,买盘,600887,2025-10-17 22:23:31
10:57:42,27.72,0.0,28,77601,买盘,600887,2025-10-17 22:23:31
10:57:45,27.7,-0.02,133,368524,卖盘,600887,2025-10-17 22:23:31
10:57:51,27.7,0.0,8,22160,卖盘,600887,2025-10-17 22:23:31
10:57:57,27.7,0.0,11,30476,卖盘,600887,2025-10-17 22:23:31
10:58:00,27.71,0.01,5,13855,买盘,600887,2025-10-17 22:23:31
