时间,成交价,价格变动,成交量,成交额,买卖盘性质,股票代码,采集时间
09:25:01,24.77,0.76,40268,99743960,买盘,601026,2025-10-17 22:47:14
09:30:01,24.8,0.03,2997,7447851,买盘,601026,2025-10-17 22:47:14
09:30:04,24.81,0.01,8143,20306967,中性盘,601026,2025-10-17 22:47:14
09:30:07,24.8,-0.01,7343,18324970,中性盘,601026,2025-10-17 22:47:14
09:30:10,24.77,-0.03,7170,17796751,卖盘,601026,2025-10-17 22:47:14
09:30:13,24.77,0.0,5691,14084562,买盘,601026,2025-10-17 22:47:14
09:30:16,24.66,-0.11,5336,13199593,中性盘,601026,2025-10-17 22:47:14
09:30:19,24.5,-0.16,5473,13484813,卖盘,601026,2025-10-17 22:47:14
09:30:22,24.7,0.2,3735,9190065,买盘,601026,2025-10-17 22:47:14
09:30:25,24.7,0.0,4453,10918776,买盘,601026,2025-10-17 22:47:14
09:30:28,24.38,-0.32,5822,14324099,卖盘,601026,2025-10-17 22:47:14
09:30:31,24.71,0.33,3408,8376871,买盘,601026,2025-10-17 22:47:14
09:30:34,24.21,-0.5,3172,7756653,卖盘,601026,2025-10-17 22:47:14
09:30:37,24.38,0.17,1660,4031975,买盘,601026,2025-10-17 22:47:14
09:30:40,24.5,0.12,1802,4389916,买盘,601026,2025-10-17 22:47:14
09:30:43,24.53,0.03,2279,5586261,买盘,601026,2025-10-17 22:47:14
09:30:46,24.66,0.13,2578,6347776,买盘,601026,2025-10-17 22:47:14
09:30:49,24.7,0.04,4488,11081279,买盘,601026,2025-10-17 22:47:14
09:30:52,24.77,0.07,5735,14195767,买盘,601026,2025-10-17 22:47:14
09:30:55,24.78,0.01,4127,10221554,买盘,601026,2025-10-17 22:47:14
09:30:58,24.85,0.07,5420,13434185,买盘,601026,2025-10-17 22:47:14
09:31:01,24.88,0.03,2395,5963646,买盘,601026,2025-10-17 22:47:14
09:31:04,24.99,0.11,1980,4944761,买盘,601026,2025-10-17 22:47:14
09:31:07,25.03,0.04,2935,7340868,买盘,601026,2025-10-17 22:47:14
09:31:10,25.15,0.12,1858,4661274,买盘,601026,2025-10-17 22:47:14
09:31:13,25.25,0.1,1081,2724082,买盘,601026,2025-10-17 22:47:14
09:31:16,25.42,0.17,1678,4251648,买盘,601026,2025-10-17 22:47:14
09:31:19,25.53,0.11,1341,3415725,买盘,601026,2025-10-17 22:47:14
09:31:22,25.58,0.05,1511,3865069,买盘,601026,2025-10-17 22:47:14
09:31:25,25.78,0.2,1314,3375910,买盘,601026,2025-10-17 22:47:14
09:31:28,25.84,0.06,1647,4253198,买盘,601026,2025-10-17 22:47:14
09:31:31,25.94,0.1,889,2303531,买盘,601026,2025-10-17 22:47:14
09:31:34,25.98,0.04,1672,4344045,买盘,601026,2025-10-17 22:47:14
09:31:37,26.0,0.02,3482,9049890,买盘,601026,2025-10-17 22:47:14
09:31:40,26.07,0.07,3598,9356072,买盘,601026,2025-10-17 22:47:14
09:31:43,26.08,0.01,1863,4859207,买盘,601026,2025-10-17 22:47:14
09:31:46,26.29,0.21,1262,3305393,买盘,601026,2025-10-17 22:47:14
09:31:49,26.29,0.0,1486,3903138,买盘,601026,2025-10-17 22:47:14
09:31:52,26.5,0.21,1285,3391658,买盘,601026,2025-10-17 22:47:14
09:31:55,26.6,0.1,1313,3483327,买盘,601026,2025-10-17 22:47:14
09:31:58,26.6,0.0,2140,5690366,买盘,601026,2025-10-17 22:47:14
09:32:01,26.55,-0.05,2804,7466387,卖盘,601026,2025-10-17 22:47:14
09:32:04,26.5,-0.05,2828,7524069,卖盘,601026,2025-10-17 22:47:14
09:32:07,26.5,0.0,1984,5243938,卖盘,601026,2025-10-17 22:47:14
09:32:10,26.11,-0.39,1848,4867040,卖盘,601026,2025-10-17 22:47:14
09:32:13,26.09,-0.02,1092,2849166,卖盘,601026,2025-10-17 22:47:14
09:32:16,25.95,-0.14,854,2222700,卖盘,601026,2025-10-17 22:47:14
09:32:19,25.9,-0.05,543,1410440,卖盘,601026,2025-10-17 22:47:14
09:32:22,25.84,-0.06,348,900493,卖盘,601026,2025-10-17 22:47:14
09:32:25,25.7,-0.14,342,881355,卖盘,601026,2025-10-17 22:47:14
09:32:28,25.52,-0.18,563,1443481,卖盘,601026,2025-10-17 22:47:14
09:32:31,25.33,-0.19,787,2008517,卖盘,601026,2025-10-17 22:47:14
09:32:34,25.12,-0.21,558,1411059,卖盘,601026,2025-10-17 22:47:14
09:32:37,25.0,-0.12,1299,3284350,卖盘,601026,2025-10-17 22:47:14
09:32:40,25.0,0.0,871,2176122,卖盘,601026,2025-10-17 22:47:14
09:32:43,24.85,-0.15,1032,2575940,卖盘,601026,2025-10-17 22:47:14
09:32:46,24.81,-0.04,1028,2560157,卖盘,601026,2025-10-17 22:47:14
09:32:49,24.79,-0.02,1220,3025758,卖盘,601026,2025-10-17 22:47:14
09:32:52,24.72,-0.07,1210,2998621,卖盘,601026,2025-10-17 22:47:14
09:32:55,24.72,0.0,1424,3521094,买盘,601026,2025-10-17 22:47:14
09:32:58,24.71,-0.01,2578,6378455,卖盘,601026,2025-10-17 22:47:14
09:33:01,24.7,-0.01,1657,4092320,买盘,601026,2025-10-17 22:47:14
09:33:04,24.73,0.03,2160,5328982,买盘,601026,2025-10-17 22:47:14
09:33:07,24.77,0.04,2489,6160532,买盘,601026,2025-10-17 22:47:14
09:33:10,24.93,0.16,1585,3945182,买盘,601026,2025-10-17 22:47:14
09:33:13,25.0,0.07,2032,5073427,买盘,601026,2025-10-17 22:47:14
09:33:16,25.02,0.02,2261,5650319,买盘,601026,2025-10-17 22:47:14
09:33:19,25.11,0.09,960,2407226,买盘,601026,2025-10-17 22:47:14
09:33:22,25.2,0.09,816,2050937,买盘,601026,2025-10-17 22:47:14
09:33:25,25.33,0.13,743,1874861,买盘,601026,2025-10-17 22:47:14
09:33:28,25.4,0.07,765,1943556,买盘,601026,2025-10-17 22:47:14
09:33:31,25.5,0.1,1321,3363102,买盘,601026,2025-10-17 22:47:14
09:33:34,25.59,0.09,1022,2607382,买盘,601026,2025-10-17 22:47:14
09:33:37,25.65,0.06,555,1420836,买盘,601026,2025-10-17 22:47:14
09:33:40,25.72,0.07,780,2002714,买盘,601026,2025-10-17 22:47:14
09:33:43,25.78,0.06,747,1923652,买盘,601026,2025-10-17 22:47:14
09:33:46,25.84,0.06,882,2277785,买盘,601026,2025-10-17 22:47:14
09:33:49,25.9,0.06,817,2112945,买盘,601026,2025-10-17 22:47:14
09:33:52,25.95,0.05,484,1253870,买盘,601026,2025-10-17 22:47:14
09:33:55,26.0,0.05,1543,4005280,买盘,601026,2025-10-17 22:47:14
09:33:58,25.96,-0.04,1153,2997555,卖盘,601026,2025-10-17 22:47:14
09:34:01,25.97,0.01,1793,4657949,中性盘,601026,2025-10-17 22:47:14
09:34:04,25.97,0.0,1570,4078344,卖盘,601026,2025-10-17 22:47:14
09:34:07,25.88,-0.09,2694,6997983,卖盘,601026,2025-10-17 22:47:14
09:34:10,25.86,-0.02,539,1395736,卖盘,601026,2025-10-17 22:47:14
09:34:13,25.78,-0.08,586,1514364,卖盘,601026,2025-10-17 22:47:14
09:34:16,25.68,-0.1,395,1019264,卖盘,601026,2025-10-17 22:47:14
09:34:19,25.66,-0.02,550,1412857,卖盘,601026,2025-10-17 22:47:14
09:34:22,25.52,-0.14,393,1006927,卖盘,601026,2025-10-17 22:47:14
09:34:25,25.5,-0.02,554,1415876,卖盘,601026,2025-10-17 22:47:14
09:34:28,25.35,-0.15,744,1895080,卖盘,601026,2025-10-17 22:47:14
09:34:31,25.34,-0.01,365,927509,卖盘,601026,2025-10-17 22:47:14
09:34:34,25.2,-0.14,458,1158423,卖盘,601026,2025-10-17 22:47:14
09:34:37,25.2,0.0,627,1582812,卖盘,601026,2025-10-17 22:47:14
09:34:40,25.1,-0.1,825,2080447,卖盘,601026,2025-10-17 22:47:14
09:34:43,25.06,-0.04,978,2451284,卖盘,601026,2025-10-17 22:47:14
09:34:46,25.0,-0.06,715,1788624,卖盘,601026,2025-10-17 22:47:14
09:34:49,25.0,0.0,870,2174616,卖盘,601026,2025-10-17 22:47:14
09:34:52,24.91,-0.09,972,2425204,卖盘,601026,2025-10-17 22:47:14
09:34:55,24.84,-0.07,492,1225097,卖盘,601026,2025-10-17 22:47:14
09:34:58,24.8,-0.04,293,727291,卖盘,601026,2025-10-17 22:47:14
09:35:01,24.82,0.02,642,1593876,中性盘,601026,2025-10-17 22:47:14
09:35:04,24.88,0.06,866,2150789,买盘,601026,2025-10-17 22:47:14
09:35:07,24.82,-0.06,2405,5968908,卖盘,601026,2025-10-17 22:47:14
09:35:10,24.88,0.06,1169,2908473,买盘,601026,2025-10-17 22:47:14
09:35:13,24.92,0.04,1107,2757130,买盘,601026,2025-10-17 22:47:14
09:35:16,24.99,0.07,1829,4565276,买盘,601026,2025-10-17 22:47:14
09:35:19,25.0,0.01,806,2015815,买盘,601026,2025-10-17 22:47:14
09:35:22,25.1,0.1,1603,4011172,买盘,601026,2025-10-17 22:47:14
09:35:25,25.11,0.01,1454,3643144,买盘,601026,2025-10-17 22:47:14
09:35:28,25.21,0.1,705,1774279,买盘,601026,2025-10-17 22:47:14
09:35:31,25.33,0.12,560,1412536,买盘,601026,2025-10-17 22:47:14
09:35:34,25.34,0.01,810,2048024,买盘,601026,2025-10-17 22:47:14
09:35:37,25.4,0.06,750,1903644,买盘,601026,2025-10-17 22:47:14
09:35:40,25.5,0.1,997,2540090,买盘,601026,2025-10-17 22:47:14
09:35:43,25.5,0.0,727,1854543,卖盘,601026,2025-10-17 22:47:14
09:35:46,25.57,0.07,667,1704729,买盘,601026,2025-10-17 22:47:14
09:35:49,25.65,0.08,819,2096626,买盘,601026,2025-10-17 22:47:14
09:35:52,25.68,0.03,889,2280630,买盘,601026,2025-10-17 22:47:14
09:35:55,25.7,0.02,1724,4432820,买盘,601026,2025-10-17 22:47:14
09:35:58,25.78,0.08,493,1267880,买盘,601026,2025-10-17 22:47:14
09:36:01,25.77,-0.01,1091,2812006,卖盘,601026,2025-10-17 22:47:14
09:36:04,25.81,0.04,1030,2657221,买盘,601026,2025-10-17 22:47:14
09:36:07,25.88,0.07,1075,2776193,买盘,601026,2025-10-17 22:47:14
09:36:10,25.88,0.0,906,2344102,买盘,601026,2025-10-17 22:47:14
09:36:13,25.9,0.02,594,1538540,买盘,601026,2025-10-17 22:47:14
09:36:16,25.95,0.05,773,2001501,买盘,601026,2025-10-17 22:47:14
09:36:19,25.9,-0.05,1180,3061166,卖盘,601026,2025-10-17 22:47:14
09:36:22,25.9,0.0,829,2147984,买盘,601026,2025-10-17 22:47:14
09:36:25,25.8,-0.1,503,1298183,卖盘,601026,2025-10-17 22:47:14
09:36:28,25.71,-0.09,679,1753881,卖盘,601026,2025-10-17 22:47:14
09:36:31,25.68,-0.03,544,1400787,卖盘,601026,2025-10-17 22:47:14
09:36:34,25.62,-0.06,500,1284903,卖盘,601026,2025-10-17 22:47:14
09:36:37,25.52,-0.1,415,1064975,卖盘,601026,2025-10-17 22:47:14
09:36:40,25.52,0.0,478,1221940,卖盘,601026,2025-10-17 22:47:14
09:36:43,25.5,-0.02,536,1368907,卖盘,601026,2025-10-17 22:47:14
09:36:46,25.4,-0.1,339,863816,卖盘,601026,2025-10-17 22:47:14
09:36:49,25.35,-0.05,843,2145744,卖盘,601026,2025-10-17 22:47:14
09:36:52,25.3,-0.05,686,1739033,卖盘,601026,2025-10-17 22:47:14
09:36:55,25.22,-0.08,708,1790958,卖盘,601026,2025-10-17 22:47:14
09:36:58,25.15,-0.07,433,1092851,卖盘,601026,2025-10-17 22:47:14
09:37:01,25.06,-0.09,940,2368921,卖盘,601026,2025-10-17 22:47:14
09:37:04,25.12,0.06,664,1664923,买盘,601026,2025-10-17 22:47:14
09:37:07,25.13,0.01,610,1532965,中性盘,601026,2025-10-17 22:47:14
09:37:10,25.18,0.05,663,1668838,买盘,601026,2025-10-17 22:47:14
09:37:13,25.2,0.02,435,1095038,买盘,601026,2025-10-17 22:47:14
09:37:16,25.25,0.05,407,1027792,买盘,601026,2025-10-17 22:47:14
09:37:19,25.3,0.05,475,1200699,买盘,601026,2025-10-17 22:47:14
09:37:22,25.4,0.1,529,1340349,买盘,601026,2025-10-17 22:47:14
09:37:25,25.45,0.05,993,2529534,买盘,601026,2025-10-17 22:47:14
09:37:28,25.5,0.05,803,2047311,买盘,601026,2025-10-17 22:47:14
09:37:31,25.54,0.04,426,1088121,买盘,601026,2025-10-17 22:47:14
09:37:34,25.6,0.06,584,1495382,买盘,601026,2025-10-17 22:47:14
09:37:37,25.66,0.06,319,818163,买盘,601026,2025-10-17 22:47:14
09:37:40,25.68,0.02,791,2031595,买盘,601026,2025-10-17 22:47:14
09:37:43,25.72,0.04,705,1816204,买盘,601026,2025-10-17 22:47:14
09:37:46,25.8,0.08,671,1730283,买盘,601026,2025-10-17 22:47:14
09:37:49,25.8,0.0,639,1648230,买盘,601026,2025-10-17 22:47:14
09:37:52,25.84,0.04,667,1722962,买盘,601026,2025-10-17 22:47:14
09:37:55,25.84,0.0,684,1767402,卖盘,601026,2025-10-17 22:47:14
09:37:58,25.89,0.05,1236,3198305,买盘,601026,2025-10-17 22:47:14
09:38:01,25.9,0.01,1119,2897191,买盘,601026,2025-10-17 22:47:14
09:38:04,25.95,0.05,1219,3158547,买盘,601026,2025-10-17 22:47:14
09:38:07,25.95,0.0,752,1950555,买盘,601026,2025-10-17 22:47:14
09:38:10,25.95,0.0,809,2097401,买盘,601026,2025-10-17 22:47:14
09:38:13,25.95,0.0,719,1865315,卖盘,601026,2025-10-17 22:47:14
09:38:16,25.9,-0.05,755,1960247,卖盘,601026,2025-10-17 22:47:14
09:38:19,25.95,0.05,1005,2605257,买盘,601026,2025-10-17 22:47:14
09:38:22,25.88,-0.07,471,1219380,卖盘,601026,2025-10-17 22:47:14
09:38:25,25.85,-0.03,580,1500922,卖盘,601026,2025-10-17 22:47:14
09:38:28,25.8,-0.05,596,1539602,卖盘,601026,2025-10-17 22:47:14
09:38:31,25.8,0.0,219,565471,卖盘,601026,2025-10-17 22:47:14
09:38:34,25.66,-0.14,401,1033369,卖盘,601026,2025-10-17 22:47:14
09:38:37,25.68,0.02,278,713749,买盘,601026,2025-10-17 22:47:14
09:38:40,25.6,-0.08,413,1060759,卖盘,601026,2025-10-17 22:47:14
09:38:43,25.63,0.03,438,1120535,买盘,601026,2025-10-17 22:47:14
09:38:46,25.7,0.07,883,2266419,买盘,601026,2025-10-17 22:47:14
09:38:49,25.7,0.0,765,1964816,卖盘,601026,2025-10-17 22:47:14
09:38:52,25.8,0.1,1283,3308648,买盘,601026,2025-10-17 22:47:14
09:38:55,25.86,0.06,396,1021937,买盘,601026,2025-10-17 22:47:14
09:38:58,25.9,0.04,1001,2589788,买盘,601026,2025-10-17 22:47:14
09:39:01,25.9,0.0,865,2238401,买盘,601026,2025-10-17 22:47:14
09:39:04,25.9,0.0,771,1996935,买盘,601026,2025-10-17 22:47:14
09:39:07,25.88,-0.02,880,2279159,卖盘,601026,2025-10-17 22:47:14
09:39:10,25.88,0.0,642,1662164,买盘,601026,2025-10-17 22:47:14
09:39:13,25.89,0.01,543,1405674,买盘,601026,2025-10-17 22:47:14
09:39:16,25.88,-0.01,793,2054458,卖盘,601026,2025-10-17 22:47:14
09:39:19,25.87,-0.01,573,1482005,卖盘,601026,2025-10-17 22:47:14
09:39:22,25.86,-0.01,706,1826999,卖盘,601026,2025-10-17 22:47:14
09:39:25,25.88,0.02,467,1207656,买盘,601026,2025-10-17 22:47:14
09:39:28,25.81,-0.07,504,1304158,卖盘,601026,2025-10-17 22:47:14
09:39:31,25.8,-0.01,462,1193284,卖盘,601026,2025-10-17 22:47:14
09:39:34,25.8,0.0,305,787168,卖盘,601026,2025-10-17 22:47:14
09:39:37,25.8,0.0,387,997396,卖盘,601026,2025-10-17 22:47:14
09:39:40,25.8,0.0,327,843515,买盘,601026,2025-10-17 22:47:14
09:39:43,25.76,-0.04,233,601152,中性盘,601026,2025-10-17 22:47:14
09:39:46,25.72,-0.04,203,522900,卖盘,601026,2025-10-17 22:47:14
09:39:49,25.73,0.01,254,652373,买盘,601026,2025-10-17 22:47:14
09:39:52,25.76,0.03,423,1089197,买盘,601026,2025-10-17 22:47:14
09:39:55,25.8,0.04,488,1257551,买盘,601026,2025-10-17 22:47:14
09:39:58,25.8,0.0,695,1792604,买盘,601026,2025-10-17 22:47:14
09:40:01,25.79,-0.01,932,2404884,卖盘,601026,2025-10-17 22:47:14
09:40:04,25.82,0.03,611,1577218,买盘,601026,2025-10-17 22:47:14
09:40:07,25.8,-0.02,473,1221857,卖盘,601026,2025-10-17 22:47:14
09:40:10,25.86,0.06,417,1077844,买盘,601026,2025-10-17 22:47:14
09:40:13,25.87,0.01,891,2303744,买盘,601026,2025-10-17 22:47:14
09:40:16,25.87,0.0,1483,3836565,卖盘,601026,2025-10-17 22:47:14
09:40:19,25.89,0.02,568,1468973,买盘,601026,2025-10-17 22:47:14
09:40:22,25.89,0.0,840,2175852,买盘,601026,2025-10-17 22:47:14
09:40:25,25.89,0.0,968,2505539,卖盘,601026,2025-10-17 22:47:14
09:40:28,25.89,0.0,931,2409615,中性盘,601026,2025-10-17 22:47:14
09:40:31,25.85,-0.04,890,2304462,卖盘,601026,2025-10-17 22:47:14
09:40:34,25.89,0.04,1143,2959149,买盘,601026,2025-10-17 22:47:14
09:40:37,25.86,-0.03,698,1806321,卖盘,601026,2025-10-17 22:47:14
09:40:40,25.87,0.01,579,1497855,买盘,601026,2025-10-17 22:47:14
09:40:43,25.87,0.0,521,1348382,卖盘,601026,2025-10-17 22:47:14
09:40:46,25.88,0.01,901,2332044,中性盘,601026,2025-10-17 22:47:14
09:40:49,25.89,0.01,505,1307459,买盘,601026,2025-10-17 22:47:14
09:40:52,25.89,0.0,973,2520118,卖盘,601026,2025-10-17 22:47:14
09:40:55,25.89,0.0,628,1625250,买盘,601026,2025-10-17 22:47:14
09:40:58,25.92,0.03,695,1798490,买盘,601026,2025-10-17 22:47:14
09:41:01,25.93,0.01,6073,15770858,买盘,601026,2025-10-17 22:47:14
09:41:04,26.0,0.07,2666,6929536,买盘,601026,2025-10-17 22:47:14
09:41:07,26.0,0.0,3235,8410772,买盘,601026,2025-10-17 22:47:14
09:41:10,26.03,0.03,4678,12171711,买盘,601026,2025-10-17 22:47:14
09:41:13,26.12,0.09,881,2298822,买盘,601026,2025-10-17 22:47:14
09:41:16,26.15,0.03,1131,2959502,买盘,601026,2025-10-17 22:47:14
09:41:19,26.19,0.04,1109,2904645,买盘,601026,2025-10-17 22:47:14
09:41:22,26.24,0.05,926,2430088,买盘,601026,2025-10-17 22:47:14
09:41:25,26.32,0.08,700,1840563,买盘,601026,2025-10-17 22:47:14
09:41:28,26.4,0.08,712,1875420,买盘,601026,2025-10-17 22:47:14
09:41:31,26.44,0.04,923,2441032,买盘,601026,2025-10-17 22:47:14
09:41:34,26.5,0.06,2124,5627779,买盘,601026,2025-10-17 22:47:14
09:41:37,26.52,0.02,1876,4972779,买盘,601026,2025-10-17 22:47:14
09:41:40,26.6,0.08,922,2450796,买盘,601026,2025-10-17 22:47:14
09:41:43,26.62,0.02,2439,6494210,买盘,601026,2025-10-17 22:47:14
09:41:46,26.74,0.12,572,1526937,买盘,601026,2025-10-17 22:47:14
09:41:49,26.78,0.04,688,1841883,买盘,601026,2025-10-17 22:47:14
09:41:52,26.81,0.03,3827,10256433,买盘,601026,2025-10-17 22:47:14
09:41:55,26.88,0.07,2062,5541245,买盘,601026,2025-10-17 22:47:14
09:41:58,27.0,0.12,1647,4441449,买盘,601026,2025-10-17 22:47:14
09:42:01,27.1,0.1,2582,6972338,买盘,601026,2025-10-17 22:47:14
09:42:04,27.15,0.05,518,1404947,买盘,601026,2025-10-17 22:47:14
09:42:07,27.5,0.35,862,2353123,买盘,601026,2025-10-17 22:47:14
09:42:10,27.54,0.04,518,1420587,买盘,601026,2025-10-17 22:47:14
09:42:13,27.66,0.12,481,1326584,买盘,601026,2025-10-17 22:47:14
09:42:16,27.75,0.09,512,1418648,买盘,601026,2025-10-17 22:47:14
09:42:19,27.82,0.07,825,2294311,买盘,601026,2025-10-17 22:47:14
09:42:22,27.95,0.13,591,1648618,买盘,601026,2025-10-17 22:47:14
09:42:25,28.0,0.05,1533,4290744,买盘,601026,2025-10-17 22:47:14
09:42:28,28.07,0.07,1651,4629131,买盘,601026,2025-10-17 22:47:14
09:42:31,28.3,0.23,477,1344929,买盘,601026,2025-10-17 22:47:14
09:42:34,28.46,0.16,430,1220426,买盘,601026,2025-10-17 22:47:14
09:42:37,28.55,0.09,439,1254071,买盘,601026,2025-10-17 22:47:14
09:42:40,28.87,0.32,1802,5191965,买盘,601026,2025-10-17 22:47:14
09:42:43,29.0,0.13,606,1751407,买盘,601026,2025-10-17 22:47:14
09:42:46,29.0,0.0,1060,3074440,买盘,601026,2025-10-17 22:47:14
09:42:49,29.32,0.32,506,1472432,买盘,601026,2025-10-17 22:47:14
09:42:52,29.53,0.21,1542,4528646,买盘,601026,2025-10-17 22:47:14
09:42:55,29.56,0.03,444,1313001,买盘,601026,2025-10-17 22:47:14
09:42:58,29.73,0.17,900,2664611,买盘,601026,2025-10-17 22:47:14
09:43:01,29.8,0.07,974,2895565,买盘,601026,2025-10-17 22:47:14
09:43:04,29.82,0.02,1246,3715713,买盘,601026,2025-10-17 22:47:14
09:43:07,29.88,0.06,845,2523859,买盘,601026,2025-10-17 22:47:14
09:43:10,29.9,0.02,1317,3936338,买盘,601026,2025-10-17 22:47:14
09:43:13,29.98,0.08,746,2232400,买盘,601026,2025-10-17 22:47:14
09:43:16,29.98,0.0,1207,3618717,买盘,601026,2025-10-17 22:47:14
09:43:19,30.0,0.02,1437,4309179,买盘,601026,2025-10-17 22:47:14
09:43:22,30.0,0.0,2793,8370460,买盘,601026,2025-10-17 22:47:14
09:43:25,30.0,0.0,3429,10266383,买盘,601026,2025-10-17 22:47:14
09:43:28,29.97,-0.03,1503,4506158,卖盘,601026,2025-10-17 22:47:14
09:43:31,29.53,-0.44,1337,3990264,卖盘,601026,2025-10-17 22:47:14
09:43:34,29.0,-0.53,937,2769513,卖盘,601026,2025-10-17 22:47:14
09:43:37,28.95,-0.05,202,585988,卖盘,601026,2025-10-17 22:47:14
09:43:40,28.88,-0.07,233,674152,卖盘,601026,2025-10-17 22:47:14
09:43:43,28.6,-0.28,276,796691,卖盘,601026,2025-10-17 22:47:14
09:43:46,28.55,-0.05,246,706535,卖盘,601026,2025-10-17 22:47:14
09:43:49,28.42,-0.13,219,623900,卖盘,601026,2025-10-17 22:47:14
09:43:52,28.33,-0.09,335,948459,卖盘,601026,2025-10-17 22:47:14
09:43:55,28.08,-0.25,737,2086624,卖盘,601026,2025-10-17 22:47:14
09:43:58,28.0,-0.08,524,1469456,卖盘,601026,2025-10-17 22:47:14
09:44:01,28.0,0.0,393,1100630,卖盘,601026,2025-10-17 22:47:14
09:44:04,27.99,-0.01,500,1399531,买盘,601026,2025-10-17 22:47:14
09:44:07,27.92,-0.07,694,1941946,卖盘,601026,2025-10-17 22:47:14
09:44:10,27.99,0.07,717,2006062,买盘,601026,2025-10-17 22:47:14
09:44:13,28.01,0.02,1114,3120427,买盘,601026,2025-10-17 22:47:14
09:44:16,28.08,0.07,698,1957563,买盘,601026,2025-10-17 22:47:14
09:44:19,28.14,0.06,418,1177939,买盘,601026,2025-10-17 22:47:14
09:44:22,28.33,0.19,442,1250673,买盘,601026,2025-10-17 22:47:14
09:44:25,28.5,0.17,337,958776,买盘,601026,2025-10-17 22:47:14
09:44:28,28.59,0.09,367,1045746,买盘,601026,2025-10-17 22:47:14
09:44:31,28.7,0.11,489,1398755,买盘,601026,2025-10-17 22:47:14
09:44:34,28.88,0.18,447,1290487,买盘,601026,2025-10-17 22:47:14
09:44:37,28.99,0.11,205,592380,买盘,601026,2025-10-17 22:47:14
09:44:40,29.0,0.01,520,1507659,买盘,601026,2025-10-17 22:47:14
09:44:43,29.01,0.01,350,1015696,买盘,601026,2025-10-17 22:47:14
09:44:46,29.25,0.24,273,796286,买盘,601026,2025-10-17 22:47:14
09:44:49,29.5,0.25,320,938342,买盘,601026,2025-10-17 22:47:14
09:44:52,29.53,0.03,242,712911,买盘,601026,2025-10-17 22:47:14
09:44:55,29.53,0.0,413,1218746,买盘,601026,2025-10-17 22:47:14
09:44:58,29.58,0.05,448,1323827,买盘,601026,2025-10-17 22:47:14
09:45:01,29.65,0.07,442,1307849,买盘,601026,2025-10-17 22:47:14
09:45:04,29.8,0.15,558,1658214,买盘,601026,2025-10-17 22:47:14
09:45:07,29.83,0.03,598,1778443,买盘,601026,2025-10-17 22:47:14
09:45:10,29.87,0.04,428,1278090,买盘,601026,2025-10-17 22:47:14
09:45:13,29.87,0.0,785,2345965,卖盘,601026,2025-10-17 22:47:14
09:45:16,29.92,0.05,790,2362003,买盘,601026,2025-10-17 22:47:14
09:45:19,29.92,0.0,909,2718236,卖盘,601026,2025-10-17 22:47:14
09:45:22,29.88,-0.04,1007,3012281,卖盘,601026,2025-10-17 22:47:14
09:45:25,29.93,0.05,788,2359539,买盘,601026,2025-10-17 22:47:14
09:45:28,29.92,-0.01,1136,3401461,卖盘,601026,2025-10-17 22:47:14
09:45:31,29.9,-0.02,976,2920854,卖盘,601026,2025-10-17 22:47:14
09:45:34,29.88,-0.02,547,1633633,卖盘,601026,2025-10-17 22:47:14
09:45:37,29.89,0.01,586,1750493,买盘,601026,2025-10-17 22:47:14
09:45:40,29.88,-0.01,660,1971403,卖盘,601026,2025-10-17 22:47:14
09:45:43,29.78,-0.1,830,2481169,卖盘,601026,2025-10-17 22:47:14
09:45:46,29.7,-0.08,391,1165871,卖盘,601026,2025-10-17 22:47:14
09:45:49,29.6,-0.1,197,584811,卖盘,601026,2025-10-17 22:47:14
09:45:52,29.53,-0.07,236,696769,卖盘,601026,2025-10-17 22:47:14
09:45:55,29.53,0.0,351,1037572,卖盘,601026,2025-10-17 22:47:14
09:45:58,29.18,-0.35,209,613161,卖盘,601026,2025-10-17 22:47:14
09:46:01,29.18,0.0,218,636779,卖盘,601026,2025-10-17 22:47:14
09:46:04,29.0,-0.18,212,613666,卖盘,601026,2025-10-17 22:47:14
09:46:07,28.93,-0.07,138,400825,卖盘,601026,2025-10-17 22:47:14
09:46:10,28.93,0.0,73,211235,卖盘,601026,2025-10-17 22:47:14
09:46:13,28.88,-0.05,164,473969,卖盘,601026,2025-10-17 22:47:14
09:46:16,28.88,0.0,125,361899,卖盘,601026,2025-10-17 22:47:14
09:46:19,28.77,-0.11,171,492930,卖盘,601026,2025-10-17 22:47:14
09:46:22,28.76,-0.01,134,383883,中性盘,601026,2025-10-17 22:47:14
09:46:25,28.7,-0.06,119,340951,中性盘,601026,2025-10-17 22:47:14
09:46:28,28.6,-0.1,138,394549,卖盘,601026,2025-10-17 22:47:14
09:46:31,28.56,-0.04,165,471412,卖盘,601026,2025-10-17 22:47:14
09:46:34,28.55,-0.01,449,1282686,卖盘,601026,2025-10-17 22:47:14
09:46:37,28.5,-0.05,174,497115,卖盘,601026,2025-10-17 22:47:14
09:46:40,28.42,-0.08,129,366988,卖盘,601026,2025-10-17 22:47:14
09:46:43,28.2,-0.22,145,411031,卖盘,601026,2025-10-17 22:47:14
09:46:46,28.2,0.0,586,1660829,卖盘,601026,2025-10-17 22:47:14
09:46:49,28.15,-0.05,118,331255,卖盘,601026,2025-10-17 22:47:14
09:46:52,28.14,-0.01,229,643884,中性盘,601026,2025-10-17 22:47:14
09:46:55,28.0,-0.14,137,384293,卖盘,601026,2025-10-17 22:47:14
09:46:58,28.0,0.0,406,1138860,卖盘,601026,2025-10-17 22:47:14
09:47:01,27.99,-0.01,314,879848,卖盘,601026,2025-10-17 22:47:14
09:47:04,27.98,-0.01,288,807145,卖盘,601026,2025-10-17 22:47:14
09:47:07,27.97,-0.01,158,440649,中性盘,601026,2025-10-17 22:47:14
09:47:10,27.93,-0.04,270,752334,中性盘,601026,2025-10-17 22:47:14
09:47:13,27.88,-0.05,301,839704,中性盘,601026,2025-10-17 22:47:14
09:47:16,27.88,0.0,245,683024,卖盘,601026,2025-10-17 22:47:14
09:47:19,27.8,-0.08,269,749473,中性盘,601026,2025-10-17 22:47:14
09:47:22,27.81,0.01,530,1474244,买盘,601026,2025-10-17 22:47:14
09:47:25,27.85,0.04,786,2188994,买盘,601026,2025-10-17 22:47:14
09:47:28,27.9,0.05,714,1992138,买盘,601026,2025-10-17 22:47:14
09:47:31,27.99,0.09,892,2491449,买盘,601026,2025-10-17 22:47:14
09:47:34,27.94,-0.05,856,2394728,卖盘,601026,2025-10-17 22:47:14
09:47:37,28.05,0.11,334,936036,买盘,601026,2025-10-17 22:47:14
09:47:40,28.08,0.03,318,891966,买盘,601026,2025-10-17 22:47:14
09:47:43,28.14,0.06,396,1111638,买盘,601026,2025-10-17 22:47:14
09:47:46,28.2,0.06,496,1396057,买盘,601026,2025-10-17 22:47:14
09:47:49,28.3,0.1,695,1956475,买盘,601026,2025-10-17 22:47:14
09:47:52,28.42,0.12,227,642500,买盘,601026,2025-10-17 22:47:14
09:47:55,28.5,0.08,86,243783,买盘,601026,2025-10-17 22:47:14
09:47:58,28.54,0.04,303,864289,买盘,601026,2025-10-17 22:47:14
09:48:01,28.58,0.04,470,1343182,买盘,601026,2025-10-17 22:47:14
09:48:04,28.6,0.02,495,1412832,买盘,601026,2025-10-17 22:47:14
09:48:07,28.6,0.0,576,1648266,买盘,601026,2025-10-17 22:47:14
09:48:10,28.67,0.07,418,1195190,买盘,601026,2025-10-17 22:47:14
09:48:13,28.7,0.03,454,1302249,买盘,601026,2025-10-17 22:47:14
09:48:16,28.8,0.1,230,661955,买盘,601026,2025-10-17 22:47:14
09:48:19,28.88,0.08,183,527618,买盘,601026,2025-10-17 22:47:14
09:48:22,28.9,0.02,377,1087842,买盘,601026,2025-10-17 22:47:14
09:48:25,28.95,0.05,654,1893161,买盘,601026,2025-10-17 22:47:14
09:48:28,28.93,-0.02,255,737882,卖盘,601026,2025-10-17 22:47:14
09:48:31,29.0,0.07,645,1869992,买盘,601026,2025-10-17 22:47:14
09:48:34,29.0,0.0,449,1300680,卖盘,601026,2025-10-17 22:47:14
09:48:37,29.0,0.0,427,1238656,卖盘,601026,2025-10-17 22:47:14
09:48:40,29.04,0.04,659,1913095,买盘,601026,2025-10-17 22:47:14
09:48:43,29.0,-0.04,846,2451729,卖盘,601026,2025-10-17 22:47:14
09:48:46,28.99,-0.01,500,1449990,中性盘,601026,2025-10-17 22:47:14
09:48:49,28.93,-0.06,601,1741113,卖盘,601026,2025-10-17 22:47:14
09:48:52,28.9,-0.03,330,954065,卖盘,601026,2025-10-17 22:47:14
09:48:55,28.9,0.0,371,1072048,卖盘,601026,2025-10-17 22:47:14
09:48:58,28.88,-0.02,747,2162007,卖盘,601026,2025-10-17 22:47:14
09:49:01,28.73,-0.15,220,633737,卖盘,601026,2025-10-17 22:47:14
09:49:04,28.67,-0.06,373,1075515,卖盘,601026,2025-10-17 22:47:14
09:49:07,28.61,-0.06,126,361274,卖盘,601026,2025-10-17 22:47:14
09:49:10,28.6,-0.01,117,335015,卖盘,601026,2025-10-17 22:47:14
09:49:13,28.6,0.0,277,793778,卖盘,601026,2025-10-17 22:47:14
09:49:16,28.54,-0.06,180,514008,卖盘,601026,2025-10-17 22:47:14
09:49:19,28.5,-0.04,149,425392,卖盘,601026,2025-10-17 22:47:14
09:49:22,28.42,-0.08,216,615650,卖盘,601026,2025-10-17 22:47:14
09:49:25,28.5,0.08,130,370790,买盘,601026,2025-10-17 22:47:14
09:49:28,28.4,-0.1,228,647670,卖盘,601026,2025-10-17 22:47:14
09:49:31,28.33,-0.07,195,553100,卖盘,601026,2025-10-17 22:47:14
09:49:34,28.3,-0.03,81,228795,卖盘,601026,2025-10-17 22:47:14
09:49:37,28.29,-0.01,41,115905,中性盘,601026,2025-10-17 22:47:14
09:49:40,28.21,-0.08,155,438285,卖盘,601026,2025-10-17 22:47:14
09:49:43,28.14,-0.07,111,312600,卖盘,601026,2025-10-17 22:47:14
09:49:46,28.26,0.12,508,1432434,买盘,601026,2025-10-17 22:47:14
09:49:49,28.26,0.0,347,978995,卖盘,601026,2025-10-17 22:47:14
09:49:52,28.25,-0.01,372,1051029,卖盘,601026,2025-10-17 22:47:14
09:49:55,28.25,0.0,123,347933,卖盘,601026,2025-10-17 22:47:14
09:49:58,28.25,0.0,352,991690,买盘,601026,2025-10-17 22:47:14
09:50:01,28.13,-0.12,439,1239281,卖盘,601026,2025-10-17 22:47:14
09:50:04,28.11,-0.02,129,363533,卖盘,601026,2025-10-17 22:47:14
09:50:07,28.11,0.0,583,1639133,卖盘,601026,2025-10-17 22:47:14
09:50:10,28.09,-0.02,291,817983,卖盘,601026,2025-10-17 22:47:14
09:50:13,28.01,-0.08,109,305102,卖盘,601026,2025-10-17 22:47:14
09:50:16,28.05,0.04,364,1020716,中性盘,601026,2025-10-17 22:47:14
09:50:19,28.01,-0.04,242,677831,买盘,601026,2025-10-17 22:47:14
09:50:22,28.0,-0.01,507,1418683,卖盘,601026,2025-10-17 22:47:14
09:50:25,27.87,-0.13,758,2117768,卖盘,601026,2025-10-17 22:47:14
09:50:28,27.87,0.0,201,559726,买盘,601026,2025-10-17 22:47:14
09:50:31,27.85,-0.02,104,290065,卖盘,601026,2025-10-17 22:47:14
09:50:34,27.83,-0.02,824,2294647,卖盘,601026,2025-10-17 22:47:14
09:50:37,27.82,-0.01,93,258615,中性盘,601026,2025-10-17 22:47:14
09:50:40,27.81,-0.01,127,353145,中性盘,601026,2025-10-17 22:47:14
09:50:43,27.8,-0.01,152,421779,卖盘,601026,2025-10-17 22:47:14
09:50:46,27.8,0.0,185,513510,买盘,601026,2025-10-17 22:47:14
09:50:49,27.7,-0.1,150,415808,卖盘,601026,2025-10-17 22:47:14
09:50:52,27.68,-0.02,370,1026273,卖盘,601026,2025-10-17 22:47:14
09:50:55,27.67,-0.01,134,370684,卖盘,601026,2025-10-17 22:47:14
09:50:58,27.6,-0.07,68,187883,卖盘,601026,2025-10-17 22:47:14
09:51:01,27.58,-0.02,144,397364,卖盘,601026,2025-10-17 22:47:14
09:51:04,27.55,-0.03,96,264218,卖盘,601026,2025-10-17 22:47:14
09:51:07,27.5,-0.05,403,1110010,卖盘,601026,2025-10-17 22:47:14
09:51:10,27.35,-0.15,153,419439,卖盘,601026,2025-10-17 22:47:14
09:51:13,27.35,0.0,140,383355,卖盘,601026,2025-10-17 22:47:14
09:51:16,27.23,-0.12,115,312432,卖盘,601026,2025-10-17 22:47:14
09:51:19,27.23,0.0,154,420380,卖盘,601026,2025-10-17 22:47:14
09:51:22,27.15,-0.08,128,347514,卖盘,601026,2025-10-17 22:47:14
09:51:25,27.12,-0.03,219,594067,卖盘,601026,2025-10-17 22:47:14
09:51:28,27.07,-0.05,196,530760,卖盘,601026,2025-10-17 22:47:14
09:51:31,27.02,-0.05,148,399212,卖盘,601026,2025-10-17 22:47:14
09:51:34,27.01,-0.01,338,913933,卖盘,601026,2025-10-17 22:47:14
09:51:37,27.01,0.0,352,950601,买盘,601026,2025-10-17 22:47:14
09:51:40,27.0,-0.01,497,1342842,卖盘,601026,2025-10-17 22:47:14
09:51:43,27.0,0.0,364,982474,买盘,601026,2025-10-17 22:47:14
09:51:46,26.9,-0.1,201,540613,卖盘,601026,2025-10-17 22:47:14
09:51:49,26.87,-0.03,511,1375780,卖盘,601026,2025-10-17 22:47:14
09:51:52,26.81,-0.06,134,359563,卖盘,601026,2025-10-17 22:47:14
09:51:55,26.8,-0.01,382,1024833,卖盘,601026,2025-10-17 22:47:14
09:51:58,26.77,-0.03,257,688572,卖盘,601026,2025-10-17 22:47:14
09:52:01,26.71,-0.06,216,577056,卖盘,601026,2025-10-17 22:47:14
09:52:04,26.73,0.02,254,679331,中性盘,601026,2025-10-17 22:47:14
09:52:07,26.77,0.04,853,2281487,买盘,601026,2025-10-17 22:47:14
09:52:10,26.84,0.07,1059,2841756,买盘,601026,2025-10-17 22:47:14
09:52:13,26.99,0.15,421,1134990,买盘,601026,2025-10-17 22:47:14
09:52:16,27.0,0.01,590,1592670,买盘,601026,2025-10-17 22:47:14
09:52:19,27.07,0.07,552,1492918,买盘,601026,2025-10-17 22:47:14
09:52:22,27.12,0.05,584,1580414,买盘,601026,2025-10-17 22:47:14
09:52:25,27.26,0.14,350,950876,买盘,601026,2025-10-17 22:47:14
09:52:28,27.4,0.14,494,1347488,买盘,601026,2025-10-17 22:47:14
09:52:31,27.55,0.15,555,1523300,买盘,601026,2025-10-17 22:47:14
09:52:34,27.59,0.04,317,874472,买盘,601026,2025-10-17 22:47:14
09:52:37,27.71,0.12,764,2111863,买盘,601026,2025-10-17 22:47:14
09:52:40,27.8,0.09,282,782212,买盘,601026,2025-10-17 22:47:14
09:52:43,27.83,0.03,183,509251,买盘,601026,2025-10-17 22:47:14
09:52:46,27.99,0.16,94,261113,买盘,601026,2025-10-17 22:47:14
09:52:49,27.99,0.0,1924,5355463,买盘,601026,2025-10-17 22:47:14
09:52:52,27.99,0.0,482,1348980,买盘,601026,2025-10-17 22:47:14
09:52:55,28.0,0.01,499,1397009,买盘,601026,2025-10-17 22:47:14
09:52:58,27.99,-0.01,676,1892685,卖盘,601026,2025-10-17 22:47:14
09:53:01,27.99,0.0,919,2572727,卖盘,601026,2025-10-17 22:47:14
09:53:04,27.85,-0.14,664,1854874,卖盘,601026,2025-10-17 22:47:14
09:53:07,27.8,-0.05,237,659690,卖盘,601026,2025-10-17 22:47:14
09:53:10,27.72,-0.08,213,589914,中性盘,601026,2025-10-17 22:47:14
09:53:13,27.67,-0.05,110,306529,卖盘,601026,2025-10-17 22:47:14
09:53:16,27.63,-0.04,200,553787,卖盘,601026,2025-10-17 22:47:14
09:53:19,27.66,0.03,222,612719,中性盘,601026,2025-10-17 22:47:14
09:53:22,27.6,-0.06,284,783705,卖盘,601026,2025-10-17 22:47:14
09:53:25,27.6,0.0,192,530356,买盘,601026,2025-10-17 22:47:14
09:53:28,27.6,0.0,485,1338251,卖盘,601026,2025-10-17 22:47:14
09:53:31,27.59,-0.01,103,284008,中性盘,601026,2025-10-17 22:47:14
09:53:34,27.4,-0.19,74,204872,卖盘,601026,2025-10-17 22:47:14
09:53:37,27.4,0.0,122,335140,卖盘,601026,2025-10-17 22:47:14
09:53:40,27.4,0.0,50,137099,卖盘,601026,2025-10-17 22:47:14
09:53:43,27.3,-0.1,146,400006,卖盘,601026,2025-10-17 22:47:14
09:53:46,27.33,0.03,63,172091,中性盘,601026,2025-10-17 22:47:14
09:53:49,27.3,-0.03,99,270008,中性盘,601026,2025-10-17 22:47:14
09:53:52,27.27,-0.03,76,207112,买盘,601026,2025-10-17 22:47:14
09:53:55,27.23,-0.04,166,451952,卖盘,601026,2025-10-17 22:47:14
09:53:58,27.17,-0.06,182,495681,卖盘,601026,2025-10-17 22:47:14
09:54:01,27.37,0.2,431,1178015,买盘,601026,2025-10-17 22:47:14
09:54:04,27.3,-0.07,215,587451,卖盘,601026,2025-10-17 22:47:14
09:54:07,27.4,0.1,197,538771,买盘,601026,2025-10-17 22:47:14
09:54:10,27.4,0.0,196,535888,买盘,601026,2025-10-17 22:47:14
09:54:13,27.44,0.04,209,574139,买盘,601026,2025-10-17 22:47:14
09:54:16,27.4,-0.04,462,1268134,卖盘,601026,2025-10-17 22:47:14
09:54:19,27.5,0.1,469,1285643,买盘,601026,2025-10-17 22:47:14
09:54:22,27.49,-0.01,283,777700,中性盘,601026,2025-10-17 22:47:14
09:54:25,27.5,0.01,132,362659,买盘,601026,2025-10-17 22:47:14
09:54:28,27.6,0.1,100,275216,买盘,601026,2025-10-17 22:47:14
09:54:31,27.6,0.0,131,361038,买盘,601026,2025-10-17 22:47:14
09:54:34,27.55,-0.05,316,870768,卖盘,601026,2025-10-17 22:47:14
09:54:37,27.6,0.05,170,469256,卖盘,601026,2025-10-17 22:47:14
09:54:40,27.66,0.06,335,924204,买盘,601026,2025-10-17 22:47:14
09:54:43,27.66,0.0,192,529278,中性盘,601026,2025-10-17 22:47:14
09:54:46,27.71,0.05,245,678897,买盘,601026,2025-10-17 22:47:14
09:54:49,27.68,-0.03,179,495875,卖盘,601026,2025-10-17 22:47:14
09:54:52,27.76,0.08,223,618283,中性盘,601026,2025-10-17 22:47:14
09:54:55,27.76,0.0,189,524604,买盘,601026,2025-10-17 22:47:14
09:54:58,27.77,0.01,229,634626,买盘,601026,2025-10-17 22:47:14
09:55:01,27.8,0.03,286,795115,买盘,601026,2025-10-17 22:47:14
09:55:04,27.79,-0.01,132,366853,卖盘,601026,2025-10-17 22:47:14
09:55:07,27.8,0.01,189,525604,买盘,601026,2025-10-17 22:47:14
09:55:10,27.86,0.06,184,512117,买盘,601026,2025-10-17 22:47:14
09:55:13,27.82,-0.04,371,1032804,卖盘,601026,2025-10-17 22:47:14
09:55:16,27.86,0.04,105,292132,买盘,601026,2025-10-17 22:47:14
09:55:19,27.9,0.04,259,721755,买盘,601026,2025-10-17 22:47:14
09:55:22,27.82,-0.08,164,456429,卖盘,601026,2025-10-17 22:47:14
09:55:25,27.86,0.04,149,414949,买盘,601026,2025-10-17 22:47:14
09:55:28,27.86,0.0,307,854538,买盘,601026,2025-10-17 22:47:14
09:55:31,27.88,0.02,157,437495,买盘,601026,2025-10-17 22:47:14
09:55:34,27.88,0.0,196,546277,买盘,601026,2025-10-17 22:47:14
09:55:37,27.82,-0.06,188,523768,卖盘,601026,2025-10-17 22:47:14
09:55:40,27.84,0.02,179,499191,中性盘,601026,2025-10-17 22:47:14
09:55:43,27.82,-0.02,145,403537,卖盘,601026,2025-10-17 22:47:14
09:55:46,27.86,0.04,226,629060,买盘,601026,2025-10-17 22:47:14
09:55:49,27.85,-0.01,153,425933,中性盘,601026,2025-10-17 22:47:14
09:55:52,27.85,0.0,321,894200,卖盘,601026,2025-10-17 22:47:14
09:55:55,27.86,0.01,372,1036200,买盘,601026,2025-10-17 22:47:14
09:55:58,27.86,0.0,247,688441,卖盘,601026,2025-10-17 22:47:14
09:56:01,27.88,0.02,260,724422,卖盘,601026,2025-10-17 22:47:14
09:56:04,27.87,-0.01,216,601440,卖盘,601026,2025-10-17 22:47:14
09:56:07,27.94,0.07,205,570274,买盘,601026,2025-10-17 22:47:14
09:56:10,27.86,-0.08,143,398060,卖盘,601026,2025-10-17 22:47:14
09:56:13,27.85,-0.01,699,1945185,卖盘,601026,2025-10-17 22:47:14
09:56:16,27.85,0.0,72,200516,买盘,601026,2025-10-17 22:47:14
09:56:19,27.79,-0.06,66,183630,卖盘,601026,2025-10-17 22:47:14
09:56:22,27.79,0.0,195,543634,卖盘,601026,2025-10-17 22:47:14
09:56:25,27.76,-0.03,51,141709,卖盘,601026,2025-10-17 22:47:14
09:56:28,27.77,0.01,80,222224,中性盘,601026,2025-10-17 22:47:14
09:56:31,27.78,0.01,181,503589,买盘,601026,2025-10-17 22:47:14
09:56:34,27.79,0.01,261,723867,买盘,601026,2025-10-17 22:47:14
09:56:37,27.78,-0.01,214,594662,卖盘,601026,2025-10-17 22:47:14
09:56:40,27.76,-0.02,175,486739,卖盘,601026,2025-10-17 22:47:14
09:56:43,27.75,-0.01,115,319391,卖盘,601026,2025-10-17 22:47:14
09:56:46,27.72,-0.03,103,286035,卖盘,601026,2025-10-17 22:47:14
09:56:49,27.73,0.01,46,126240,中性盘,601026,2025-10-17 22:47:14
09:56:52,27.71,-0.02,59,164868,卖盘,601026,2025-10-17 22:47:14
09:56:55,27.7,-0.01,59,163430,卖盘,601026,2025-10-17 22:47:14
09:56:58,27.7,0.0,118,326847,买盘,601026,2025-10-17 22:47:14
09:57:01,27.67,-0.03,114,315506,卖盘,601026,2025-10-17 22:47:14
09:57:04,27.67,0.0,39,107897,买盘,601026,2025-10-17 22:47:14
09:57:07,27.65,-0.02,57,157473,买盘,601026,2025-10-17 22:47:14
09:57:10,27.67,0.02,140,386885,买盘,601026,2025-10-17 22:47:14
09:57:13,27.6,-0.07,155,426489,卖盘,601026,2025-10-17 22:47:14
09:57:16,27.6,0.0,133,368483,卖盘,601026,2025-10-17 22:47:14
09:57:19,27.6,0.0,58,160059,买盘,601026,2025-10-17 22:47:14
09:57:22,27.56,-0.04,72,198632,卖盘,601026,2025-10-17 22:47:14
09:57:25,27.55,-0.01,49,135060,卖盘,601026,2025-10-17 22:47:14
09:57:28,27.55,0.0,37,101961,卖盘,601026,2025-10-17 22:47:14
09:57:31,27.51,-0.04,113,311336,卖盘,601026,2025-10-17 22:47:14
09:57:34,27.5,-0.01,79,217540,卖盘,601026,2025-10-17 22:47:14
09:57:37,27.51,0.01,134,367205,买盘,601026,2025-10-17 22:47:14
09:57:40,27.5,-0.01,141,389056,卖盘,601026,2025-10-17 22:47:14
09:57:43,27.49,-0.01,86,236468,卖盘,601026,2025-10-17 22:47:14
09:57:46,27.47,-0.02,115,316131,卖盘,601026,2025-10-17 22:47:14
09:57:49,27.46,-0.01,93,255602,卖盘,601026,2025-10-17 22:47:14
09:57:52,27.41,-0.05,46,126276,卖盘,601026,2025-10-17 22:47:14
09:57:55,27.42,0.01,127,348620,中性盘,601026,2025-10-17 22:47:14
09:57:58,27.4,-0.02,187,511533,卖盘,601026,2025-10-17 22:47:14
09:58:01,27.42,0.02,135,370145,卖盘,601026,2025-10-17 22:47:14
09:58:04,27.42,0.0,98,268619,卖盘,601026,2025-10-17 22:47:14
09:58:07,27.42,0.0,112,305644,买盘,601026,2025-10-17 22:47:14
09:58:10,27.41,-0.01,117,320531,卖盘,601026,2025-10-17 22:47:14
09:58:13,27.4,-0.01,152,416609,买盘,601026,2025-10-17 22:47:14
09:58:16,27.4,0.0,151,413604,买盘,601026,2025-10-17 22:47:14
09:58:19,27.39,-0.01,129,351895,中性盘,601026,2025-10-17 22:47:14
09:58:22,27.37,-0.02,132,361461,卖盘,601026,2025-10-17 22:47:14
09:58:25,27.36,-0.01,60,164165,卖盘,601026,2025-10-17 22:47:14
09:58:28,27.35,-0.01,77,210650,卖盘,601026,2025-10-17 22:47:14
09:58:31,27.35,0.0,97,265327,卖盘,601026,2025-10-17 22:47:14
09:58:34,27.34,-0.01,77,209472,卖盘,601026,2025-10-17 22:47:14
09:58:37,27.34,0.0,127,347142,买盘,601026,2025-10-17 22:47:14
09:58:40,27.32,-0.02,89,242772,卖盘,601026,2025-10-17 22:47:14
09:58:43,27.3,-0.02,131,357683,卖盘,601026,2025-10-17 22:47:14
09:58:46,27.3,0.0,188,513407,卖盘,601026,2025-10-17 22:47:14
09:58:49,27.3,0.0,306,835387,买盘,601026,2025-10-17 22:47:14
09:58:52,27.29,-0.01,299,814528,卖盘,601026,2025-10-17 22:47:14
09:58:55,27.2,-0.09,108,294545,卖盘,601026,2025-10-17 22:47:14
09:58:58,27.17,-0.03,102,277580,卖盘,601026,2025-10-17 22:47:14
09:59:01,27.15,-0.02,53,143959,卖盘,601026,2025-10-17 22:47:14
09:59:04,27.15,0.0,116,314818,卖盘,601026,2025-10-17 22:47:14
09:59:07,27.1,-0.05,82,222350,卖盘,601026,2025-10-17 22:47:14
09:59:10,27.08,-0.02,73,197824,卖盘,601026,2025-10-17 22:47:14
09:59:13,27.03,-0.05,80,216538,卖盘,601026,2025-10-17 22:47:14
09:59:16,27.02,-0.01,107,289178,卖盘,601026,2025-10-17 22:47:14
09:59:19,27.03,0.01,347,937558,买盘,601026,2025-10-17 22:47:14
09:59:22,27.02,-0.01,250,675399,卖盘,601026,2025-10-17 22:47:14
09:59:25,27.01,-0.01,354,957401,卖盘,601026,2025-10-17 22:47:14
09:59:28,27.0,-0.01,206,555541,卖盘,601026,2025-10-17 22:47:14
09:59:31,27.01,0.01,346,934406,买盘,601026,2025-10-17 22:47:14
09:59:34,27.01,0.0,349,942508,中性盘,601026,2025-10-17 22:47:14
09:59:37,27.0,-0.01,326,880147,卖盘,601026,2025-10-17 22:47:14
09:59:40,27.0,0.0,209,565011,买盘,601026,2025-10-17 22:47:14
09:59:43,26.98,-0.02,184,495983,卖盘,601026,2025-10-17 22:47:14
09:59:46,26.98,0.0,156,421021,买盘,601026,2025-10-17 22:47:14
09:59:49,26.98,0.0,464,1251738,卖盘,601026,2025-10-17 22:47:14
09:59:52,26.98,0.0,164,442330,买盘,601026,2025-10-17 22:47:14
09:59:55,26.94,-0.04,67,180225,卖盘,601026,2025-10-17 22:47:14
09:59:58,26.9,-0.04,88,237004,卖盘,601026,2025-10-17 22:47:14
10:00:01,26.89,-0.01,47,126431,卖盘,601026,2025-10-17 22:47:14
10:00:04,26.93,0.04,158,424967,买盘,601026,2025-10-17 22:47:14
10:00:07,26.92,-0.01,159,427612,买盘,601026,2025-10-17 22:47:14
10:00:10,26.93,0.01,310,833655,买盘,601026,2025-10-17 22:47:14
10:00:13,26.93,0.0,371,999050,买盘,601026,2025-10-17 22:47:14
10:00:16,26.95,0.02,212,572368,买盘,601026,2025-10-17 22:47:14
10:00:19,26.98,0.03,231,622949,买盘,601026,2025-10-17 22:47:14
10:00:22,27.0,0.02,203,547880,买盘,601026,2025-10-17 22:47:14
10:00:25,27.0,0.0,397,1071088,买盘,601026,2025-10-17 22:47:14
10:00:28,27.03,0.03,371,1001480,买盘,601026,2025-10-17 22:47:14
10:00:31,27.08,0.05,380,1027509,买盘,601026,2025-10-17 22:47:14
10:00:34,27.14,0.06,371,1005938,买盘,601026,2025-10-17 22:47:14
10:00:37,27.28,0.14,154,419403,买盘,601026,2025-10-17 22:47:14
10:00:40,27.29,0.01,225,613926,买盘,601026,2025-10-17 22:47:14
10:00:43,27.35,0.06,353,964057,买盘,601026,2025-10-17 22:47:14
10:00:46,27.37,0.02,218,595298,买盘,601026,2025-10-17 22:47:14
10:00:49,27.4,0.03,222,608165,买盘,601026,2025-10-17 22:47:14
10:00:52,27.42,0.02,371,1017939,买盘,601026,2025-10-17 22:47:14
10:00:55,27.5,0.08,311,855507,买盘,601026,2025-10-17 22:47:14
10:00:58,27.5,0.0,1126,3108153,买盘,601026,2025-10-17 22:47:14
10:01:01,27.74,0.24,366,1008832,中性盘,601026,2025-10-17 22:47:14
10:01:04,27.52,-0.22,517,1428352,卖盘,601026,2025-10-17 22:47:14
10:01:07,27.74,0.22,390,1078131,买盘,601026,2025-10-17 22:47:14
10:01:10,27.74,0.0,135,374443,卖盘,601026,2025-10-17 22:47:14
10:01:13,27.8,0.06,395,1093956,买盘,601026,2025-10-17 22:47:14
10:01:16,27.82,0.02,288,797873,买盘,601026,2025-10-17 22:47:14
10:01:19,27.83,0.01,79,219771,买盘,601026,2025-10-17 22:47:14
10:01:22,27.85,0.02,136,378592,买盘,601026,2025-10-17 22:47:14
10:01:25,27.85,0.0,174,484346,买盘,601026,2025-10-17 22:47:14
10:01:28,27.85,0.0,431,1200379,买盘,601026,2025-10-17 22:47:14
10:01:31,27.87,0.02,291,809312,中性盘,601026,2025-10-17 22:47:14
10:01:34,27.85,-0.02,284,791026,中性盘,601026,2025-10-17 22:47:14
10:01:37,27.83,-0.02,274,762592,卖盘,601026,2025-10-17 22:47:14
10:01:40,27.81,-0.02,338,940326,卖盘,601026,2025-10-17 22:47:14
10:01:43,27.81,0.0,182,506146,买盘,601026,2025-10-17 22:47:14
10:01:46,27.8,-0.01,131,364211,卖盘,601026,2025-10-17 22:47:14
10:01:49,27.74,-0.06,243,673611,卖盘,601026,2025-10-17 22:47:14
10:01:52,27.74,0.0,57,157760,买盘,601026,2025-10-17 22:47:14
10:01:55,27.74,0.0,94,260007,买盘,601026,2025-10-17 22:47:14
10:01:58,27.53,-0.21,140,387532,中性盘,601026,2025-10-17 22:47:14
10:02:01,27.5,-0.03,139,383658,卖盘,601026,2025-10-17 22:47:14
10:02:04,27.5,0.0,81,222782,卖盘,601026,2025-10-17 22:47:14
10:02:07,27.43,-0.07,261,718154,卖盘,601026,2025-10-17 22:47:14
10:02:10,27.42,-0.01,66,181189,卖盘,601026,2025-10-17 22:47:14
10:02:13,27.42,0.0,126,345259,卖盘,601026,2025-10-17 22:47:14
10:02:16,27.37,-0.05,87,237538,卖盘,601026,2025-10-17 22:47:14
10:02:19,27.3,-0.07,95,259712,卖盘,601026,2025-10-17 22:47:14
10:02:22,27.3,0.0,123,335773,买盘,601026,2025-10-17 22:47:14
10:02:25,27.27,-0.03,49,133729,卖盘,601026,2025-10-17 22:47:14
10:02:28,27.23,-0.04,76,207314,卖盘,601026,2025-10-17 22:47:14
10:02:31,27.23,0.0,82,223419,卖盘,601026,2025-10-17 22:47:14
10:02:34,27.15,-0.08,57,155202,卖盘,601026,2025-10-17 22:47:14
10:02:37,27.16,0.01,50,135779,买盘,601026,2025-10-17 22:47:14
10:02:40,27.15,-0.01,57,154628,卖盘,601026,2025-10-17 22:47:14
10:02:43,27.17,0.02,260,706173,买盘,601026,2025-10-17 22:47:14
10:02:46,27.21,0.04,211,573897,买盘,601026,2025-10-17 22:47:14
10:02:49,27.2,-0.01,233,633611,卖盘,601026,2025-10-17 22:47:14
10:02:52,27.22,0.02,92,249338,买盘,601026,2025-10-17 22:47:14
10:02:55,27.23,0.01,140,380641,卖盘,601026,2025-10-17 22:47:14
10:02:58,27.28,0.05,174,472795,买盘,601026,2025-10-17 22:47:14
10:03:01,27.29,0.01,186,507509,买盘,601026,2025-10-17 22:47:14
10:03:04,27.29,0.0,134,365593,买盘,601026,2025-10-17 22:47:14
10:03:07,27.29,0.0,693,1891814,卖盘,601026,2025-10-17 22:47:14
10:03:10,27.3,0.01,359,980279,买盘,601026,2025-10-17 22:47:14
10:03:13,27.37,0.07,258,704995,买盘,601026,2025-10-17 22:47:14
10:03:16,27.37,0.0,260,711574,买盘,601026,2025-10-17 22:47:14
10:03:19,27.37,0.0,522,1429260,卖盘,601026,2025-10-17 22:47:14
10:03:22,27.36,-0.01,391,1069653,卖盘,601026,2025-10-17 22:47:14
10:03:25,27.3,-0.06,85,230872,卖盘,601026,2025-10-17 22:47:14
10:03:28,27.3,0.0,172,469988,卖盘,601026,2025-10-17 22:47:14
10:03:31,27.31,0.01,149,406815,买盘,601026,2025-10-17 22:47:14
10:03:34,27.3,-0.01,421,1149836,卖盘,601026,2025-10-17 22:47:14
10:03:37,27.29,-0.01,384,1047145,卖盘,601026,2025-10-17 22:47:14
10:03:40,27.28,-0.01,280,763581,卖盘,601026,2025-10-17 22:47:14
10:03:43,27.26,-0.02,75,204446,卖盘,601026,2025-10-17 22:47:14
10:03:46,27.24,-0.02,117,318255,卖盘,601026,2025-10-17 22:47:14
10:03:49,27.23,-0.01,94,256659,卖盘,601026,2025-10-17 22:47:14
10:03:52,27.25,0.02,129,350733,买盘,601026,2025-10-17 22:47:14
10:03:55,27.24,-0.01,68,185204,卖盘,601026,2025-10-17 22:47:14
10:03:58,27.24,0.0,395,1075878,买盘,601026,2025-10-17 22:47:14
10:04:01,27.21,-0.03,106,288543,中性盘,601026,2025-10-17 22:47:14
10:04:04,27.26,0.05,191,520466,买盘,601026,2025-10-17 22:47:14
10:04:07,27.23,-0.03,150,408832,卖盘,601026,2025-10-17 22:47:14
10:04:10,27.25,0.02,91,247859,买盘,601026,2025-10-17 22:47:14
10:04:13,27.25,0.0,96,260199,买盘,601026,2025-10-17 22:47:14
10:04:16,27.25,0.0,118,322729,卖盘,601026,2025-10-17 22:47:14
10:04:19,27.26,0.01,147,400704,买盘,601026,2025-10-17 22:47:14
10:04:22,27.26,0.0,134,366297,买盘,601026,2025-10-17 22:47:14
10:04:25,27.28,0.02,361,983553,买盘,601026,2025-10-17 22:47:14
10:04:28,27.28,0.0,138,375158,卖盘,601026,2025-10-17 22:47:14
10:04:31,27.28,0.0,208,566174,卖盘,601026,2025-10-17 22:47:14
10:04:34,27.3,0.02,560,1528555,买盘,601026,2025-10-17 22:47:14
10:04:37,27.26,-0.04,214,583848,卖盘,601026,2025-10-17 22:47:14
10:04:40,27.29,0.03,219,597761,买盘,601026,2025-10-17 22:47:14
10:04:43,27.29,0.0,145,394848,卖盘,601026,2025-10-17 22:47:14
10:04:46,27.31,0.02,256,697489,买盘,601026,2025-10-17 22:47:14
10:04:49,27.28,-0.03,64,174664,买盘,601026,2025-10-17 22:47:14
10:04:52,27.3,0.02,341,930321,买盘,601026,2025-10-17 22:47:14
10:04:55,27.3,0.0,232,634578,卖盘,601026,2025-10-17 22:47:14
10:04:58,27.31,0.01,215,585680,买盘,601026,2025-10-17 22:47:14
10:05:01,27.31,0.0,319,870917,买盘,601026,2025-10-17 22:47:14
10:05:04,27.31,0.0,235,642034,卖盘,601026,2025-10-17 22:47:14
10:05:07,27.3,-0.01,138,375646,卖盘,601026,2025-10-17 22:47:14
10:05:10,27.3,0.0,120,327893,卖盘,601026,2025-10-17 22:47:14
10:05:13,27.28,-0.02,140,383493,卖盘,601026,2025-10-17 22:47:14
10:05:16,27.29,0.01,95,259342,中性盘,601026,2025-10-17 22:47:14
10:05:19,27.29,0.0,58,158294,卖盘,601026,2025-10-17 22:47:14
10:05:22,27.29,0.0,92,251047,卖盘,601026,2025-10-17 22:47:14
10:05:25,27.29,0.0,104,283793,买盘,601026,2025-10-17 22:47:14
10:05:28,27.29,0.0,188,513056,买盘,601026,2025-10-17 22:47:14
10:05:31,27.28,-0.01,211,575455,卖盘,601026,2025-10-17 22:47:14
10:05:34,27.28,0.0,87,237283,买盘,601026,2025-10-17 22:47:14
10:05:37,27.28,0.0,48,130921,买盘,601026,2025-10-17 22:47:14
10:05:40,27.28,0.0,185,503261,买盘,601026,2025-10-17 22:47:14
10:05:43,27.28,0.0,214,583835,卖盘,601026,2025-10-17 22:47:14
10:05:46,27.28,0.0,198,539816,卖盘,601026,2025-10-17 22:47:14
10:05:49,27.25,-0.03,50,135333,卖盘,601026,2025-10-17 22:47:14
10:05:52,27.24,-0.01,34,92666,卖盘,601026,2025-10-17 22:47:14
10:05:55,27.23,-0.01,35,95376,卖盘,601026,2025-10-17 22:47:14
10:05:58,27.25,0.02,29,79014,中性盘,601026,2025-10-17 22:47:14
10:06:01,27.27,0.02,161,438825,买盘,601026,2025-10-17 22:47:14
10:06:04,27.26,-0.01,340,926761,中性盘,601026,2025-10-17 22:47:14
10:06:07,27.26,0.0,141,384340,卖盘,601026,2025-10-17 22:47:14
10:06:10,27.27,0.01,119,324241,买盘,601026,2025-10-17 22:47:14
10:06:13,27.26,-0.01,169,459461,卖盘,601026,2025-10-17 22:47:14
10:06:16,27.26,0.0,163,445632,卖盘,601026,2025-10-17 22:47:14
10:06:19,27.27,0.01,128,350098,买盘,601026,2025-10-17 22:47:14
10:06:22,27.27,0.0,162,441493,卖盘,601026,2025-10-17 22:47:14
10:06:25,27.26,-0.01,55,149903,卖盘,601026,2025-10-17 22:47:14
10:06:28,27.26,0.0,146,396948,买盘,601026,2025-10-17 22:47:14
10:06:31,27.24,-0.02,45,122629,卖盘,601026,2025-10-17 22:47:14
10:06:34,27.24,0.0,242,658607,卖盘,601026,2025-10-17 22:47:14
10:06:37,27.26,0.02,53,144411,买盘,601026,2025-10-17 22:47:14
10:06:40,27.24,-0.02,96,261578,卖盘,601026,2025-10-17 22:47:14
10:06:43,27.25,0.01,63,170788,买盘,601026,2025-10-17 22:47:14
10:06:46,27.25,0.0,196,534078,买盘,601026,2025-10-17 22:47:14
10:06:49,27.25,0.0,120,326985,买盘,601026,2025-10-17 22:47:14
10:06:52,27.25,0.0,197,536711,卖盘,601026,2025-10-17 22:47:14
10:06:55,27.24,-0.01,192,523281,卖盘,601026,2025-10-17 22:47:14
10:06:58,27.25,0.01,105,286061,买盘,601026,2025-10-17 22:47:14
10:07:01,27.24,-0.01,192,523881,卖盘,601026,2025-10-17 22:47:14
10:07:04,27.23,-0.01,183,498346,卖盘,601026,2025-10-17 22:47:14
10:07:07,27.24,0.01,62,168859,买盘,601026,2025-10-17 22:47:14
10:07:10,27.23,-0.01,102,277772,卖盘,601026,2025-10-17 22:47:14
10:07:13,27.23,0.0,160,435777,卖盘,601026,2025-10-17 22:47:14
10:07:16,27.24,0.01,156,425240,买盘,601026,2025-10-17 22:47:14
10:07:19,27.24,0.0,281,765533,买盘,601026,2025-10-17 22:47:14
10:07:22,27.22,-0.02,79,215883,卖盘,601026,2025-10-17 22:47:14
10:07:25,27.22,0.0,115,311911,买盘,601026,2025-10-17 22:47:14
10:07:28,27.2,-0.02,159,433727,卖盘,601026,2025-10-17 22:47:14
10:07:31,27.2,0.0,188,511118,卖盘,601026,2025-10-17 22:47:14
10:07:34,27.2,0.0,130,353617,卖盘,601026,2025-10-17 22:47:14
10:07:37,27.2,0.0,16,43508,买盘,601026,2025-10-17 22:47:14
10:07:40,27.18,-0.02,72,195709,卖盘,601026,2025-10-17 22:47:14
10:07:43,27.16,-0.02,60,163010,卖盘,601026,2025-10-17 22:47:14
10:07:46,27.16,0.0,52,141291,卖盘,601026,2025-10-17 22:47:14
10:07:49,27.16,0.0,68,184721,卖盘,601026,2025-10-17 22:47:14
10:07:52,27.15,-0.01,100,270202,卖盘,601026,2025-10-17 22:47:14
10:07:55,27.15,0.0,38,103157,卖盘,601026,2025-10-17 22:47:14
10:07:58,27.14,-0.01,46,124858,卖盘,601026,2025-10-17 22:47:14
10:08:01,27.1,-0.04,104,282056,卖盘,601026,2025-10-17 22:47:14
10:08:04,27.13,0.03,143,387661,买盘,601026,2025-10-17 22:47:14
10:08:07,27.1,-0.03,78,211405,卖盘,601026,2025-10-17 22:47:14
10:08:10,27.1,0.0,109,294081,卖盘,601026,2025-10-17 22:47:14
10:08:13,27.1,0.0,135,365825,卖盘,601026,2025-10-17 22:47:14
10:08:16,27.1,0.0,62,168012,买盘,601026,2025-10-17 22:47:14
10:08:19,27.04,-0.06,138,374140,卖盘,601026,2025-10-17 22:47:14
10:08:22,27.03,-0.01,123,331420,卖盘,601026,2025-10-17 22:47:14
10:08:25,27.05,0.02,36,97417,中性盘,601026,2025-10-17 22:47:14
10:08:28,27.04,-0.01,304,822095,中性盘,601026,2025-10-17 22:47:14
10:08:31,27.03,-0.01,61,164833,卖盘,601026,2025-10-17 22:47:14
10:08:34,27.04,0.01,325,877042,买盘,601026,2025-10-17 22:47:14
10:08:37,27.0,-0.04,97,261957,卖盘,601026,2025-10-17 22:47:14
10:08:40,27.0,0.0,125,337554,卖盘,601026,2025-10-17 22:47:14
10:08:43,27.0,0.0,482,1301062,卖盘,601026,2025-10-17 22:47:14
10:08:46,27.0,0.0,295,795185,卖盘,601026,2025-10-17 22:47:14
10:08:49,27.0,0.0,166,448178,买盘,601026,2025-10-17 22:47:14
10:08:52,27.0,0.0,183,493904,买盘,601026,2025-10-17 22:47:14
10:08:55,26.99,-0.01,69,185790,买盘,601026,2025-10-17 22:47:14
10:08:58,26.98,-0.01,144,388970,卖盘,601026,2025-10-17 22:47:14
10:09:01,26.98,0.0,46,124077,买盘,601026,2025-10-17 22:47:14
10:09:04,26.97,-0.01,56,151029,卖盘,601026,2025-10-17 22:47:14
10:09:07,26.95,-0.02,100,270515,卖盘,601026,2025-10-17 22:47:14
10:09:10,26.91,-0.04,124,332936,卖盘,601026,2025-10-17 22:47:14
10:09:13,26.91,0.0,103,276089,买盘,601026,2025-10-17 22:47:14
10:09:16,26.91,0.0,146,393891,买盘,601026,2025-10-17 22:47:14
10:09:19,26.88,-0.03,122,328118,卖盘,601026,2025-10-17 22:47:14
10:09:22,26.88,0.0,104,279527,卖盘,601026,2025-10-17 22:47:14
10:09:25,26.86,-0.02,78,209631,卖盘,601026,2025-10-17 22:47:14
10:09:28,26.86,0.0,88,236342,买盘,601026,2025-10-17 22:47:14
10:09:31,26.85,-0.01,128,344768,中性盘,601026,2025-10-17 22:47:14
10:09:34,26.81,-0.04,113,303352,卖盘,601026,2025-10-17 22:47:14
10:09:37,26.84,0.03,272,730052,买盘,601026,2025-10-17 22:47:14
10:09:40,26.83,-0.01,101,270985,卖盘,601026,2025-10-17 22:47:14
10:09:43,26.81,-0.02,107,287059,卖盘,601026,2025-10-17 22:47:14
10:09:46,26.83,0.02,226,606154,买盘,601026,2025-10-17 22:47:14
10:09:49,26.83,0.0,262,702634,卖盘,601026,2025-10-17 22:47:14
10:09:52,26.84,0.01,306,821151,中性盘,601026,2025-10-17 22:47:14
10:09:55,26.86,0.02,296,794903,买盘,601026,2025-10-17 22:47:14
10:09:58,26.86,0.0,452,1212864,买盘,601026,2025-10-17 22:47:14
10:10:01,26.89,0.03,405,1088157,买盘,601026,2025-10-17 22:47:14
10:10:04,26.89,0.0,344,925115,买盘,601026,2025-10-17 22:47:14
10:10:07,26.9,0.01,255,686258,中性盘,601026,2025-10-17 22:47:14
10:10:10,26.95,0.05,188,506225,买盘,601026,2025-10-17 22:47:14
10:10:13,26.95,0.0,257,692694,买盘,601026,2025-10-17 22:47:14
10:10:16,26.97,0.02,206,553995,买盘,601026,2025-10-17 22:47:14
10:10:19,26.97,0.0,445,1201034,买盘,601026,2025-10-17 22:47:14
10:10:22,27.03,0.06,345,930382,买盘,601026,2025-10-17 22:47:14
10:10:25,27.04,0.01,237,638800,买盘,601026,2025-10-17 22:47:14
10:10:28,27.08,0.04,86,232721,买盘,601026,2025-10-17 22:47:14
10:10:31,27.07,-0.01,129,347932,卖盘,601026,2025-10-17 22:47:14
10:10:34,27.1,0.03,272,736934,买盘,601026,2025-10-17 22:47:14
10:10:37,27.1,0.0,190,514880,卖盘,601026,2025-10-17 22:47:14
10:10:40,27.08,-0.02,885,2389864,卖盘,601026,2025-10-17 22:47:14
10:10:43,27.0,-0.08,438,1182052,中性盘,601026,2025-10-17 22:47:14
10:10:46,27.0,0.0,57,153838,买盘,601026,2025-10-17 22:47:14
10:10:49,27.0,0.0,303,818191,买盘,601026,2025-10-17 22:47:14
10:10:52,27.0,0.0,404,1088798,买盘,601026,2025-10-17 22:47:14
10:10:55,27.0,0.0,120,324352,卖盘,601026,2025-10-17 22:47:14
10:10:58,26.95,-0.05,129,348200,中性盘,601026,2025-10-17 22:47:14
10:11:01,26.99,0.04,359,969069,中性盘,601026,2025-10-17 22:47:14
10:11:04,26.99,0.0,78,210374,买盘,601026,2025-10-17 22:47:14
10:11:07,26.99,0.0,419,1129423,买盘,601026,2025-10-17 22:47:14
10:11:10,26.95,-0.04,183,493004,卖盘,601026,2025-10-17 22:47:14
10:11:13,26.99,0.04,84,226394,买盘,601026,2025-10-17 22:47:14
10:11:16,26.95,-0.04,31,83489,买盘,601026,2025-10-17 22:47:14
10:11:19,26.95,0.0,31,83627,买盘,601026,2025-10-17 22:47:14
10:11:22,26.95,0.0,78,210151,买盘,601026,2025-10-17 22:47:14
10:11:25,26.95,0.0,83,223725,买盘,601026,2025-10-17 22:47:14
10:11:28,26.95,0.0,175,471601,卖盘,601026,2025-10-17 22:47:14
10:11:31,26.94,-0.01,238,639975,卖盘,601026,2025-10-17 22:47:14
10:11:34,26.93,-0.01,311,839282,卖盘,601026,2025-10-17 22:47:14
10:11:37,26.98,0.05,142,382950,买盘,601026,2025-10-17 22:47:14
10:11:40,26.92,-0.06,164,440718,卖盘,601026,2025-10-17 22:47:14
10:11:43,26.96,0.04,375,1011254,买盘,601026,2025-10-17 22:47:14
10:11:46,26.93,-0.03,169,456101,卖盘,601026,2025-10-17 22:47:14
10:11:49,26.95,0.02,99,266865,卖盘,601026,2025-10-17 22:47:14
10:11:52,26.92,-0.03,158,425217,卖盘,601026,2025-10-17 22:47:14
10:11:55,26.9,-0.02,214,575104,卖盘,601026,2025-10-17 22:47:14
10:11:58,26.9,0.0,54,145259,买盘,601026,2025-10-17 22:47:14
10:12:01,26.9,0.0,33,88765,买盘,601026,2025-10-17 22:47:14
10:12:04,26.92,0.02,38,102229,买盘,601026,2025-10-17 22:47:14
10:12:07,26.92,0.0,77,207200,买盘,601026,2025-10-17 22:47:14
10:12:10,26.9,-0.02,151,405782,卖盘,601026,2025-10-17 22:47:14
10:12:13,26.9,0.0,60,161505,卖盘,601026,2025-10-17 22:47:14
10:12:16,26.9,0.0,59,158797,卖盘,601026,2025-10-17 22:47:14
10:12:19,26.92,0.02,95,255642,买盘,601026,2025-10-17 22:47:14
10:12:22,26.93,0.01,456,1226972,买盘,601026,2025-10-17 22:47:14
10:12:25,26.9,-0.03,206,555117,卖盘,601026,2025-10-17 22:47:14
10:12:28,26.92,0.02,180,484631,买盘,601026,2025-10-17 22:47:14
10:12:31,26.9,-0.02,79,212549,卖盘,601026,2025-10-17 22:47:14
10:12:34,26.92,0.02,142,382148,买盘,601026,2025-10-17 22:47:14
10:12:37,26.93,0.01,169,454847,买盘,601026,2025-10-17 22:47:14
10:12:40,26.9,-0.03,116,312475,卖盘,601026,2025-10-17 22:47:14
10:12:43,26.9,0.0,62,166809,买盘,601026,2025-10-17 22:47:14
10:12:46,26.89,-0.01,206,554029,卖盘,601026,2025-10-17 22:47:14
10:12:49,26.91,0.02,205,551061,买盘,601026,2025-10-17 22:47:14
10:12:52,26.9,-0.01,120,321761,中性盘,601026,2025-10-17 22:47:14
10:12:55,26.9,0.0,116,312031,买盘,601026,2025-10-17 22:47:14
10:12:58,26.91,0.01,55,146678,买盘,601026,2025-10-17 22:47:14
10:13:01,26.89,-0.02,100,270064,卖盘,601026,2025-10-17 22:47:14
10:13:04,26.9,0.01,114,306597,买盘,601026,2025-10-17 22:47:14
10:13:07,26.89,-0.01,297,798718,卖盘,601026,2025-10-17 22:47:14
10:13:10,26.9,0.01,185,497626,买盘,601026,2025-10-17 22:47:14
10:13:13,26.89,-0.01,152,408839,卖盘,601026,2025-10-17 22:47:14
10:13:16,26.9,0.01,138,371195,买盘,601026,2025-10-17 22:47:14
10:13:19,26.91,0.01,267,716855,买盘,601026,2025-10-17 22:47:14
10:13:22,26.9,-0.01,179,480443,买盘,601026,2025-10-17 22:47:14
10:13:25,26.88,-0.02,149,400785,卖盘,601026,2025-10-17 22:47:14
10:13:28,26.89,0.01,119,320083,中性盘,601026,2025-10-17 22:47:14
10:13:31,26.89,0.0,95,255553,卖盘,601026,2025-10-17 22:47:14
10:13:34,26.91,0.02,271,729512,买盘,601026,2025-10-17 22:47:14
10:13:37,26.92,0.01,396,1065992,买盘,601026,2025-10-17 22:47:14
10:13:40,26.93,0.01,63,169609,买盘,601026,2025-10-17 22:47:14
10:13:43,26.93,0.0,124,333879,买盘,601026,2025-10-17 22:47:14
10:13:46,26.93,0.0,723,1950235,买盘,601026,2025-10-17 22:47:14
10:13:49,26.94,0.01,604,1628831,卖盘,601026,2025-10-17 22:47:14
10:13:52,26.94,0.0,165,443203,买盘,601026,2025-10-17 22:47:14
10:13:55,26.94,0.0,116,311247,买盘,601026,2025-10-17 22:47:14
10:13:58,26.97,0.03,55,147619,中性盘,601026,2025-10-17 22:47:14
10:14:01,26.99,0.02,208,560485,买盘,601026,2025-10-17 22:47:14
10:14:04,26.99,0.0,92,249095,买盘,601026,2025-10-17 22:47:14
10:14:07,27.0,0.01,400,1078660,买盘,601026,2025-10-17 22:47:14
10:14:10,27.0,0.0,145,391654,卖盘,601026,2025-10-17 22:47:14
10:14:13,27.02,0.02,183,494209,买盘,601026,2025-10-17 22:47:14
10:14:16,27.04,0.02,139,376099,买盘,601026,2025-10-17 22:47:14
10:14:19,27.05,0.01,120,324561,买盘,601026,2025-10-17 22:47:14
10:14:22,27.06,0.01,533,1443016,买盘,601026,2025-10-17 22:47:14
10:14:25,27.1,0.04,73,197855,买盘,601026,2025-10-17 22:47:14
10:14:28,27.11,0.01,128,346946,买盘,601026,2025-10-17 22:47:14
10:14:31,27.15,0.04,196,531068,买盘,601026,2025-10-17 22:47:14
10:14:34,27.15,0.0,62,168307,买盘,601026,2025-10-17 22:47:14
10:14:37,27.19,0.04,194,527117,买盘,601026,2025-10-17 22:47:14
10:14:40,27.19,0.0,184,500426,买盘,601026,2025-10-17 22:47:14
10:14:43,27.2,0.01,357,972591,买盘,601026,2025-10-17 22:47:14
10:14:46,27.23,0.03,91,246567,买盘,601026,2025-10-17 22:47:14
10:14:49,27.24,0.01,187,509400,买盘,601026,2025-10-17 22:47:14
10:14:52,27.25,0.01,393,1070551,买盘,601026,2025-10-17 22:47:14
10:14:55,27.27,0.02,106,287863,买盘,601026,2025-10-17 22:47:14
10:14:58,27.28,0.01,168,458051,买盘,601026,2025-10-17 22:47:14
10:15:01,27.27,-0.01,197,536103,卖盘,601026,2025-10-17 22:47:14
10:15:04,27.29,0.02,218,595883,买盘,601026,2025-10-17 22:47:14
10:15:07,27.29,0.0,362,988039,买盘,601026,2025-10-17 22:47:14
10:15:10,27.31,0.02,194,528943,买盘,601026,2025-10-17 22:47:14
10:15:13,27.3,-0.01,105,286721,卖盘,601026,2025-10-17 22:47:14
10:15:16,27.34,0.04,115,313308,买盘,601026,2025-10-17 22:47:14
10:15:19,27.36,0.02,114,310658,买盘,601026,2025-10-17 22:47:14
10:15:22,27.41,0.05,180,493276,买盘,601026,2025-10-17 22:47:14
10:15:25,27.42,0.01,73,200088,买盘,601026,2025-10-17 22:47:14
10:15:28,27.48,0.06,202,554251,买盘,601026,2025-10-17 22:47:14
10:15:31,27.48,0.0,128,352937,买盘,601026,2025-10-17 22:47:14
10:15:34,27.5,0.02,260,714219,买盘,601026,2025-10-17 22:47:14
10:15:37,27.63,0.13,736,2025289,买盘,601026,2025-10-17 22:47:14
10:15:40,27.55,-0.08,127,352294,卖盘,601026,2025-10-17 22:47:14
10:15:43,27.63,0.08,103,285916,买盘,601026,2025-10-17 22:47:14
10:15:46,27.6,-0.03,156,431476,卖盘,601026,2025-10-17 22:47:14
10:15:49,27.74,0.14,103,284997,买盘,601026,2025-10-17 22:47:14
10:15:52,27.77,0.03,73,202582,买盘,601026,2025-10-17 22:47:14
10:15:55,27.78,0.01,65,180244,买盘,601026,2025-10-17 22:47:14
10:15:58,27.8,0.02,416,1155252,买盘,601026,2025-10-17 22:47:14
10:16:01,27.83,0.03,319,887804,买盘,601026,2025-10-17 22:47:14
10:16:04,27.84,0.01,233,649337,卖盘,601026,2025-10-17 22:47:14
10:16:07,27.9,0.06,158,441180,买盘,601026,2025-10-17 22:47:14
10:16:11,27.96,0.06,207,578137,买盘,601026,2025-10-17 22:47:14
10:16:13,27.97,0.01,334,932880,买盘,601026,2025-10-17 22:47:14
10:16:16,27.98,0.01,147,410255,买盘,601026,2025-10-17 22:47:14
10:16:19,28.0,0.02,129,360005,买盘,601026,2025-10-17 22:47:14
10:16:22,28.0,0.0,580,1623944,买盘,601026,2025-10-17 22:47:14
10:16:25,28.0,0.0,814,2278017,买盘,601026,2025-10-17 22:47:14
10:16:28,28.0,0.0,650,1819536,买盘,601026,2025-10-17 22:47:14
10:16:31,28.0,0.0,190,532204,卖盘,601026,2025-10-17 22:47:14
10:16:34,28.02,0.02,177,497131,中性盘,601026,2025-10-17 22:47:14
10:16:37,28.07,0.05,157,440531,买盘,601026,2025-10-17 22:47:14
10:16:40,28.08,0.01,146,410466,买盘,601026,2025-10-17 22:47:14
10:16:43,28.11,0.03,122,342685,买盘,601026,2025-10-17 22:47:14
10:16:46,28.11,0.0,108,303547,买盘,601026,2025-10-17 22:47:14
10:16:49,28.11,0.0,146,410695,卖盘,601026,2025-10-17 22:47:14
10:16:52,28.19,0.08,201,564753,买盘,601026,2025-10-17 22:47:14
10:16:55,28.18,-0.01,54,152196,卖盘,601026,2025-10-17 22:47:14
10:16:58,28.25,0.07,60,169399,买盘,601026,2025-10-17 22:47:14
10:17:01,28.26,0.01,184,519929,买盘,601026,2025-10-17 22:47:14
10:17:04,28.27,0.01,142,401466,买盘,601026,2025-10-17 22:47:14
10:17:07,28.3,0.03,180,509241,买盘,601026,2025-10-17 22:47:14
10:17:10,28.33,0.03,100,282965,买盘,601026,2025-10-17 22:47:14
10:17:13,28.35,0.02,91,257864,买盘,601026,2025-10-17 22:47:14
10:17:16,28.36,0.01,90,255167,买盘,601026,2025-10-17 22:47:14
10:17:19,28.4,0.04,105,296611,买盘,601026,2025-10-17 22:47:14
10:17:22,28.42,0.02,87,247122,买盘,601026,2025-10-17 22:47:14
10:17:25,28.45,0.03,101,287898,中性盘,601026,2025-10-17 22:47:14
10:17:28,28.38,-0.07,653,1856028,卖盘,601026,2025-10-17 22:47:14
10:17:31,28.49,0.11,517,1471267,买盘,601026,2025-10-17 22:47:14
10:17:34,28.5,0.01,263,748054,买盘,601026,2025-10-17 22:47:14
10:17:37,28.51,0.01,167,475234,买盘,601026,2025-10-17 22:47:14
10:17:40,28.5,-0.01,162,461815,卖盘,601026,2025-10-17 22:47:14
10:17:43,28.47,-0.03,430,1223872,卖盘,601026,2025-10-17 22:47:14
10:17:46,28.47,0.0,242,689919,买盘,601026,2025-10-17 22:47:14
10:17:49,28.35,-0.12,123,349802,卖盘,601026,2025-10-17 22:47:14
10:17:52,28.33,-0.02,126,357284,卖盘,601026,2025-10-17 22:47:14
10:17:55,28.35,0.02,207,586209,中性盘,601026,2025-10-17 22:47:14
10:17:58,28.3,-0.05,114,322493,中性盘,601026,2025-10-17 22:47:14
10:18:01,28.27,-0.03,132,373199,卖盘,601026,2025-10-17 22:47:14
10:18:04,28.21,-0.06,219,619884,卖盘,601026,2025-10-17 22:47:14
10:18:07,28.18,-0.03,34,95849,卖盘,601026,2025-10-17 22:47:14
10:18:10,28.12,-0.06,67,190146,卖盘,601026,2025-10-17 22:47:14
10:18:13,28.09,-0.03,60,168741,卖盘,601026,2025-10-17 22:47:14
10:18:16,28.01,-0.08,114,320079,卖盘,601026,2025-10-17 22:47:14
10:18:19,28.01,0.0,66,184931,卖盘,601026,2025-10-17 22:47:14
10:18:22,28.0,-0.01,60,168471,卖盘,601026,2025-10-17 22:47:14
10:18:25,27.99,-0.01,34,95150,卖盘,601026,2025-10-17 22:47:14
10:18:28,27.97,-0.02,55,153247,卖盘,601026,2025-10-17 22:47:14
10:18:31,27.87,-0.1,61,170303,卖盘,601026,2025-10-17 22:47:14
10:18:34,27.86,-0.01,70,195009,卖盘,601026,2025-10-17 22:47:14
10:18:37,27.79,-0.07,64,178191,卖盘,601026,2025-10-17 22:47:14
10:18:40,27.7,-0.09,120,334164,卖盘,601026,2025-10-17 22:47:14
10:18:43,27.7,0.0,93,257087,买盘,601026,2025-10-17 22:47:14
10:18:46,27.6,-0.1,54,149250,卖盘,601026,2025-10-17 22:47:14
10:18:49,27.55,-0.05,36,99269,卖盘,601026,2025-10-17 22:47:14
10:18:52,27.49,-0.06,26,71474,卖盘,601026,2025-10-17 22:47:14
10:18:55,27.44,-0.05,28,76795,卖盘,601026,2025-10-17 22:47:14
10:18:58,27.4,-0.04,44,120728,卖盘,601026,2025-10-17 22:47:14
10:19:01,27.4,0.0,146,400311,卖盘,601026,2025-10-17 22:47:14
10:19:04,27.37,-0.03,120,329873,卖盘,601026,2025-10-17 22:47:14
10:19:07,27.33,-0.04,181,495760,卖盘,601026,2025-10-17 22:47:14
10:19:10,27.3,-0.03,41,111287,卖盘,601026,2025-10-17 22:47:14
10:19:13,27.28,-0.02,43,117310,卖盘,601026,2025-10-17 22:47:14
10:19:16,27.27,-0.01,169,460889,中性盘,601026,2025-10-17 22:47:14
10:19:19,27.17,-0.1,75,203961,卖盘,601026,2025-10-17 22:47:14
10:19:22,27.16,-0.01,64,173891,卖盘,601026,2025-10-17 22:47:14
10:19:25,27.1,-0.06,79,215452,卖盘,601026,2025-10-17 22:47:14
10:19:28,27.17,0.07,131,355073,买盘,601026,2025-10-17 22:47:14
10:19:31,27.2,0.03,134,364489,买盘,601026,2025-10-17 22:47:14
10:19:34,27.23,0.03,133,361980,买盘,601026,2025-10-17 22:47:14
10:19:37,27.25,0.02,183,497391,买盘,601026,2025-10-17 22:47:14
10:19:40,27.28,0.03,109,297329,买盘,601026,2025-10-17 22:47:14
10:19:43,27.28,0.0,308,840356,卖盘,601026,2025-10-17 22:47:14
10:19:46,27.41,0.13,85,232410,中性盘,601026,2025-10-17 22:47:14
10:19:49,27.44,0.03,39,107787,买盘,601026,2025-10-17 22:47:14
10:19:52,27.5,0.06,158,433768,买盘,601026,2025-10-17 22:47:14
10:19:55,27.5,0.0,142,390754,卖盘,601026,2025-10-17 22:47:14
10:19:58,27.64,0.14,78,215561,买盘,601026,2025-10-17 22:47:14
10:20:01,27.69,0.05,90,249044,买盘,601026,2025-10-17 22:47:14
10:20:04,27.64,-0.05,242,669616,卖盘,601026,2025-10-17 22:47:14
10:20:07,27.73,0.09,332,918603,买盘,601026,2025-10-17 22:47:14
10:20:10,27.73,0.0,32,88763,卖盘,601026,2025-10-17 22:47:14
10:20:13,27.77,0.04,83,230491,买盘,601026,2025-10-17 22:47:14
10:20:16,27.79,0.02,63,174984,买盘,601026,2025-10-17 22:47:14
10:20:19,27.8,0.01,97,269623,买盘,601026,2025-10-17 22:47:14
10:20:22,27.81,0.01,86,239282,中性盘,601026,2025-10-17 22:47:14
10:20:25,27.86,0.05,93,259134,买盘,601026,2025-10-17 22:47:14
10:20:28,27.88,0.02,37,103102,买盘,601026,2025-10-17 22:47:14
10:20:31,27.88,0.0,133,372095,卖盘,601026,2025-10-17 22:47:14
10:20:34,27.91,0.03,25,69745,买盘,601026,2025-10-17 22:47:14
10:20:37,27.92,0.01,51,143490,买盘,601026,2025-10-17 22:47:14
10:20:40,27.95,0.03,46,127799,买盘,601026,2025-10-17 22:47:14
10:20:43,27.97,0.02,35,97851,买盘,601026,2025-10-17 22:47:14
10:20:46,27.98,0.01,305,852558,买盘,601026,2025-10-17 22:47:14
10:20:49,28.0,0.02,68,190339,买盘,601026,2025-10-17 22:47:14
10:20:52,28.0,0.0,443,1240377,买盘,601026,2025-10-17 22:47:14
10:20:55,28.01,0.01,120,336033,买盘,601026,2025-10-17 22:47:14
10:20:58,28.1,0.09,201,564020,买盘,601026,2025-10-17 22:47:14
10:21:01,28.1,0.0,105,294228,买盘,601026,2025-10-17 22:47:14
10:21:04,28.12,0.02,127,356866,买盘,601026,2025-10-17 22:47:14
10:21:07,28.17,0.05,50,141036,买盘,601026,2025-10-17 22:47:14
10:21:10,28.18,0.01,112,314672,买盘,601026,2025-10-17 22:47:14
10:21:13,28.21,0.03,207,582364,买盘,601026,2025-10-17 22:47:14
10:21:16,28.25,0.04,94,264246,买盘,601026,2025-10-17 22:47:14
10:21:19,28.26,0.01,46,130664,买盘,601026,2025-10-17 22:47:14
10:21:22,28.27,0.01,126,356178,买盘,601026,2025-10-17 22:47:14
10:21:25,28.29,0.02,97,274303,买盘,601026,2025-10-17 22:47:14
10:21:28,28.33,0.04,210,594273,买盘,601026,2025-10-17 22:47:14
10:21:31,28.33,0.0,60,169930,买盘,601026,2025-10-17 22:47:14
10:21:34,28.39,0.06,131,372355,买盘,601026,2025-10-17 22:47:14
10:21:37,28.38,-0.01,73,205892,卖盘,601026,2025-10-17 22:47:14
10:21:40,28.41,0.03,91,258434,买盘,601026,2025-10-17 22:47:14
10:21:43,28.45,0.04,87,247262,买盘,601026,2025-10-17 22:47:14
10:21:46,28.47,0.02,411,1169210,买盘,601026,2025-10-17 22:47:14
10:21:49,28.47,0.0,144,409224,买盘,601026,2025-10-17 22:47:14
10:21:52,28.48,0.01,165,469908,中性盘,601026,2025-10-17 22:47:14
10:21:55,28.5,0.02,171,487205,买盘,601026,2025-10-17 22:47:14
10:21:58,28.49,-0.01,262,746614,卖盘,601026,2025-10-17 22:47:14
10:22:01,28.5,0.01,952,2713133,买盘,601026,2025-10-17 22:47:14
10:22:04,28.5,0.0,251,715497,买盘,601026,2025-10-17 22:47:14
10:22:07,28.4,-0.1,612,1743923,卖盘,601026,2025-10-17 22:47:14
10:22:10,28.49,0.09,238,678476,买盘,601026,2025-10-17 22:47:14
10:22:13,28.54,0.05,239,681946,买盘,601026,2025-10-17 22:47:14
10:22:16,28.5,-0.04,244,695508,卖盘,601026,2025-10-17 22:47:14
10:22:19,28.49,-0.01,38,108131,中性盘,601026,2025-10-17 22:47:14
10:22:22,28.41,-0.08,108,307431,卖盘,601026,2025-10-17 22:47:14
10:22:25,28.38,-0.03,172,488701,卖盘,601026,2025-10-17 22:47:14
10:22:28,28.38,0.0,28,79439,买盘,601026,2025-10-17 22:47:14
10:22:31,28.35,-0.03,135,381695,卖盘,601026,2025-10-17 22:47:14
10:22:34,28.34,-0.01,40,113281,中性盘,601026,2025-10-17 22:47:14
10:22:37,28.29,-0.05,76,215135,卖盘,601026,2025-10-17 22:47:14
10:22:40,28.22,-0.07,66,187736,卖盘,601026,2025-10-17 22:47:14
10:22:43,28.2,-0.02,58,163535,卖盘,601026,2025-10-17 22:47:14
10:22:46,28.19,-0.01,37,103995,中性盘,601026,2025-10-17 22:47:14
10:22:49,28.0,-0.19,39,108199,卖盘,601026,2025-10-17 22:47:14
10:22:52,27.99,-0.01,388,1087559,卖盘,601026,2025-10-17 22:47:14
10:22:55,27.98,-0.01,93,260381,卖盘,601026,2025-10-17 22:47:14
10:22:58,27.99,0.01,16,44767,买盘,601026,2025-10-17 22:47:14
10:23:01,27.96,-0.03,72,201419,卖盘,601026,2025-10-17 22:47:14
10:23:04,27.95,-0.01,26,72702,卖盘,601026,2025-10-17 22:47:14
10:23:07,27.97,0.02,25,69870,买盘,601026,2025-10-17 22:47:14
10:23:10,27.91,-0.06,74,206786,卖盘,601026,2025-10-17 22:47:14
10:23:13,27.9,-0.01,35,97657,卖盘,601026,2025-10-17 22:47:14
10:23:16,27.91,0.01,81,226006,买盘,601026,2025-10-17 22:47:14
10:23:19,27.8,-0.11,71,197463,卖盘,601026,2025-10-17 22:47:14
10:23:22,27.8,0.0,29,80617,买盘,601026,2025-10-17 22:47:14
10:23:25,27.8,0.0,28,78205,买盘,601026,2025-10-17 22:47:14
10:23:28,27.8,0.0,61,169216,卖盘,601026,2025-10-17 22:47:14
10:23:31,27.8,0.0,33,91727,卖盘,601026,2025-10-17 22:47:14
10:23:34,27.8,0.0,48,133415,买盘,601026,2025-10-17 22:47:14
10:23:37,27.8,0.0,132,365569,买盘,601026,2025-10-17 22:47:14
10:23:40,27.78,-0.02,120,334898,卖盘,601026,2025-10-17 22:47:14
10:23:43,27.8,0.02,87,241039,买盘,601026,2025-10-17 22:47:14
10:23:46,27.8,0.0,112,310457,卖盘,601026,2025-10-17 22:47:14
10:23:49,27.8,0.0,78,217127,卖盘,601026,2025-10-17 22:47:14
10:23:52,27.8,0.0,82,228186,卖盘,601026,2025-10-17 22:47:14
10:23:55,27.82,0.02,80,223312,中性盘,601026,2025-10-17 22:47:14
10:23:58,27.85,0.03,167,465741,买盘,601026,2025-10-17 22:47:14
10:24:01,27.9,0.05,87,242623,买盘,601026,2025-10-17 22:47:14
10:24:04,27.96,0.06,123,343505,买盘,601026,2025-10-17 22:47:14
10:24:07,28.0,0.04,388,1085210,买盘,601026,2025-10-17 22:47:14
10:24:10,28.01,0.01,28,78410,买盘,601026,2025-10-17 22:47:14
10:24:13,28.07,0.06,59,165583,买盘,601026,2025-10-17 22:47:14
10:24:16,28.1,0.03,238,668029,买盘,601026,2025-10-17 22:47:14
10:24:19,28.2,0.1,134,377622,买盘,601026,2025-10-17 22:47:14
10:24:22,28.2,0.0,135,379761,买盘,601026,2025-10-17 22:47:14
10:24:25,28.23,0.03,141,397452,中性盘,601026,2025-10-17 22:47:14
10:24:28,28.29,0.06,249,703126,买盘,601026,2025-10-17 22:47:14
10:24:31,28.34,0.05,110,310318,买盘,601026,2025-10-17 22:47:14
10:24:34,28.31,-0.03,421,1192957,卖盘,601026,2025-10-17 22:47:14
10:24:37,28.25,-0.06,178,503245,卖盘,601026,2025-10-17 22:47:14
10:24:40,28.31,0.06,212,599645,买盘,601026,2025-10-17 22:47:14
10:24:43,28.31,0.0,116,329140,卖盘,601026,2025-10-17 22:47:14
10:24:46,28.3,-0.01,145,409556,卖盘,601026,2025-10-17 22:47:14
10:24:49,28.3,0.0,182,514870,买盘,601026,2025-10-17 22:47:14
10:24:52,28.31,0.01,175,495312,买盘,601026,2025-10-17 22:47:14
10:24:55,28.31,0.0,116,328308,买盘,601026,2025-10-17 22:47:14
10:24:58,28.3,-0.01,222,628375,卖盘,601026,2025-10-17 22:47:14
10:25:01,28.3,0.0,168,475535,买盘,601026,2025-10-17 22:47:14
10:25:04,28.22,-0.08,121,342215,买盘,601026,2025-10-17 22:47:14
10:25:07,28.25,0.03,44,123473,中性盘,601026,2025-10-17 22:47:14
10:25:10,28.22,-0.03,37,105075,卖盘,601026,2025-10-17 22:47:14
10:25:13,28.22,0.0,88,248627,卖盘,601026,2025-10-17 22:47:14
10:25:16,28.25,0.03,114,321790,买盘,601026,2025-10-17 22:47:14
10:25:19,28.25,0.0,185,521807,买盘,601026,2025-10-17 22:47:14
10:25:22,28.26,0.01,75,211854,买盘,601026,2025-10-17 22:47:14
10:25:25,28.25,-0.01,137,387164,卖盘,601026,2025-10-17 22:47:14
10:25:28,28.25,0.0,80,225961,买盘,601026,2025-10-17 22:47:14
10:25:31,28.22,-0.03,100,282640,买盘,601026,2025-10-17 22:47:14
10:25:34,28.2,-0.02,66,186575,卖盘,601026,2025-10-17 22:47:14
10:25:37,28.18,-0.02,123,346138,卖盘,601026,2025-10-17 22:47:14
10:25:40,28.1,-0.08,35,98553,卖盘,601026,2025-10-17 22:47:14
10:25:43,28.09,-0.01,39,109665,卖盘,601026,2025-10-17 22:47:14
10:25:46,28.09,0.0,20,56212,买盘,601026,2025-10-17 22:47:14
10:25:49,28.09,0.0,59,165692,卖盘,601026,2025-10-17 22:47:14
10:25:52,28.09,0.0,123,344633,卖盘,601026,2025-10-17 22:47:14
10:25:55,28.01,-0.08,77,216195,卖盘,601026,2025-10-17 22:47:14
10:25:58,28.07,0.06,40,112124,买盘,601026,2025-10-17 22:47:14
10:26:01,28.07,0.0,62,173974,买盘,601026,2025-10-17 22:47:14
10:26:04,28.07,0.0,88,246824,卖盘,601026,2025-10-17 22:47:14
10:26:07,28.07,0.0,106,297470,卖盘,601026,2025-10-17 22:47:14
10:26:10,28.05,-0.02,69,193646,卖盘,601026,2025-10-17 22:47:14
10:26:13,28.01,-0.04,71,199793,卖盘,601026,2025-10-17 22:47:14
10:26:16,28.0,-0.01,64,179228,卖盘,601026,2025-10-17 22:47:14
10:26:19,28.0,0.0,46,128814,卖盘,601026,2025-10-17 22:47:14
10:26:22,28.0,0.0,83,233465,卖盘,601026,2025-10-17 22:47:14
10:26:25,28.0,0.0,30,83949,买盘,601026,2025-10-17 22:47:14
10:26:28,27.95,-0.05,30,83901,卖盘,601026,2025-10-17 22:47:14
10:26:31,27.95,0.0,49,137518,买盘,601026,2025-10-17 22:47:14
10:26:34,27.9,-0.05,36,100524,卖盘,601026,2025-10-17 22:47:14
10:26:37,27.93,0.03,29,80950,买盘,601026,2025-10-17 22:47:14
10:26:40,27.88,-0.05,40,111592,卖盘,601026,2025-10-17 22:47:14
10:26:43,27.93,0.05,101,282120,买盘,601026,2025-10-17 22:47:14
10:26:46,27.95,0.02,41,114528,买盘,601026,2025-10-17 22:47:14
10:26:49,27.95,0.0,35,97751,买盘,601026,2025-10-17 22:47:14
10:26:52,27.91,-0.04,35,97756,卖盘,601026,2025-10-17 22:47:14
10:26:55,27.94,0.03,83,231766,买盘,601026,2025-10-17 22:47:14
10:26:58,27.91,-0.03,83,231780,卖盘,601026,2025-10-17 22:47:14
10:27:01,27.9,-0.01,46,129678,卖盘,601026,2025-10-17 22:47:14
10:27:04,27.89,-0.01,74,205746,卖盘,601026,2025-10-17 22:47:14
10:27:07,27.9,0.01,35,98295,买盘,601026,2025-10-17 22:47:14
10:27:10,27.89,-0.01,41,114365,卖盘,601026,2025-10-17 22:47:14
10:27:13,27.89,0.0,30,83649,买盘,601026,2025-10-17 22:47:14
10:27:16,27.89,0.0,63,175680,买盘,601026,2025-10-17 22:47:14
10:27:19,27.88,-0.01,91,254294,卖盘,601026,2025-10-17 22:47:14
10:27:22,27.86,-0.02,58,161616,卖盘,601026,2025-10-17 22:47:14
10:27:25,27.83,-0.03,30,83523,卖盘,601026,2025-10-17 22:47:14
10:27:28,27.87,0.04,54,150390,买盘,601026,2025-10-17 22:47:14
10:27:31,27.83,-0.04,86,238554,中性盘,601026,2025-10-17 22:47:14
10:27:34,27.82,-0.01,37,102890,中性盘,601026,2025-10-17 22:47:14
10:27:37,27.81,-0.01,272,755363,中性盘,601026,2025-10-17 22:47:14
10:27:40,27.8,-0.01,89,247435,中性盘,601026,2025-10-17 22:47:14
10:27:43,27.77,-0.03,29,80559,卖盘,601026,2025-10-17 22:47:14
10:27:46,27.77,0.0,20,55467,卖盘,601026,2025-10-17 22:47:14
10:27:49,27.8,0.03,197,548187,买盘,601026,2025-10-17 22:47:14
10:27:52,27.81,0.01,162,450399,买盘,601026,2025-10-17 22:47:14
10:27:55,27.81,0.0,201,559475,买盘,601026,2025-10-17 22:47:14
10:27:58,27.85,0.04,122,339676,买盘,601026,2025-10-17 22:47:14
10:28:01,27.87,0.02,250,697058,中性盘,601026,2025-10-17 22:47:14
10:28:04,27.91,0.04,127,354514,买盘,601026,2025-10-17 22:47:14
10:28:07,27.93,0.02,56,157202,买盘,601026,2025-10-17 22:47:14
10:28:10,27.95,0.02,32,89389,买盘,601026,2025-10-17 22:47:14
10:28:13,27.95,0.0,40,111795,买盘,601026,2025-10-17 22:47:14
10:28:16,28.0,0.05,162,452466,买盘,601026,2025-10-17 22:47:14
10:28:19,28.0,0.0,213,596652,买盘,601026,2025-10-17 22:47:14
10:28:22,28.0,0.0,214,598321,买盘,601026,2025-10-17 22:47:14
10:28:25,28.0,0.0,91,253801,卖盘,601026,2025-10-17 22:47:14
10:28:28,28.07,0.07,87,243994,买盘,601026,2025-10-17 22:47:14
10:28:31,28.03,-0.04,200,559485,卖盘,601026,2025-10-17 22:47:14
10:28:34,28.03,0.0,299,837788,买盘,601026,2025-10-17 22:47:14
10:28:37,28.02,-0.01,39,109265,中性盘,601026,2025-10-17 22:47:14
10:28:40,28.07,0.05,112,314145,买盘,601026,2025-10-17 22:47:14
10:28:43,28.08,0.01,67,188518,买盘,601026,2025-10-17 22:47:14
10:28:46,28.07,-0.01,34,95387,卖盘,601026,2025-10-17 22:47:14
10:28:49,28.04,-0.03,333,934153,中性盘,601026,2025-10-17 22:47:14
10:28:52,28.0,-0.04,62,175041,卖盘,601026,2025-10-17 22:47:14
10:28:55,28.04,0.04,48,134628,中性盘,601026,2025-10-17 22:47:14
10:28:58,28.04,0.0,76,211819,买盘,601026,2025-10-17 22:47:14
10:29:01,28.04,0.0,65,182207,买盘,601026,2025-10-17 22:47:14
10:29:04,28.04,0.0,82,228769,卖盘,601026,2025-10-17 22:47:14
10:29:07,28.05,0.01,34,95350,买盘,601026,2025-10-17 22:47:14
10:29:10,28.05,0.0,50,140246,卖盘,601026,2025-10-17 22:47:14
10:29:13,28.05,0.0,74,207613,卖盘,601026,2025-10-17 22:47:14
10:29:16,28.05,0.0,49,137437,买盘,601026,2025-10-17 22:47:14
10:29:19,28.05,0.0,66,185113,买盘,601026,2025-10-17 22:47:14
10:29:22,28.05,0.0,26,72927,卖盘,601026,2025-10-17 22:47:14
10:29:25,28.04,-0.01,63,176697,卖盘,601026,2025-10-17 22:47:14
10:29:28,28.04,0.0,41,114987,中性盘,601026,2025-10-17 22:47:14
10:29:31,28.01,-0.03,99,277589,卖盘,601026,2025-10-17 22:47:14
10:29:34,28.0,-0.01,85,236776,卖盘,601026,2025-10-17 22:47:14
10:29:37,28.0,0.0,38,106448,卖盘,601026,2025-10-17 22:47:14
10:29:40,28.01,0.01,97,272957,卖盘,601026,2025-10-17 22:47:14
10:29:43,28.04,0.03,315,882258,买盘,601026,2025-10-17 22:47:14
10:29:46,28.01,-0.03,52,145620,买盘,601026,2025-10-17 22:47:14
10:29:49,28.0,-0.01,41,114764,中性盘,601026,2025-10-17 22:47:14
10:29:52,28.0,0.0,72,200403,卖盘,601026,2025-10-17 22:47:14
10:29:55,28.0,0.0,89,250386,卖盘,601026,2025-10-17 22:47:14
10:29:58,28.0,0.0,45,125986,买盘,601026,2025-10-17 22:47:14
10:30:01,28.0,0.0,38,106325,买盘,601026,2025-10-17 22:47:14
10:30:04,27.94,-0.06,83,232321,卖盘,601026,2025-10-17 22:47:14
10:30:07,28.0,0.06,27,75549,买盘,601026,2025-10-17 22:47:14
10:30:10,28.0,0.0,50,139634,买盘,601026,2025-10-17 22:47:14
10:30:13,28.0,0.0,93,258571,买盘,601026,2025-10-17 22:47:14
10:30:16,27.91,-0.09,31,85636,卖盘,601026,2025-10-17 22:47:14
10:30:19,27.94,0.03,16,44659,买盘,601026,2025-10-17 22:47:14
10:30:22,27.91,-0.03,30,83747,买盘,601026,2025-10-17 22:47:14
10:30:25,27.91,0.0,40,111630,卖盘,601026,2025-10-17 22:47:14
10:30:28,27.9,-0.01,57,160023,卖盘,601026,2025-10-17 22:47:14
10:30:31,27.92,0.02,74,207815,卖盘,601026,2025-10-17 22:47:14
10:30:34,27.91,-0.01,95,266086,卖盘,601026,2025-10-17 22:47:14
10:30:37,27.92,0.01,24,67009,中性盘,601026,2025-10-17 22:47:14
10:30:40,27.92,0.0,63,176223,买盘,601026,2025-10-17 22:47:14
10:30:43,27.91,-0.01,79,221185,卖盘,601026,2025-10-17 22:47:14
10:30:46,27.92,0.01,85,237654,卖盘,601026,2025-10-17 22:47:14
10:30:49,27.92,0.0,12,33513,卖盘,601026,2025-10-17 22:47:14
10:30:52,27.98,0.06,64,178845,买盘,601026,2025-10-17 22:47:14
10:30:55,27.92,-0.06,40,111774,卖盘,601026,2025-10-17 22:47:14
10:30:58,27.97,0.05,50,139625,买盘,601026,2025-10-17 22:47:14
10:31:01,27.91,-0.06,26,71553,卖盘,601026,2025-10-17 22:47:14
10:31:04,27.91,0.0,34,94913,卖盘,601026,2025-10-17 22:47:14
10:31:07,27.91,0.0,25,68820,卖盘,601026,2025-10-17 22:47:14
10:31:10,27.92,0.01,77,216111,卖盘,601026,2025-10-17 22:47:14
10:31:13,27.92,0.0,27,75385,卖盘,601026,2025-10-17 22:47:14
10:31:16,27.92,0.0,37,103330,卖盘,601026,2025-10-17 22:47:14
10:31:19,27.92,0.0,56,155294,卖盘,601026,2025-10-17 22:47:14
10:31:22,27.92,0.0,22,61452,卖盘,601026,2025-10-17 22:47:14
10:31:25,27.95,0.03,85,238505,中性盘,601026,2025-10-17 22:47:14
10:31:28,27.92,-0.03,18,50292,卖盘,601026,2025-10-17 22:47:14
10:31:31,27.95,0.03,58,160868,买盘,601026,2025-10-17 22:47:14
10:31:34,27.94,-0.01,35,97785,中性盘,601026,2025-10-17 22:47:14
10:31:37,27.93,-0.01,57,159315,卖盘,601026,2025-10-17 22:47:14
10:31:40,27.93,0.0,34,94969,卖盘,601026,2025-10-17 22:47:14
10:31:43,27.92,-0.01,74,206506,卖盘,601026,2025-10-17 22:47:14
10:31:46,27.93,0.01,61,170330,买盘,601026,2025-10-17 22:47:14
10:31:49,27.93,0.0,52,145218,买盘,601026,2025-10-17 22:47:14
10:31:52,27.92,-0.01,20,55841,卖盘,601026,2025-10-17 22:47:14
10:31:55,27.93,0.01,38,106116,买盘,601026,2025-10-17 22:47:14
10:31:58,27.93,0.0,51,142427,买盘,601026,2025-10-17 22:47:14
10:32:01,27.93,0.0,39,108920,卖盘,601026,2025-10-17 22:47:14
10:32:04,27.93,0.0,19,53056,卖盘,601026,2025-10-17 22:47:14
10:32:07,27.93,0.0,43,120094,买盘,601026,2025-10-17 22:47:14
10:32:10,27.93,0.0,266,743028,买盘,601026,2025-10-17 22:47:14
10:32:13,27.93,0.0,35,97746,卖盘,601026,2025-10-17 22:47:14
10:32:16,27.93,0.0,39,108938,卖盘,601026,2025-10-17 22:47:14
10:32:19,27.93,0.0,118,331121,卖盘,601026,2025-10-17 22:47:14
10:32:22,27.95,0.02,41,114533,买盘,601026,2025-10-17 22:47:14
10:32:25,27.93,-0.02,86,239746,卖盘,601026,2025-10-17 22:47:14
10:32:28,27.94,0.01,47,131277,中性盘,601026,2025-10-17 22:47:14
10:32:31,27.91,-0.03,99,276407,卖盘,601026,2025-10-17 22:47:14
10:32:34,27.95,0.04,234,652204,买盘,601026,2025-10-17 22:47:14
10:32:37,27.91,-0.04,108,301622,卖盘,601026,2025-10-17 22:47:14
10:32:40,27.95,0.04,30,83795,买盘,601026,2025-10-17 22:47:14
10:32:43,27.95,0.0,80,222425,卖盘,601026,2025-10-17 22:47:14
10:32:46,27.95,0.0,14,39101,买盘,601026,2025-10-17 22:47:14
10:32:49,27.95,0.0,78,217990,买盘,601026,2025-10-17 22:47:14
10:32:52,27.96,0.01,51,142570,买盘,601026,2025-10-17 22:47:14
10:32:55,27.96,0.0,168,469751,卖盘,601026,2025-10-17 22:47:14
10:32:58,27.94,-0.02,27,75439,中性盘,601026,2025-10-17 22:47:14
10:33:01,27.95,0.01,60,167668,买盘,601026,2025-10-17 22:47:14
10:33:04,27.95,0.0,36,99486,买盘,601026,2025-10-17 22:47:14
10:33:07,27.95,0.0,77,215113,买盘,601026,2025-10-17 22:47:14
10:33:10,27.95,0.0,79,219607,卖盘,601026,2025-10-17 22:47:14
10:33:13,27.91,-0.04,62,173233,卖盘,601026,2025-10-17 22:47:14
10:33:16,27.95,0.04,27,75415,买盘,601026,2025-10-17 22:47:14
10:33:19,27.95,0.0,59,164874,买盘,601026,2025-10-17 22:47:14
10:33:22,27.93,-0.02,53,148037,卖盘,601026,2025-10-17 22:47:14
10:33:25,27.92,-0.01,47,131251,卖盘,601026,2025-10-17 22:47:14
10:33:28,27.93,0.01,67,187116,买盘,601026,2025-10-17 22:47:14
10:33:31,27.92,-0.01,118,328391,卖盘,601026,2025-10-17 22:47:14
10:33:34,27.92,0.0,47,130124,买盘,601026,2025-10-17 22:47:14
10:33:37,27.92,0.0,26,72580,买盘,601026,2025-10-17 22:47:14
10:33:40,27.92,0.0,38,106074,买盘,601026,2025-10-17 22:47:14
10:33:43,27.91,-0.01,154,428914,卖盘,601026,2025-10-17 22:47:14
10:33:46,27.92,0.01,15,41880,买盘,601026,2025-10-17 22:47:14
10:33:49,27.92,0.0,25,69529,买盘,601026,2025-10-17 22:47:14
10:33:52,27.92,0.0,45,125613,买盘,601026,2025-10-17 22:47:14
10:33:55,27.9,-0.02,30,83719,卖盘,601026,2025-10-17 22:47:14
10:33:58,27.91,0.01,68,189759,买盘,601026,2025-10-17 22:47:14
10:34:01,27.92,0.01,43,120019,买盘,601026,2025-10-17 22:47:14
10:34:04,27.91,-0.01,106,295905,卖盘,601026,2025-10-17 22:47:14
10:34:07,27.91,0.0,15,41870,卖盘,601026,2025-10-17 22:47:14
10:34:10,27.92,0.01,60,167485,买盘,601026,2025-10-17 22:47:14
10:34:13,27.91,-0.01,32,88512,卖盘,601026,2025-10-17 22:47:14
10:34:16,27.92,0.01,19,51708,中性盘,601026,2025-10-17 22:47:14
10:34:19,27.91,-0.01,42,117252,卖盘,601026,2025-10-17 22:47:14
10:34:22,27.92,0.01,27,75386,买盘,601026,2025-10-17 22:47:14
10:34:25,27.92,0.0,27,75385,卖盘,601026,2025-10-17 22:47:14
10:34:28,27.94,0.02,119,332404,买盘,601026,2025-10-17 22:47:14
10:34:31,27.95,0.01,114,318514,买盘,601026,2025-10-17 22:47:14
10:34:34,27.91,-0.04,36,100523,卖盘,601026,2025-10-17 22:47:14
10:34:37,27.94,0.03,15,41895,买盘,601026,2025-10-17 22:47:14
10:34:40,27.92,-0.02,25,69823,卖盘,601026,2025-10-17 22:47:14
10:34:43,27.92,0.0,30,83774,卖盘,601026,2025-10-17 22:47:14
10:34:46,27.92,0.0,29,80980,卖盘,601026,2025-10-17 22:47:14
10:34:49,27.95,0.03,77,215093,买盘,601026,2025-10-17 22:47:14
10:34:52,27.92,-0.03,95,265691,卖盘,601026,2025-10-17 22:47:14
10:34:55,27.92,0.0,24,67005,买盘,601026,2025-10-17 22:47:14
10:34:58,27.92,0.0,22,61428,卖盘,601026,2025-10-17 22:47:14
10:35:01,27.92,0.0,87,243048,卖盘,601026,2025-10-17 22:47:14
10:35:04,27.95,0.03,148,412580,买盘,601026,2025-10-17 22:47:14
10:35:07,27.95,0.0,44,122929,卖盘,601026,2025-10-17 22:47:14
10:35:10,27.93,-0.02,11,30728,卖盘,601026,2025-10-17 22:47:14
10:35:13,27.95,0.02,25,69870,买盘,601026,2025-10-17 22:47:14
10:35:16,27.95,0.0,52,145324,买盘,601026,2025-10-17 22:47:14
10:35:19,27.94,-0.01,69,193088,卖盘,601026,2025-10-17 22:47:14
10:35:22,27.95,0.01,25,68523,中性盘,601026,2025-10-17 22:47:14
10:35:25,27.95,0.0,42,117383,买盘,601026,2025-10-17 22:47:14
10:35:28,27.95,0.0,42,117391,卖盘,601026,2025-10-17 22:47:14
10:35:31,27.96,0.01,65,181707,买盘,601026,2025-10-17 22:47:14
10:35:34,27.96,0.0,57,159349,买盘,601026,2025-10-17 22:47:14
10:35:37,27.95,-0.01,41,114587,中性盘,601026,2025-10-17 22:47:14
10:35:40,27.93,-0.02,69,193554,卖盘,601026,2025-10-17 22:47:14
10:35:43,27.95,0.02,22,61477,买盘,601026,2025-10-17 22:47:14
10:35:46,27.95,0.0,31,86638,买盘,601026,2025-10-17 22:47:14
10:35:49,27.96,0.01,35,96448,买盘,601026,2025-10-17 22:47:14
10:35:52,27.95,-0.01,49,135807,中性盘,601026,2025-10-17 22:47:14
10:35:55,27.95,0.0,22,61467,买盘,601026,2025-10-17 22:47:14
10:35:58,27.94,-0.01,87,243193,卖盘,601026,2025-10-17 22:47:14
10:36:01,27.95,0.01,36,100607,买盘,601026,2025-10-17 22:47:14
10:36:04,27.94,-0.01,57,159276,卖盘,601026,2025-10-17 22:47:14
10:36:07,27.95,0.01,85,236181,买盘,601026,2025-10-17 22:47:14
10:36:10,27.95,0.0,32,89416,买盘,601026,2025-10-17 22:47:14
10:36:13,27.95,0.0,124,346559,买盘,601026,2025-10-17 22:47:14
10:36:16,27.95,0.0,147,410812,买盘,601026,2025-10-17 22:47:14
10:36:19,27.95,0.0,39,109007,卖盘,601026,2025-10-17 22:47:14
10:36:22,27.95,0.0,70,195690,卖盘,601026,2025-10-17 22:47:14
10:36:25,27.95,0.0,45,125794,卖盘,601026,2025-10-17 22:47:14
10:36:28,27.95,0.0,44,122986,卖盘,601026,2025-10-17 22:47:14
10:36:31,27.95,0.0,22,61500,卖盘,601026,2025-10-17 22:47:14
10:36:34,27.95,0.0,126,352415,卖盘,601026,2025-10-17 22:47:14
10:36:37,27.96,0.01,106,296426,中性盘,601026,2025-10-17 22:47:14
10:36:40,27.97,0.01,36,100645,买盘,601026,2025-10-17 22:47:14
10:36:43,27.97,0.0,46,128599,买盘,601026,2025-10-17 22:47:14
10:36:46,27.97,0.0,46,128632,买盘,601026,2025-10-17 22:47:14
10:36:49,27.95,-0.02,89,247431,卖盘,601026,2025-10-17 22:47:14
10:36:52,27.96,0.01,121,338302,买盘,601026,2025-10-17 22:47:14
10:36:55,27.96,0.0,125,349606,买盘,601026,2025-10-17 22:47:14
10:36:58,27.96,0.0,23,64710,买盘,601026,2025-10-17 22:47:14
10:37:01,27.95,-0.01,27,75481,卖盘,601026,2025-10-17 22:47:14
10:37:04,27.95,0.0,92,257357,卖盘,601026,2025-10-17 22:47:14
10:37:07,27.96,0.01,21,58705,买盘,601026,2025-10-17 22:47:14
10:37:10,27.95,-0.01,35,97852,卖盘,601026,2025-10-17 22:47:14
10:37:13,27.96,0.01,35,97858,买盘,601026,2025-10-17 22:47:14
10:37:16,27.96,0.0,93,260087,卖盘,601026,2025-10-17 22:47:14
10:37:19,27.96,0.0,22,61513,卖盘,601026,2025-10-17 22:47:14
10:37:22,27.94,-0.02,113,314552,卖盘,601026,2025-10-17 22:47:14
10:37:25,27.96,0.02,75,209549,买盘,601026,2025-10-17 22:47:14
10:37:28,27.95,-0.01,55,153658,中性盘,601026,2025-10-17 22:47:14
10:37:31,27.92,-0.03,83,231766,卖盘,601026,2025-10-17 22:47:14
10:37:34,27.91,-0.01,246,687039,卖盘,601026,2025-10-17 22:47:14
10:37:37,27.92,0.01,95,265183,中性盘,601026,2025-10-17 22:47:14
10:37:40,27.91,-0.01,12,33499,卖盘,601026,2025-10-17 22:47:14
10:37:43,27.92,0.01,31,85207,买盘,601026,2025-10-17 22:47:14
10:37:46,27.91,-0.01,39,107983,卖盘,601026,2025-10-17 22:47:14
10:37:49,27.91,0.0,37,103259,买盘,601026,2025-10-17 22:47:14
10:37:52,27.91,0.0,84,234418,买盘,601026,2025-10-17 22:47:14
10:37:55,27.91,0.0,203,565795,买盘,601026,2025-10-17 22:47:14
10:37:58,27.9,-0.01,58,161857,卖盘,601026,2025-10-17 22:47:14
10:38:01,27.9,0.0,8,22321,卖盘,601026,2025-10-17 22:47:14
10:38:04,27.91,0.01,16,44651,买盘,601026,2025-10-17 22:47:14
10:38:07,27.9,-0.01,48,133942,卖盘,601026,2025-10-17 22:47:14
10:38:10,27.9,0.0,50,139505,卖盘,601026,2025-10-17 22:47:14
10:38:13,27.9,0.0,81,224906,卖盘,601026,2025-10-17 22:47:14
10:38:16,27.9,0.0,42,117181,卖盘,601026,2025-10-17 22:47:14
10:38:19,27.9,0.0,35,97657,卖盘,601026,2025-10-17 22:47:14
10:38:22,27.91,0.01,99,276302,买盘,601026,2025-10-17 22:47:14
10:38:25,27.92,0.01,88,244549,买盘,601026,2025-10-17 22:47:14
10:38:28,27.91,-0.01,60,168794,卖盘,601026,2025-10-17 22:47:14
10:38:31,27.9,-0.01,64,178240,卖盘,601026,2025-10-17 22:47:14
10:38:34,27.91,0.01,17,47442,中性盘,601026,2025-10-17 22:47:14
10:38:37,27.9,-0.01,23,64176,卖盘,601026,2025-10-17 22:47:14
10:38:40,27.91,0.01,32,89310,买盘,601026,2025-10-17 22:47:14
10:38:43,27.91,0.0,26,72566,卖盘,601026,2025-10-17 22:47:14
10:38:46,27.91,0.0,80,222209,卖盘,601026,2025-10-17 22:47:14
10:38:49,27.91,0.0,68,189790,买盘,601026,2025-10-17 22:47:14
10:38:52,27.91,0.0,22,61402,卖盘,601026,2025-10-17 22:47:14
10:38:55,27.91,0.0,48,133977,卖盘,601026,2025-10-17 22:47:14
10:38:58,27.91,0.0,61,171522,卖盘,601026,2025-10-17 22:47:14
10:39:01,27.9,-0.01,315,878085,卖盘,601026,2025-10-17 22:47:14
10:39:04,27.91,0.01,22,61382,买盘,601026,2025-10-17 22:47:14
10:39:07,27.9,-0.01,38,104700,卖盘,601026,2025-10-17 22:47:14
10:39:10,27.91,0.01,145,403316,买盘,601026,2025-10-17 22:47:14
10:39:13,27.91,0.0,66,183105,卖盘,601026,2025-10-17 22:47:14
10:39:16,27.91,0.0,13,36279,买盘,601026,2025-10-17 22:47:14
10:39:19,27.91,0.0,28,78128,买盘,601026,2025-10-17 22:47:14
10:39:22,27.9,-0.01,31,86503,卖盘,601026,2025-10-17 22:47:14
10:39:25,27.9,0.0,29,80923,卖盘,601026,2025-10-17 22:47:14
10:39:28,27.9,0.0,84,233292,卖盘,601026,2025-10-17 22:47:14
10:39:31,27.9,0.0,98,273466,卖盘,601026,2025-10-17 22:47:14
10:39:34,27.91,0.01,171,476519,买盘,601026,2025-10-17 22:47:14
10:39:37,27.9,-0.01,90,249763,卖盘,601026,2025-10-17 22:47:14
10:39:40,27.9,0.0,117,325398,卖盘,601026,2025-10-17 22:47:14
10:39:43,27.9,0.0,34,94857,卖盘,601026,2025-10-17 22:47:14
10:39:46,27.9,0.0,35,97648,买盘,601026,2025-10-17 22:47:14
10:39:49,27.89,-0.01,26,72525,卖盘,601026,2025-10-17 22:47:14
10:39:52,27.9,0.01,15,41842,买盘,601026,2025-10-17 22:47:14
10:39:55,27.88,-0.02,56,157241,卖盘,601026,2025-10-17 22:47:14
10:39:58,27.88,0.0,19,52974,卖盘,601026,2025-10-17 22:47:14
10:40:01,27.88,0.0,29,80859,卖盘,601026,2025-10-17 22:47:14
10:40:04,27.88,0.0,34,94798,卖盘,601026,2025-10-17 22:47:14
10:40:07,27.88,0.0,57,158919,卖盘,601026,2025-10-17 22:47:14
10:40:10,27.89,0.01,55,153350,买盘,601026,2025-10-17 22:47:14
10:40:13,27.88,-0.01,31,86432,卖盘,601026,2025-10-17 22:47:14
10:40:16,27.88,0.0,9,25087,买盘,601026,2025-10-17 22:47:14
10:40:19,27.86,-0.02,9,25078,卖盘,601026,2025-10-17 22:47:14
10:40:22,27.87,0.01,26,72432,买盘,601026,2025-10-17 22:47:14
10:40:25,27.85,-0.02,24,66844,中性盘,601026,2025-10-17 22:47:14
10:40:28,27.81,-0.04,18,50076,卖盘,601026,2025-10-17 22:47:14
10:40:31,27.8,-0.01,96,266900,卖盘,601026,2025-10-17 22:47:14
10:40:34,27.83,0.03,30,83445,买盘,601026,2025-10-17 22:47:14
10:40:37,27.8,-0.03,57,157565,卖盘,601026,2025-10-17 22:47:14
10:40:40,27.8,0.0,24,65555,卖盘,601026,2025-10-17 22:47:14
10:40:43,27.8,0.0,59,164020,卖盘,601026,2025-10-17 22:47:14
10:40:46,27.8,0.0,84,233546,卖盘,601026,2025-10-17 22:47:14
10:40:49,27.8,0.0,61,168889,卖盘,601026,2025-10-17 22:47:14
10:40:52,27.8,0.0,73,202985,买盘,601026,2025-10-17 22:47:14
10:40:55,27.8,0.0,65,180679,买盘,601026,2025-10-17 22:47:14
10:40:58,27.8,0.0,59,162841,买盘,601026,2025-10-17 22:47:14
10:41:01,27.79,-0.01,5,13893,中性盘,601026,2025-10-17 22:47:14
10:41:04,27.77,-0.02,45,125026,卖盘,601026,2025-10-17 22:47:14
10:41:07,27.76,-0.01,225,624635,卖盘,601026,2025-10-17 22:47:14
10:41:10,27.76,0.0,20,55531,卖盘,601026,2025-10-17 22:47:14
10:41:13,27.76,0.0,61,169430,卖盘,601026,2025-10-17 22:47:14
10:41:16,27.76,0.0,47,130473,卖盘,601026,2025-10-17 22:47:14
10:41:19,27.75,-0.01,75,209161,卖盘,601026,2025-10-17 22:47:14
10:41:22,27.75,0.0,82,227402,买盘,601026,2025-10-17 22:47:14
10:41:25,27.74,-0.01,61,169145,中性盘,601026,2025-10-17 22:47:14
10:41:28,27.73,-0.01,7,19406,买盘,601026,2025-10-17 22:47:14
10:41:31,27.66,-0.07,118,326002,卖盘,601026,2025-10-17 22:47:14
10:41:34,27.66,0.0,13,35973,卖盘,601026,2025-10-17 22:47:14
10:41:37,27.65,-0.01,18,49787,卖盘,601026,2025-10-17 22:47:14
10:41:40,27.63,-0.02,15,41466,卖盘,601026,2025-10-17 22:47:14
10:41:43,27.61,-0.02,8,22099,卖盘,601026,2025-10-17 22:47:14
10:41:46,27.6,-0.01,29,80055,卖盘,601026,2025-10-17 22:47:14
10:41:49,27.58,-0.02,32,88280,卖盘,601026,2025-10-17 22:47:14
10:41:52,27.57,-0.01,5,13787,中性盘,601026,2025-10-17 22:47:14
10:41:55,27.56,-0.01,19,52367,卖盘,601026,2025-10-17 22:47:14
10:41:58,27.5,-0.06,29,79855,卖盘,601026,2025-10-17 22:47:14
10:42:01,27.5,0.0,48,131080,卖盘,601026,2025-10-17 22:47:14
10:42:04,27.5,0.0,53,144831,卖盘,601026,2025-10-17 22:47:14
10:42:07,27.53,0.03,108,297112,中性盘,601026,2025-10-17 22:47:14
10:42:10,27.48,-0.05,163,447704,卖盘,601026,2025-10-17 22:47:14
10:42:13,27.48,0.0,49,134647,买盘,601026,2025-10-17 22:47:14
10:42:16,27.46,-0.02,28,76864,卖盘,601026,2025-10-17 22:47:14
10:42:19,27.41,-0.05,21,57574,卖盘,601026,2025-10-17 22:47:14
10:42:22,27.4,-0.01,15,41115,卖盘,601026,2025-10-17 22:47:14
10:42:25,27.4,0.0,41,112274,卖盘,601026,2025-10-17 22:47:14
10:42:28,27.38,-0.02,11,30069,中性盘,601026,2025-10-17 22:47:14
10:42:31,27.3,-0.08,63,172012,卖盘,601026,2025-10-17 22:47:14
10:42:34,27.28,-0.02,82,223815,卖盘,601026,2025-10-17 22:47:14
10:42:37,27.27,-0.01,70,190970,卖盘,601026,2025-10-17 22:47:14
10:42:40,27.25,-0.02,251,684282,卖盘,601026,2025-10-17 22:47:14
10:42:43,27.25,0.0,49,133558,卖盘,601026,2025-10-17 22:47:14
10:42:46,27.24,-0.01,44,119874,卖盘,601026,2025-10-17 22:47:14
10:42:49,27.24,0.0,79,215223,卖盘,601026,2025-10-17 22:47:14
10:42:52,27.23,-0.01,101,274704,卖盘,601026,2025-10-17 22:47:14
10:42:55,27.23,0.0,147,400358,卖盘,601026,2025-10-17 22:47:14
10:42:58,27.24,0.01,266,725237,买盘,601026,2025-10-17 22:47:14
10:43:01,27.24,0.0,120,325541,卖盘,601026,2025-10-17 22:47:14
10:43:04,27.25,0.01,146,397281,买盘,601026,2025-10-17 22:47:14
10:43:07,27.26,0.01,120,327100,买盘,601026,2025-10-17 22:47:14
10:43:10,27.28,0.02,101,275001,买盘,601026,2025-10-17 22:47:14
10:43:13,27.3,0.02,118,322015,买盘,601026,2025-10-17 22:47:14
10:43:16,27.31,0.01,71,192524,买盘,601026,2025-10-17 22:47:14
10:43:19,27.38,0.07,56,153286,买盘,601026,2025-10-17 22:47:14
10:43:22,27.38,0.0,32,87573,卖盘,601026,2025-10-17 22:47:14
10:43:25,27.4,0.02,86,235556,买盘,601026,2025-10-17 22:47:14
10:43:28,27.4,0.0,46,126048,卖盘,601026,2025-10-17 22:47:14
10:43:31,27.43,0.03,93,253590,买盘,601026,2025-10-17 22:47:14
10:43:34,27.43,0.0,51,140149,卖盘,601026,2025-10-17 22:47:14
10:43:37,27.49,0.06,138,378569,买盘,601026,2025-10-17 22:47:14
10:43:40,27.49,0.0,90,246148,卖盘,601026,2025-10-17 22:47:14
10:43:43,27.5,0.01,62,171458,买盘,601026,2025-10-17 22:47:14
10:43:46,27.5,0.0,30,82500,卖盘,601026,2025-10-17 22:47:14
10:43:49,27.52,0.02,71,195442,买盘,601026,2025-10-17 22:47:14
10:43:52,27.51,-0.01,39,105994,卖盘,601026,2025-10-17 22:47:14
10:43:55,27.51,0.0,197,540787,卖盘,601026,2025-10-17 22:47:14
10:43:58,27.58,0.07,107,295191,买盘,601026,2025-10-17 22:47:14
10:44:01,27.59,0.01,62,171051,中性盘,601026,2025-10-17 22:47:14
10:44:04,27.56,-0.03,96,264797,卖盘,601026,2025-10-17 22:47:14
10:44:07,27.52,-0.04,146,402240,卖盘,601026,2025-10-17 22:47:14
10:44:10,27.53,0.01,9,24770,买盘,601026,2025-10-17 22:47:14
10:44:13,27.53,0.0,39,107340,买盘,601026,2025-10-17 22:47:14
10:44:16,27.51,-0.02,57,156908,卖盘,601026,2025-10-17 22:47:14
10:44:19,27.52,0.01,68,187129,买盘,601026,2025-10-17 22:47:14
10:44:22,27.5,-0.02,67,184342,卖盘,601026,2025-10-17 22:47:14
10:44:25,27.5,0.0,77,211846,卖盘,601026,2025-10-17 22:47:14
10:44:28,27.5,0.0,52,142016,卖盘,601026,2025-10-17 22:47:14
10:44:31,27.5,0.0,18,49499,买盘,601026,2025-10-17 22:47:14
10:44:34,27.5,0.0,50,137488,买盘,601026,2025-10-17 22:47:14
10:44:37,27.49,-0.01,77,211738,卖盘,601026,2025-10-17 22:47:14
10:44:40,27.49,0.0,40,109977,卖盘,601026,2025-10-17 22:47:14
10:44:43,27.49,0.0,48,131969,卖盘,601026,2025-10-17 22:47:14
10:44:46,27.49,0.0,53,145699,卖盘,601026,2025-10-17 22:47:14
10:44:49,27.49,0.0,28,76993,卖盘,601026,2025-10-17 22:47:14
10:44:52,27.4,-0.09,69,188086,卖盘,601026,2025-10-17 22:47:14
10:44:55,27.47,0.07,11,30170,中性盘,601026,2025-10-17 22:47:14
10:44:58,27.4,-0.07,22,60337,买盘,601026,2025-10-17 22:47:14
10:45:01,27.4,0.0,38,104141,卖盘,601026,2025-10-17 22:47:14
10:45:04,27.4,0.0,25,67672,买盘,601026,2025-10-17 22:47:14
10:45:07,27.39,-0.01,11,29337,卖盘,601026,2025-10-17 22:47:14
10:45:10,27.35,-0.04,11,30085,卖盘,601026,2025-10-17 22:47:14
10:45:13,27.35,0.0,50,136458,买盘,601026,2025-10-17 22:47:14
10:45:16,27.34,-0.01,42,115104,卖盘,601026,2025-10-17 22:47:14
10:45:19,27.31,-0.03,50,136754,卖盘,601026,2025-10-17 22:47:14
10:45:22,27.3,-0.01,49,132795,卖盘,601026,2025-10-17 22:47:14
10:45:25,27.3,0.0,21,58372,卖盘,601026,2025-10-17 22:47:14
10:45:28,27.29,-0.01,8,23143,卖盘,601026,2025-10-17 22:47:14
10:45:31,27.27,-0.02,83,225275,卖盘,601026,2025-10-17 22:47:14
10:45:34,27.27,0.0,6,16360,买盘,601026,2025-10-17 22:47:14
10:45:37,27.25,-0.02,38,103595,卖盘,601026,2025-10-17 22:47:14
10:45:40,27.25,0.0,20,55535,卖盘,601026,2025-10-17 22:47:14
10:45:43,27.25,0.0,19,51766,买盘,601026,2025-10-17 22:47:14
10:45:46,27.24,-0.01,37,100811,卖盘,601026,2025-10-17 22:47:14
10:45:49,27.2,-0.04,193,525320,卖盘,601026,2025-10-17 22:47:14
10:45:52,27.21,0.01,53,145513,中性盘,601026,2025-10-17 22:47:14
10:45:55,27.21,0.0,20,55069,卖盘,601026,2025-10-17 22:47:14
10:45:58,27.23,0.02,130,352638,买盘,601026,2025-10-17 22:47:14
10:46:01,27.24,0.01,75,203202,买盘,601026,2025-10-17 22:47:14
10:46:04,27.25,0.01,122,332062,买盘,601026,2025-10-17 22:47:14
10:46:07,27.25,0.0,175,476121,买盘,601026,2025-10-17 22:47:14
10:46:10,27.26,0.01,32,87227,买盘,601026,2025-10-17 22:47:14
10:46:13,27.28,0.02,53,144538,买盘,601026,2025-10-17 22:47:14
10:46:16,27.28,0.0,42,114909,买盘,601026,2025-10-17 22:47:14
10:46:19,27.28,0.0,97,264740,卖盘,601026,2025-10-17 22:47:14
10:46:22,27.29,0.01,51,138897,中性盘,601026,2025-10-17 22:47:14
10:46:25,27.28,-0.01,54,147383,卖盘,601026,2025-10-17 22:47:14
10:46:28,27.3,0.02,35,95511,买盘,601026,2025-10-17 22:47:14
10:46:31,27.31,0.01,40,109202,买盘,601026,2025-10-17 22:47:14
10:46:34,27.31,0.0,40,109233,买盘,601026,2025-10-17 22:47:14
10:46:37,27.33,0.02,7,19130,买盘,601026,2025-10-17 22:47:14
10:46:40,27.33,0.0,40,109031,卖盘,601026,2025-10-17 22:47:14
10:46:43,27.34,0.01,34,92957,买盘,601026,2025-10-17 22:47:14
10:46:46,27.35,0.01,47,127462,中性盘,601026,2025-10-17 22:47:14
10:46:49,27.39,0.04,28,76651,买盘,601026,2025-10-17 22:47:14
10:46:52,27.39,0.0,34,93038,买盘,601026,2025-10-17 22:47:14
10:46:55,27.39,0.0,93,254566,买盘,601026,2025-10-17 22:47:14
10:46:58,27.39,0.0,79,216402,卖盘,601026,2025-10-17 22:47:14
10:47:01,27.39,0.0,101,276708,卖盘,601026,2025-10-17 22:47:14
10:47:04,27.45,0.06,59,161780,买盘,601026,2025-10-17 22:47:14
10:47:07,27.45,0.0,28,76860,卖盘,601026,2025-10-17 22:47:14
10:47:10,27.46,0.01,47,129069,买盘,601026,2025-10-17 22:47:14
10:47:13,27.46,0.0,88,241675,卖盘,601026,2025-10-17 22:47:14
10:47:16,27.48,0.02,191,524323,中性盘,601026,2025-10-17 22:47:14
10:47:19,27.45,-0.03,49,134570,卖盘,601026,2025-10-17 22:47:14
10:47:22,27.45,0.0,7,19215,买盘,601026,2025-10-17 22:47:14
10:47:25,27.45,0.0,65,178388,买盘,601026,2025-10-17 22:47:14
10:47:28,27.42,-0.03,38,104263,卖盘,601026,2025-10-17 22:47:14
10:47:31,27.4,-0.02,27,74013,卖盘,601026,2025-10-17 22:47:14
10:47:34,27.39,-0.01,34,93163,卖盘,601026,2025-10-17 22:47:14
10:47:37,27.42,0.03,81,221937,买盘,601026,2025-10-17 22:47:14
10:47:40,27.36,-0.06,14,38294,中性盘,601026,2025-10-17 22:47:14
10:47:43,27.35,-0.01,12,32825,卖盘,601026,2025-10-17 22:47:14
10:47:46,27.36,0.01,11,30090,买盘,601026,2025-10-17 22:47:14
10:47:49,27.37,0.01,35,95732,买盘,601026,2025-10-17 22:47:14
10:47:52,27.37,0.0,55,150472,买盘,601026,2025-10-17 22:47:14
10:47:55,27.36,-0.01,24,65671,买盘,601026,2025-10-17 22:47:14
10:47:58,27.36,0.0,64,175078,买盘,601026,2025-10-17 22:47:14
10:48:01,27.36,0.0,29,79354,卖盘,601026,2025-10-17 22:47:14
10:48:04,27.36,0.0,44,120395,卖盘,601026,2025-10-17 22:47:14
10:48:07,27.37,0.01,33,90299,中性盘,601026,2025-10-17 22:47:14
10:48:10,27.37,0.0,12,32841,卖盘,601026,2025-10-17 22:47:14
10:48:13,27.36,-0.01,77,210984,卖盘,601026,2025-10-17 22:47:14
10:48:16,27.38,0.02,24,65688,中性盘,601026,2025-10-17 22:47:14
10:48:19,27.37,-0.01,14,38326,卖盘,601026,2025-10-17 22:47:14
10:48:22,27.37,0.0,78,213518,卖盘,601026,2025-10-17 22:47:14
10:48:25,27.37,0.0,53,145086,卖盘,601026,2025-10-17 22:47:14
10:48:28,27.36,-0.01,140,384245,卖盘,601026,2025-10-17 22:47:14
10:48:31,27.37,0.01,56,153269,买盘,601026,2025-10-17 22:47:14
10:48:34,27.36,-0.01,44,120398,卖盘,601026,2025-10-17 22:47:14
10:48:37,27.35,-0.01,25,68400,卖盘,601026,2025-10-17 22:47:14
10:48:40,27.36,0.01,4,10944,中性盘,601026,2025-10-17 22:47:14
10:48:43,27.35,-0.01,17,46507,卖盘,601026,2025-10-17 22:47:14
10:48:46,27.35,0.0,39,106687,卖盘,601026,2025-10-17 22:47:14
10:48:49,27.34,-0.01,18,48104,卖盘,601026,2025-10-17 22:47:14
10:48:53,27.35,0.01,16,43752,买盘,601026,2025-10-17 22:47:14
10:48:55,27.33,-0.02,36,98432,卖盘,601026,2025-10-17 22:47:14
10:48:58,27.35,0.02,19,51943,买盘,601026,2025-10-17 22:47:14
10:49:01,27.33,-0.02,44,119238,卖盘,601026,2025-10-17 22:47:14
10:49:04,27.33,0.0,32,87487,卖盘,601026,2025-10-17 22:47:14
10:49:07,27.33,0.0,26,71084,卖盘,601026,2025-10-17 22:47:14
10:49:10,27.34,0.01,14,38268,中性盘,601026,2025-10-17 22:47:14
10:49:13,27.33,-0.01,26,71068,卖盘,601026,2025-10-17 22:47:14
10:49:16,27.34,0.01,30,81995,买盘,601026,2025-10-17 22:47:14
10:49:19,27.33,-0.01,56,153048,卖盘,601026,2025-10-17 22:47:14
10:49:22,27.33,0.0,32,87457,卖盘,601026,2025-10-17 22:47:14
10:49:25,27.31,-0.02,22,60101,卖盘,601026,2025-10-17 22:47:14
10:49:28,27.31,0.0,59,161216,卖盘,601026,2025-10-17 22:47:14
10:49:31,27.31,0.0,12,32784,卖盘,601026,2025-10-17 22:47:14
10:49:34,27.31,0.0,20,54624,卖盘,601026,2025-10-17 22:47:14
10:49:37,27.31,0.0,44,120207,卖盘,601026,2025-10-17 22:47:14
10:49:40,27.32,0.01,58,158479,卖盘,601026,2025-10-17 22:47:14
10:49:43,27.32,0.0,118,323476,卖盘,601026,2025-10-17 22:47:14
10:49:46,27.31,-0.01,86,233866,卖盘,601026,2025-10-17 22:47:14
10:49:49,27.31,0.0,38,103797,卖盘,601026,2025-10-17 22:47:14
10:49:52,27.31,0.0,16,43700,卖盘,601026,2025-10-17 22:47:14
10:49:55,27.31,0.0,24,65546,卖盘,601026,2025-10-17 22:47:14
10:49:58,27.31,0.0,45,122553,卖盘,601026,2025-10-17 22:47:14
10:50:01,27.31,0.0,48,131074,买盘,601026,2025-10-17 22:47:14
10:50:04,27.3,-0.01,38,103770,卖盘,601026,2025-10-17 22:47:14
10:50:07,27.31,0.01,17,46419,买盘,601026,2025-10-17 22:47:14
10:50:10,27.31,0.0,87,237568,买盘,601026,2025-10-17 22:47:14
10:50:13,27.3,-0.01,157,429117,卖盘,601026,2025-10-17 22:47:14
10:50:16,27.31,0.01,19,51875,卖盘,601026,2025-10-17 22:47:14
10:50:19,27.3,-0.01,35,95568,卖盘,601026,2025-10-17 22:47:14
10:50:22,27.31,0.01,34,92827,买盘,601026,2025-10-17 22:47:14
10:50:25,27.3,-0.01,23,62792,卖盘,601026,2025-10-17 22:47:14
10:50:28,27.31,0.01,104,285253,买盘,601026,2025-10-17 22:47:14
10:50:31,27.31,0.0,72,196670,卖盘,601026,2025-10-17 22:47:14
10:50:34,27.31,0.0,36,98316,卖盘,601026,2025-10-17 22:47:14
10:50:37,27.31,0.0,67,183011,卖盘,601026,2025-10-17 22:47:14
10:50:40,27.31,0.0,21,57350,卖盘,601026,2025-10-17 22:47:14
10:50:43,27.31,0.0,33,90106,买盘,601026,2025-10-17 22:47:14
10:50:46,27.31,0.0,67,182972,买盘,601026,2025-10-17 22:47:14
10:50:49,27.31,0.0,55,150205,买盘,601026,2025-10-17 22:47:14
10:50:52,27.31,0.0,24,65545,卖盘,601026,2025-10-17 22:47:14
10:50:55,27.32,0.01,406,1108402,买盘,601026,2025-10-17 22:47:14
10:50:58,27.31,-0.01,47,128396,卖盘,601026,2025-10-17 22:47:14
10:51:01,27.27,-0.04,65,178181,卖盘,601026,2025-10-17 22:47:14
10:51:04,27.24,-0.03,68,185387,卖盘,601026,2025-10-17 22:47:14
10:51:07,27.31,0.07,132,358952,买盘,601026,2025-10-17 22:47:14
10:51:10,27.22,-0.09,26,70811,中性盘,601026,2025-10-17 22:47:14
10:51:13,27.21,-0.01,9,24490,卖盘,601026,2025-10-17 22:47:14
10:51:16,27.21,0.0,20,54427,卖盘,601026,2025-10-17 22:47:14
10:51:19,27.22,0.01,65,176916,买盘,601026,2025-10-17 22:47:14
10:51:22,27.2,-0.02,63,170372,卖盘,601026,2025-10-17 22:47:14
10:51:25,27.21,0.01,136,368728,买盘,601026,2025-10-17 22:47:14
10:51:28,27.18,-0.03,69,187714,卖盘,601026,2025-10-17 22:47:14
10:51:31,27.18,0.0,14,38058,卖盘,601026,2025-10-17 22:47:14
10:51:34,27.2,0.02,3,8158,买盘,601026,2025-10-17 22:47:14
10:51:37,27.18,-0.02,80,216150,买盘,601026,2025-10-17 22:47:14
10:51:40,27.17,-0.01,55,149435,买盘,601026,2025-10-17 22:47:14
10:51:43,27.12,-0.05,65,176533,卖盘,601026,2025-10-17 22:47:14
10:51:46,27.11,-0.01,44,119417,卖盘,601026,2025-10-17 22:47:14
10:51:49,27.1,-0.01,67,181614,卖盘,601026,2025-10-17 22:47:14
10:51:52,27.1,0.0,93,252003,卖盘,601026,2025-10-17 22:47:14
10:51:55,27.07,-0.03,16,43316,卖盘,601026,2025-10-17 22:47:14
10:51:58,27.06,-0.01,31,83900,卖盘,601026,2025-10-17 22:47:14
10:52:01,27.03,-0.03,67,181217,卖盘,601026,2025-10-17 22:47:14
10:52:04,27.02,-0.01,49,132444,卖盘,601026,2025-10-17 22:47:14
10:52:07,27.01,-0.01,34,91845,卖盘,601026,2025-10-17 22:47:14
10:52:10,27.01,0.0,120,324128,卖盘,601026,2025-10-17 22:47:14
10:52:13,27.0,-0.01,324,874943,卖盘,601026,2025-10-17 22:47:14
10:52:16,27.01,0.01,347,937414,买盘,601026,2025-10-17 22:47:14
