时间,成交价,价格变动,成交量,成交额,买卖盘性质,股票代码,采集时间
09:25:00,20.09,0.07,17987,36135883,买盘,601012,2025-10-17 22:59:46
09:30:00,20.11,0.02,3645,7322545,买盘,601012,2025-10-17 22:59:46
09:30:03,20.1,-0.01,1954,3927408,卖盘,601012,2025-10-17 22:59:46
09:30:06,20.12,0.02,2530,5087825,中性盘,601012,2025-10-17 22:59:46
09:30:09,20.12,0.0,2035,4096352,卖盘,601012,2025-10-17 22:59:46
09:30:12,20.12,0.0,2243,4517415,卖盘,601012,2025-10-17 22:59:46
09:30:15,20.15,0.03,3303,6647225,买盘,601012,2025-10-17 22:59:46
09:30:18,20.15,0.0,2590,5217314,卖盘,601012,2025-10-17 22:59:46
09:30:21,20.15,0.0,4004,8061706,卖盘,601012,2025-10-17 22:59:46
09:30:24,20.15,0.0,5866,11813912,卖盘,601012,2025-10-17 22:59:46
09:30:27,20.15,0.0,3208,6465773,卖盘,601012,2025-10-17 22:59:46
09:30:30,20.18,0.03,4073,8212141,买盘,601012,2025-10-17 22:59:46
09:30:33,20.19,0.01,3050,6160955,买盘,601012,2025-10-17 22:59:46
09:30:36,20.24,0.05,2962,5995240,买盘,601012,2025-10-17 22:59:46
09:30:39,20.27,0.03,5949,12048207,买盘,601012,2025-10-17 22:59:46
09:30:42,20.25,-0.02,10314,20911339,卖盘,601012,2025-10-17 22:59:46
09:30:45,20.29,0.04,2977,6034820,买盘,601012,2025-10-17 22:59:46
09:30:48,20.32,0.03,7416,15045183,买盘,601012,2025-10-17 22:59:46
09:30:51,20.37,0.05,8758,17770095,买盘,601012,2025-10-17 22:59:46
09:30:54,20.25,-0.12,11622,23610474,卖盘,601012,2025-10-17 22:59:46
09:30:57,20.25,0.0,5584,11328187,买盘,601012,2025-10-17 22:59:46
09:31:00,20.42,0.17,8070,16399930,买盘,601012,2025-10-17 22:59:46
09:31:03,20.41,-0.01,9416,19173201,卖盘,601012,2025-10-17 22:59:46
09:31:06,20.41,0.0,7232,14749190,卖盘,601012,2025-10-17 22:59:46
09:31:09,20.39,-0.02,6756,13770236,中性盘,601012,2025-10-17 22:59:46
09:31:12,20.41,0.02,7450,15199906,买盘,601012,2025-10-17 22:59:46
09:31:15,20.36,-0.05,9668,19728411,卖盘,601012,2025-10-17 22:59:46
09:31:18,20.39,0.03,2984,6088094,买盘,601012,2025-10-17 22:59:46
09:31:21,20.41,0.02,2581,5271944,买盘,601012,2025-10-17 22:59:46
09:31:24,20.42,0.01,2432,4966717,买盘,601012,2025-10-17 22:59:46
09:31:27,20.45,0.03,3556,7269195,买盘,601012,2025-10-17 22:59:46
09:31:30,20.5,0.05,5225,10699813,买盘,601012,2025-10-17 22:59:46
09:31:33,20.51,0.01,5934,12168302,买盘,601012,2025-10-17 22:59:46
09:31:36,20.52,0.01,3083,6331244,买盘,601012,2025-10-17 22:59:46
09:31:39,20.57,0.05,2330,4789079,买盘,601012,2025-10-17 22:59:46
09:31:42,20.58,0.01,2244,4618719,买盘,601012,2025-10-17 22:59:46
09:31:45,20.6,0.02,3680,7581086,买盘,601012,2025-10-17 22:59:46
09:31:48,20.64,0.04,2985,6157621,买盘,601012,2025-10-17 22:59:46
09:31:51,20.64,0.0,3317,6843994,卖盘,601012,2025-10-17 22:59:46
09:31:54,20.59,-0.05,7205,14854681,卖盘,601012,2025-10-17 22:59:46
09:31:57,20.58,-0.01,10064,20716842,卖盘,601012,2025-10-17 22:59:46
09:32:00,20.59,0.01,7121,14658130,买盘,601012,2025-10-17 22:59:46
09:32:03,20.59,0.0,7781,16041714,买盘,601012,2025-10-17 22:59:46
09:32:06,20.59,0.0,4871,10038485,卖盘,601012,2025-10-17 22:59:46
09:32:09,20.56,-0.03,10201,21013639,卖盘,601012,2025-10-17 22:59:46
09:32:12,20.55,-0.01,3553,7311571,卖盘,601012,2025-10-17 22:59:46
09:32:15,20.53,-0.02,5421,11138033,卖盘,601012,2025-10-17 22:59:46
09:32:18,20.52,-0.01,5001,10272640,卖盘,601012,2025-10-17 22:59:46
09:32:21,20.53,0.01,3424,7031343,买盘,601012,2025-10-17 22:59:46
09:32:24,20.49,-0.04,6399,13128661,卖盘,601012,2025-10-17 22:59:46
09:32:27,20.52,0.03,3318,6802235,买盘,601012,2025-10-17 22:59:46
09:32:30,20.48,-0.04,2161,4427038,卖盘,601012,2025-10-17 22:59:46
09:32:33,20.49,0.01,1493,3057520,买盘,601012,2025-10-17 22:59:46
09:32:36,20.49,0.0,4110,8428537,买盘,601012,2025-10-17 22:59:46
09:32:39,20.49,0.0,2693,5517372,买盘,601012,2025-10-17 22:59:46
09:32:42,20.52,0.03,3477,7134302,买盘,601012,2025-10-17 22:59:46
09:32:45,20.56,0.04,3372,6930782,买盘,601012,2025-10-17 22:59:46
09:32:48,20.56,0.0,1781,3663503,卖盘,601012,2025-10-17 22:59:46
09:32:51,20.56,0.0,1573,3235935,卖盘,601012,2025-10-17 22:59:46
09:32:54,20.56,0.0,1679,3455388,卖盘,601012,2025-10-17 22:59:46
09:32:57,20.55,-0.01,1574,3236191,卖盘,601012,2025-10-17 22:59:46
09:33:00,20.55,0.0,1379,2834300,卖盘,601012,2025-10-17 22:59:46
09:33:03,20.51,-0.04,1190,2442597,卖盘,601012,2025-10-17 22:59:46
09:33:06,20.5,-0.01,5940,12184163,卖盘,601012,2025-10-17 22:59:46
09:33:09,20.5,0.0,4083,8375228,买盘,601012,2025-10-17 22:59:46
09:33:12,20.49,-0.01,3442,7052348,卖盘,601012,2025-10-17 22:59:46
09:33:15,20.42,-0.07,2724,5579007,卖盘,601012,2025-10-17 22:59:46
09:33:18,20.5,0.08,3297,6754577,买盘,601012,2025-10-17 22:59:46
09:33:21,20.52,0.02,2590,5309207,买盘,601012,2025-10-17 22:59:46
09:33:24,20.53,0.01,2216,4548285,买盘,601012,2025-10-17 22:59:46
09:33:27,20.53,0.0,1400,2875251,卖盘,601012,2025-10-17 22:59:46
09:33:30,20.52,-0.01,3246,6668395,卖盘,601012,2025-10-17 22:59:46
09:33:33,20.52,0.0,2117,4344030,卖盘,601012,2025-10-17 22:59:46
09:33:36,20.51,-0.01,1766,3621942,中性盘,601012,2025-10-17 22:59:46
09:33:39,20.5,-0.01,1047,2145953,中性盘,601012,2025-10-17 22:59:46
09:33:42,20.48,-0.02,1317,2698655,卖盘,601012,2025-10-17 22:59:46
09:33:45,20.5,0.02,1690,3463423,买盘,601012,2025-10-17 22:59:46
09:33:48,20.48,-0.02,2169,4444795,卖盘,601012,2025-10-17 22:59:46
09:33:51,20.48,0.0,1509,3091109,卖盘,601012,2025-10-17 22:59:46
09:33:54,20.47,-0.01,1195,2448728,卖盘,601012,2025-10-17 22:59:46
09:33:57,20.47,0.0,2083,4267164,买盘,601012,2025-10-17 22:59:46
09:34:00,20.46,-0.01,1497,3063969,卖盘,601012,2025-10-17 22:59:46
09:34:03,20.46,0.0,554,1133333,买盘,601012,2025-10-17 22:59:46
09:34:06,20.39,-0.07,2844,5805347,卖盘,601012,2025-10-17 22:59:46
09:34:09,20.35,-0.04,1246,2538084,卖盘,601012,2025-10-17 22:59:46
09:34:12,20.34,-0.01,1942,3951301,卖盘,601012,2025-10-17 22:59:46
09:34:15,20.36,0.02,2574,5235696,买盘,601012,2025-10-17 22:59:46
09:34:18,20.34,-0.02,4229,8603798,中性盘,601012,2025-10-17 22:59:46
09:34:21,20.37,0.03,1640,3338597,买盘,601012,2025-10-17 22:59:46
09:34:24,20.34,-0.03,1217,2477493,卖盘,601012,2025-10-17 22:59:46
09:34:27,20.34,0.0,1987,4045180,卖盘,601012,2025-10-17 22:59:46
09:34:30,20.36,0.02,1680,3419026,买盘,601012,2025-10-17 22:59:46
09:34:33,20.37,0.01,2868,5838194,买盘,601012,2025-10-17 22:59:46
09:34:36,20.37,0.0,1543,3141363,买盘,601012,2025-10-17 22:59:46
09:34:39,20.35,-0.02,1429,2909844,卖盘,601012,2025-10-17 22:59:46
09:34:42,20.37,0.02,772,1571997,买盘,601012,2025-10-17 22:59:46
09:34:45,20.36,-0.01,1581,3218439,卖盘,601012,2025-10-17 22:59:46
09:34:48,20.36,0.0,2799,5697549,买盘,601012,2025-10-17 22:59:46
09:34:51,20.38,0.02,3625,7387089,买盘,601012,2025-10-17 22:59:46
09:34:54,20.41,0.03,8236,16802970,买盘,601012,2025-10-17 22:59:46
09:34:57,20.43,0.02,1445,2952518,卖盘,601012,2025-10-17 22:59:46
09:35:00,20.43,0.0,861,1759957,卖盘,601012,2025-10-17 22:59:46
09:35:03,20.43,0.0,1746,3567085,卖盘,601012,2025-10-17 22:59:46
09:35:06,20.43,0.0,884,1805752,买盘,601012,2025-10-17 22:59:46
09:35:09,20.43,0.0,2020,4126277,买盘,601012,2025-10-17 22:59:46
09:35:12,20.43,0.0,2014,4110895,买盘,601012,2025-10-17 22:59:46
09:35:15,20.4,-0.03,2597,5299907,卖盘,601012,2025-10-17 22:59:46
09:35:18,20.41,0.01,5449,11128395,买盘,601012,2025-10-17 22:59:46
09:35:21,20.41,0.0,2147,4382645,买盘,601012,2025-10-17 22:59:46
09:35:24,20.42,0.01,1727,3527788,中性盘,601012,2025-10-17 22:59:46
09:35:27,20.46,0.04,1669,3409391,买盘,601012,2025-10-17 22:59:46
09:35:30,20.48,0.02,701,1435178,买盘,601012,2025-10-17 22:59:46
09:35:33,20.48,0.0,579,1186143,卖盘,601012,2025-10-17 22:59:46
09:35:36,20.5,0.02,1153,2362053,买盘,601012,2025-10-17 22:59:46
09:35:39,20.48,-0.02,1642,3364389,卖盘,601012,2025-10-17 22:59:46
09:35:42,20.48,0.0,1588,3251728,买盘,601012,2025-10-17 22:59:46
09:35:45,20.48,0.0,4131,8448674,买盘,601012,2025-10-17 22:59:46
09:35:48,20.48,0.0,1231,2520559,买盘,601012,2025-10-17 22:59:46
09:35:51,20.46,-0.02,2041,4177316,卖盘,601012,2025-10-17 22:59:46
09:35:54,20.47,0.01,1253,2564004,买盘,601012,2025-10-17 22:59:46
09:35:57,20.45,-0.02,1081,2210993,卖盘,601012,2025-10-17 22:59:46
09:36:00,20.45,0.0,1889,3860263,买盘,601012,2025-10-17 22:59:46
09:36:03,20.45,0.0,1678,3427617,买盘,601012,2025-10-17 22:59:46
09:36:06,20.4,-0.05,2478,5057903,卖盘,601012,2025-10-17 22:59:46
09:36:09,20.41,0.01,1148,2342289,买盘,601012,2025-10-17 22:59:46
09:36:12,20.38,-0.03,1066,2174449,卖盘,601012,2025-10-17 22:59:46
09:36:15,20.38,0.0,3186,6499653,卖盘,601012,2025-10-17 22:59:46
09:36:18,20.38,0.0,2618,5339720,卖盘,601012,2025-10-17 22:59:46
09:36:21,20.43,0.05,1263,2578429,买盘,601012,2025-10-17 22:59:46
09:36:24,20.4,-0.03,697,1422020,买盘,601012,2025-10-17 22:59:46
09:36:27,20.4,0.0,1888,3853137,买盘,601012,2025-10-17 22:59:46
09:36:30,20.44,0.04,1306,2670329,买盘,601012,2025-10-17 22:59:46
09:36:33,20.45,0.01,1102,2253537,中性盘,601012,2025-10-17 22:59:46
09:36:36,20.46,0.01,1275,2609344,中性盘,601012,2025-10-17 22:59:46
09:36:39,20.45,-0.01,625,1278359,卖盘,601012,2025-10-17 22:59:46
09:36:42,20.44,-0.01,418,854739,卖盘,601012,2025-10-17 22:59:46
09:36:45,20.45,0.01,1626,3326321,买盘,601012,2025-10-17 22:59:46
09:36:48,20.44,-0.01,1736,3549117,卖盘,601012,2025-10-17 22:59:46
09:36:51,20.45,0.01,3322,6795071,买盘,601012,2025-10-17 22:59:46
09:36:54,20.45,0.0,1304,2666672,卖盘,601012,2025-10-17 22:59:46
09:36:57,20.48,0.03,663,1356469,买盘,601012,2025-10-17 22:59:46
09:37:00,20.49,0.01,2134,4370637,买盘,601012,2025-10-17 22:59:46
09:37:03,20.52,0.03,5045,10342854,买盘,601012,2025-10-17 22:59:46
09:37:06,20.56,0.04,5193,10670471,买盘,601012,2025-10-17 22:59:46
09:37:09,20.56,0.0,2082,4282068,卖盘,601012,2025-10-17 22:59:46
09:37:12,20.56,0.0,2027,4167338,卖盘,601012,2025-10-17 22:59:46
09:37:15,20.56,0.0,2266,4659584,卖盘,601012,2025-10-17 22:59:46
09:37:18,20.56,0.0,3446,7084851,卖盘,601012,2025-10-17 22:59:46
09:37:21,20.56,0.0,5740,11808418,买盘,601012,2025-10-17 22:59:46
09:37:24,20.58,0.02,5311,10936985,买盘,601012,2025-10-17 22:59:46
09:37:27,20.62,0.04,2659,5478223,买盘,601012,2025-10-17 22:59:46
09:37:30,20.62,0.0,3607,7436379,卖盘,601012,2025-10-17 22:59:46
09:37:33,20.61,-0.01,1874,3862280,中性盘,601012,2025-10-17 22:59:46
09:37:36,20.61,0.0,6602,13613117,买盘,601012,2025-10-17 22:59:46
09:37:39,20.61,0.0,2509,5172997,卖盘,601012,2025-10-17 22:59:46
09:37:42,20.61,0.0,3323,6852759,卖盘,601012,2025-10-17 22:59:46
09:37:45,20.62,0.01,2045,4218220,卖盘,601012,2025-10-17 22:59:46
09:37:48,20.64,0.02,3105,6407243,买盘,601012,2025-10-17 22:59:46
09:37:51,20.68,0.04,8941,18471888,买盘,601012,2025-10-17 22:59:46
09:37:54,20.7,0.02,5317,10995825,买盘,601012,2025-10-17 22:59:46
09:37:57,20.7,0.0,1793,3710189,买盘,601012,2025-10-17 22:59:46
09:38:00,20.7,0.0,2687,5561365,买盘,601012,2025-10-17 22:59:46
09:38:03,20.72,0.02,2790,5776962,买盘,601012,2025-10-17 22:59:46
09:38:06,20.73,0.01,2653,5496025,买盘,601012,2025-10-17 22:59:46
09:38:09,20.72,-0.01,1719,3563349,卖盘,601012,2025-10-17 22:59:46
09:38:12,20.73,0.01,2920,6052296,卖盘,601012,2025-10-17 22:59:46
09:38:15,20.71,-0.02,1965,4071783,卖盘,601012,2025-10-17 22:59:46
09:38:18,20.71,0.0,4989,10337409,卖盘,601012,2025-10-17 22:59:46
09:38:21,20.7,-0.01,4456,9226869,卖盘,601012,2025-10-17 22:59:46
09:38:24,20.7,0.0,1844,3816556,买盘,601012,2025-10-17 22:59:46
09:38:27,20.66,-0.04,2701,5586230,卖盘,601012,2025-10-17 22:59:46
09:38:30,20.65,-0.01,2840,5871564,卖盘,601012,2025-10-17 22:59:46
09:38:33,20.67,0.02,2735,5649813,中性盘,601012,2025-10-17 22:59:46
09:38:36,20.65,-0.02,2742,5665554,卖盘,601012,2025-10-17 22:59:46
09:38:39,20.64,-0.01,2680,5534647,卖盘,601012,2025-10-17 22:59:46
09:38:42,20.63,-0.01,3940,8137306,卖盘,601012,2025-10-17 22:59:46
09:38:45,20.64,0.01,3383,6985548,买盘,601012,2025-10-17 22:59:46
09:38:48,20.64,0.0,3278,6768679,买盘,601012,2025-10-17 22:59:46
09:38:51,20.65,0.01,2472,5104856,卖盘,601012,2025-10-17 22:59:46
09:38:54,20.66,0.01,1082,2235050,买盘,601012,2025-10-17 22:59:46
09:38:57,20.67,0.01,1347,2784507,买盘,601012,2025-10-17 22:59:46
09:39:00,20.69,0.02,1791,3704729,买盘,601012,2025-10-17 22:59:46
09:39:03,20.69,0.0,4501,9307017,卖盘,601012,2025-10-17 22:59:46
09:39:06,20.67,-0.02,2340,4836986,中性盘,601012,2025-10-17 22:59:46
09:39:09,20.69,0.02,3320,6862014,买盘,601012,2025-10-17 22:59:46
09:39:12,20.63,-0.06,2410,4978312,卖盘,601012,2025-10-17 22:59:46
09:39:15,20.64,0.01,2169,4481944,中性盘,601012,2025-10-17 22:59:46
09:39:18,20.67,0.03,1180,2436484,买盘,601012,2025-10-17 22:59:46
09:39:21,20.66,-0.01,2717,5611901,中性盘,601012,2025-10-17 22:59:46
09:39:24,20.65,-0.01,1346,2779491,中性盘,601012,2025-10-17 22:59:46
09:39:27,20.65,0.0,1121,2314192,买盘,601012,2025-10-17 22:59:46
09:39:30,20.64,-0.01,2702,5581114,卖盘,601012,2025-10-17 22:59:46
09:39:33,20.63,-0.01,1513,3122494,卖盘,601012,2025-10-17 22:59:46
09:39:36,20.63,0.0,1725,3559333,买盘,601012,2025-10-17 22:59:46
09:39:39,20.63,0.0,3618,7459226,卖盘,601012,2025-10-17 22:59:46
09:39:42,20.62,-0.01,2642,5452380,卖盘,601012,2025-10-17 22:59:46
09:39:45,20.64,0.02,1241,2561769,买盘,601012,2025-10-17 22:59:46
09:39:48,20.64,0.0,1909,3942753,卖盘,601012,2025-10-17 22:59:46
09:39:51,20.64,0.0,613,1266215,卖盘,601012,2025-10-17 22:59:46
09:39:54,20.65,0.01,1144,2363327,中性盘,601012,2025-10-17 22:59:46
09:39:57,20.65,0.0,2571,5311200,卖盘,601012,2025-10-17 22:59:46
09:40:00,20.64,-0.01,5110,10551549,卖盘,601012,2025-10-17 22:59:46
09:40:03,20.64,0.0,1452,2997580,买盘,601012,2025-10-17 22:59:46
09:40:06,20.65,0.01,2904,6000691,买盘,601012,2025-10-17 22:59:46
09:40:09,20.68,0.03,2734,5648317,买盘,601012,2025-10-17 22:59:46
09:40:12,20.68,0.0,1493,3086733,买盘,601012,2025-10-17 22:59:46
09:40:15,20.67,-0.01,2497,5163151,卖盘,601012,2025-10-17 22:59:46
09:40:18,20.66,-0.01,1295,2676354,卖盘,601012,2025-10-17 22:59:46
09:40:21,20.68,0.02,1275,2635561,买盘,601012,2025-10-17 22:59:46
09:40:24,20.66,-0.02,3362,6944635,卖盘,601012,2025-10-17 22:59:46
09:40:27,20.66,0.0,2876,5939462,买盘,601012,2025-10-17 22:59:46
09:40:30,20.65,-0.01,3788,7823122,卖盘,601012,2025-10-17 22:59:46
09:40:33,20.62,-0.03,1801,3718540,卖盘,601012,2025-10-17 22:59:46
09:40:36,20.64,0.02,5103,10533075,卖盘,601012,2025-10-17 22:59:46
09:40:39,20.64,0.0,3117,6430431,卖盘,601012,2025-10-17 22:59:46
09:40:42,20.61,-0.03,2993,6175004,卖盘,601012,2025-10-17 22:59:46
09:40:45,20.63,0.02,1761,3629324,买盘,601012,2025-10-17 22:59:46
09:40:48,20.6,-0.03,3661,7540685,卖盘,601012,2025-10-17 22:59:46
09:40:51,20.61,0.01,3078,6339903,买盘,601012,2025-10-17 22:59:46
09:40:54,20.6,-0.01,2092,4312012,卖盘,601012,2025-10-17 22:59:46
09:40:57,20.62,0.02,1959,4038120,买盘,601012,2025-10-17 22:59:46
09:41:00,20.61,-0.01,2993,6170673,卖盘,601012,2025-10-17 22:59:46
09:41:03,20.59,-0.02,5441,11210124,卖盘,601012,2025-10-17 22:59:46
09:41:06,20.59,0.0,794,1635644,卖盘,601012,2025-10-17 22:59:46
09:41:09,20.59,0.0,2908,5988587,卖盘,601012,2025-10-17 22:59:46
09:41:12,20.58,-0.01,1504,3095479,卖盘,601012,2025-10-17 22:59:46
09:41:15,20.57,-0.01,2876,5914455,卖盘,601012,2025-10-17 22:59:46
09:41:18,20.57,0.0,2363,4860120,卖盘,601012,2025-10-17 22:59:46
09:41:21,20.56,-0.01,3650,7507983,卖盘,601012,2025-10-17 22:59:46
09:41:24,20.57,0.01,2551,5245602,买盘,601012,2025-10-17 22:59:46
09:41:27,20.58,0.01,3796,7810814,买盘,601012,2025-10-17 22:59:46
09:41:30,20.59,0.01,4808,9899906,买盘,601012,2025-10-17 22:59:46
09:41:33,20.62,0.03,2285,4711972,买盘,601012,2025-10-17 22:59:46
09:41:36,20.67,0.05,8667,17898779,买盘,601012,2025-10-17 22:59:46
09:41:39,20.69,0.02,2355,4871573,买盘,601012,2025-10-17 22:59:46
09:41:42,20.7,0.01,2185,4520006,买盘,601012,2025-10-17 22:59:46
09:41:45,20.69,-0.01,2424,5015408,卖盘,601012,2025-10-17 22:59:46
09:41:48,20.68,-0.01,10983,22710900,卖盘,601012,2025-10-17 22:59:46
09:41:51,20.64,-0.04,2394,4948774,卖盘,601012,2025-10-17 22:59:46
09:41:54,20.68,0.04,2378,4914928,买盘,601012,2025-10-17 22:59:46
09:41:57,20.66,-0.02,1746,3607859,卖盘,601012,2025-10-17 22:59:46
09:42:00,20.68,0.02,871,1799665,买盘,601012,2025-10-17 22:59:46
09:42:03,20.67,-0.01,5682,11739520,卖盘,601012,2025-10-17 22:59:46
09:42:06,20.68,0.01,3126,6461188,买盘,601012,2025-10-17 22:59:46
09:42:09,20.67,-0.01,3292,6800844,卖盘,601012,2025-10-17 22:59:46
09:42:12,20.62,-0.05,1166,2406931,卖盘,601012,2025-10-17 22:59:46
09:42:15,20.66,0.04,6180,12779177,买盘,601012,2025-10-17 22:59:46
09:42:18,20.62,-0.04,629,1298336,卖盘,601012,2025-10-17 22:59:46
09:42:21,20.66,0.04,2095,4320566,买盘,601012,2025-10-17 22:59:46
09:42:24,20.65,-0.01,2738,5654827,卖盘,601012,2025-10-17 22:59:46
09:42:27,20.64,-0.01,1517,3132239,卖盘,601012,2025-10-17 22:59:46
09:42:30,20.67,0.03,3655,7546484,买盘,601012,2025-10-17 22:59:46
09:42:33,20.66,-0.01,1675,3458307,卖盘,601012,2025-10-17 22:59:46
09:42:36,20.63,-0.03,665,1372967,卖盘,601012,2025-10-17 22:59:46
09:42:39,20.65,0.02,893,1843023,中性盘,601012,2025-10-17 22:59:46
09:42:42,20.63,-0.02,1277,2634891,卖盘,601012,2025-10-17 22:59:46
09:42:45,20.6,-0.03,5138,10594763,卖盘,601012,2025-10-17 22:59:46
09:42:48,20.59,-0.01,3029,6245280,中性盘,601012,2025-10-17 22:59:46
09:42:51,20.59,0.0,1098,2260831,卖盘,601012,2025-10-17 22:59:46
09:42:54,20.58,-0.01,1960,4031461,卖盘,601012,2025-10-17 22:59:46
09:42:57,20.55,-0.03,903,1854183,中性盘,601012,2025-10-17 22:59:46
09:43:00,20.51,-0.04,3751,7691029,卖盘,601012,2025-10-17 22:59:46
09:43:03,20.5,-0.01,1402,2873263,卖盘,601012,2025-10-17 22:59:46
09:43:06,20.47,-0.03,1194,2444244,卖盘,601012,2025-10-17 22:59:46
09:43:09,20.46,-0.01,1706,3490485,卖盘,601012,2025-10-17 22:59:46
09:43:12,20.47,0.01,1571,3213550,买盘,601012,2025-10-17 22:59:46
09:43:15,20.46,-0.01,3300,6753260,卖盘,601012,2025-10-17 22:59:46
09:43:18,20.47,0.01,1617,3309181,中性盘,601012,2025-10-17 22:59:46
09:43:21,20.5,0.03,1563,3199961,买盘,601012,2025-10-17 22:59:46
09:43:24,20.49,-0.01,1371,2807814,买盘,601012,2025-10-17 22:59:46
09:43:27,20.48,-0.01,2209,4521971,卖盘,601012,2025-10-17 22:59:46
09:43:30,20.48,0.0,767,1570921,买盘,601012,2025-10-17 22:59:46
09:43:33,20.48,0.0,1611,3300142,卖盘,601012,2025-10-17 22:59:46
09:43:36,20.48,0.0,1235,2529434,卖盘,601012,2025-10-17 22:59:46
09:43:39,20.48,0.0,1551,3176557,卖盘,601012,2025-10-17 22:59:46
09:43:42,20.48,0.0,810,1658615,买盘,601012,2025-10-17 22:59:46
09:43:45,20.48,0.0,858,1756831,买盘,601012,2025-10-17 22:59:46
09:43:48,20.49,0.01,1083,2217670,买盘,601012,2025-10-17 22:59:46
09:43:51,20.49,0.0,960,1965738,买盘,601012,2025-10-17 22:59:46
09:43:54,20.49,0.0,825,1690037,买盘,601012,2025-10-17 22:59:46
09:43:57,20.49,0.0,2268,4646765,买盘,601012,2025-10-17 22:59:46
09:44:00,20.49,0.0,413,846309,卖盘,601012,2025-10-17 22:59:46
09:44:03,20.49,0.0,831,1703196,卖盘,601012,2025-10-17 22:59:46
09:44:06,20.49,0.0,1534,3143256,卖盘,601012,2025-10-17 22:59:46
09:44:09,20.47,-0.02,2554,5232390,卖盘,601012,2025-10-17 22:59:46
09:44:12,20.46,-0.01,3227,6604870,卖盘,601012,2025-10-17 22:59:46
09:44:15,20.45,-0.01,879,1796983,卖盘,601012,2025-10-17 22:59:46
09:44:18,20.45,0.0,784,1602786,买盘,601012,2025-10-17 22:59:46
09:44:21,20.44,-0.01,540,1103428,中性盘,601012,2025-10-17 22:59:46
09:44:24,20.43,-0.01,587,1199538,卖盘,601012,2025-10-17 22:59:46
09:44:27,20.43,0.0,1477,3017776,卖盘,601012,2025-10-17 22:59:46
09:44:30,20.43,0.0,828,1691112,买盘,601012,2025-10-17 22:59:46
09:44:33,20.41,-0.02,857,1749694,卖盘,601012,2025-10-17 22:59:46
09:44:36,20.4,-0.01,3985,8130398,卖盘,601012,2025-10-17 22:59:46
09:44:39,20.39,-0.01,1988,4052568,卖盘,601012,2025-10-17 22:59:46
09:44:42,20.37,-0.02,1074,2188115,卖盘,601012,2025-10-17 22:59:46
09:44:45,20.37,0.0,1951,3973287,买盘,601012,2025-10-17 22:59:46
09:44:48,20.36,-0.01,2807,5714612,卖盘,601012,2025-10-17 22:59:46
09:44:51,20.35,-0.01,6350,12908009,卖盘,601012,2025-10-17 22:59:46
09:44:54,20.35,0.0,766,1558782,卖盘,601012,2025-10-17 22:59:46
09:44:57,20.35,0.0,4025,8188718,卖盘,601012,2025-10-17 22:59:46
09:45:00,20.35,0.0,5157,10493722,买盘,601012,2025-10-17 22:59:46
09:45:03,20.37,0.02,4034,8212148,买盘,601012,2025-10-17 22:59:46
09:45:06,20.41,0.04,5179,10554210,买盘,601012,2025-10-17 22:59:46
09:45:09,20.42,0.01,2640,5382043,买盘,601012,2025-10-17 22:59:46
09:45:12,20.42,0.0,1048,2139926,买盘,601012,2025-10-17 22:59:46
09:45:15,20.42,0.0,1027,2096725,卖盘,601012,2025-10-17 22:59:46
09:45:18,20.43,0.01,1011,2064842,买盘,601012,2025-10-17 22:59:46
09:45:21,20.42,-0.01,5146,10507880,卖盘,601012,2025-10-17 22:59:46
09:45:24,20.4,-0.02,1751,3573629,卖盘,601012,2025-10-17 22:59:46
09:45:27,20.41,0.01,991,2021963,买盘,601012,2025-10-17 22:59:46
09:45:30,20.42,0.01,1038,2117867,买盘,601012,2025-10-17 22:59:46
09:45:33,20.41,-0.01,1197,2442091,卖盘,601012,2025-10-17 22:59:46
09:45:36,20.42,0.01,1082,2207855,买盘,601012,2025-10-17 22:59:46
09:45:39,20.41,-0.01,796,1624577,卖盘,601012,2025-10-17 22:59:46
09:45:42,20.41,0.0,979,1999033,卖盘,601012,2025-10-17 22:59:46
09:45:45,20.4,-0.01,2031,4145826,卖盘,601012,2025-10-17 22:59:46
09:45:48,20.41,0.01,450,918323,买盘,601012,2025-10-17 22:59:46
09:45:51,20.41,0.0,1956,3990045,买盘,601012,2025-10-17 22:59:46
09:45:54,20.4,-0.01,941,1920753,卖盘,601012,2025-10-17 22:59:46
09:45:57,20.39,-0.01,871,1776477,卖盘,601012,2025-10-17 22:59:46
09:46:00,20.37,-0.02,870,1773625,卖盘,601012,2025-10-17 22:59:46
09:46:03,20.36,-0.01,2496,5083588,卖盘,601012,2025-10-17 22:59:46
09:46:06,20.35,-0.01,707,1438941,卖盘,601012,2025-10-17 22:59:46
09:46:09,20.35,0.0,2212,4501541,卖盘,601012,2025-10-17 22:59:46
09:46:12,20.35,0.0,2319,4718919,卖盘,601012,2025-10-17 22:59:46
09:46:15,20.34,-0.01,1596,3245295,卖盘,601012,2025-10-17 22:59:46
09:46:18,20.34,0.0,3422,6948514,买盘,601012,2025-10-17 22:59:46
09:46:21,20.31,-0.03,1059,2151834,卖盘,601012,2025-10-17 22:59:46
09:46:24,20.3,-0.01,1228,2494726,卖盘,601012,2025-10-17 22:59:46
09:46:27,20.29,-0.01,1011,2052344,卖盘,601012,2025-10-17 22:59:46
09:46:30,20.31,0.02,3798,7712640,买盘,601012,2025-10-17 22:59:46
09:46:33,20.32,0.01,4372,8885647,中性盘,601012,2025-10-17 22:59:46
09:46:36,20.32,0.0,1509,3065990,卖盘,601012,2025-10-17 22:59:46
09:46:39,20.33,0.01,1116,2267578,中性盘,601012,2025-10-17 22:59:46
09:46:42,20.32,-0.01,869,1766120,卖盘,601012,2025-10-17 22:59:46
09:46:45,20.33,0.01,793,1610888,买盘,601012,2025-10-17 22:59:46
09:46:48,20.32,-0.01,947,1923387,中性盘,601012,2025-10-17 22:59:46
09:46:51,20.31,-0.01,795,1614449,卖盘,601012,2025-10-17 22:59:46
09:46:54,20.31,0.0,1264,2566476,买盘,601012,2025-10-17 22:59:46
09:46:57,20.3,-0.01,1860,3776638,卖盘,601012,2025-10-17 22:59:46
09:47:00,20.3,0.0,657,1333595,买盘,601012,2025-10-17 22:59:46
09:47:03,20.29,-0.01,1459,2960720,卖盘,601012,2025-10-17 22:59:46
09:47:06,20.3,0.01,1847,3747884,买盘,601012,2025-10-17 22:59:46
09:47:09,20.29,-0.01,807,1637267,卖盘,601012,2025-10-17 22:59:46
09:47:12,20.29,0.0,386,783144,买盘,601012,2025-10-17 22:59:46
09:47:15,20.28,-0.01,1520,3083050,卖盘,601012,2025-10-17 22:59:46
09:47:18,20.28,0.0,1074,2178053,卖盘,601012,2025-10-17 22:59:46
09:47:21,20.26,-0.02,3695,7487385,卖盘,601012,2025-10-17 22:59:46
09:47:24,20.26,0.0,1031,2089178,卖盘,601012,2025-10-17 22:59:46
09:47:27,20.26,0.0,2144,4341880,买盘,601012,2025-10-17 22:59:46
09:47:30,20.26,0.0,3218,6516574,买盘,601012,2025-10-17 22:59:46
09:47:33,20.24,-0.02,1565,3167210,卖盘,601012,2025-10-17 22:59:46
09:47:36,20.23,-0.01,1121,2268421,卖盘,601012,2025-10-17 22:59:46
09:47:39,20.24,0.01,1193,2414110,卖盘,601012,2025-10-17 22:59:46
09:47:42,20.23,-0.01,965,1953550,卖盘,601012,2025-10-17 22:59:46
09:47:45,20.23,0.0,1635,3307897,卖盘,601012,2025-10-17 22:59:46
09:47:48,20.23,0.0,2496,5049275,买盘,601012,2025-10-17 22:59:46
09:47:51,20.26,0.03,2992,6056999,买盘,601012,2025-10-17 22:59:46
09:47:54,20.26,0.0,2202,4456749,买盘,601012,2025-10-17 22:59:46
09:47:57,20.28,0.02,1348,2732004,买盘,601012,2025-10-17 22:59:46
09:48:00,20.28,0.0,1163,2357939,买盘,601012,2025-10-17 22:59:46
09:48:03,20.29,0.01,1461,2961922,买盘,601012,2025-10-17 22:59:46
09:48:06,20.28,-0.01,725,1470181,卖盘,601012,2025-10-17 22:59:46
09:48:09,20.29,0.01,1097,2226007,买盘,601012,2025-10-17 22:59:46
09:48:12,20.29,0.0,1546,3136272,卖盘,601012,2025-10-17 22:59:46
09:48:15,20.3,0.01,474,961931,买盘,601012,2025-10-17 22:59:46
09:48:18,20.3,0.0,930,1887154,买盘,601012,2025-10-17 22:59:46
09:48:21,20.31,0.01,1275,2588738,买盘,601012,2025-10-17 22:59:46
09:48:24,20.32,0.01,572,1161598,买盘,601012,2025-10-17 22:59:46
09:48:27,20.3,-0.02,1313,2666027,卖盘,601012,2025-10-17 22:59:46
09:48:30,20.31,0.01,732,1486253,买盘,601012,2025-10-17 22:59:46
09:48:33,20.31,0.0,1501,3047203,卖盘,601012,2025-10-17 22:59:46
09:48:36,20.29,-0.02,861,1748199,卖盘,601012,2025-10-17 22:59:46
09:48:39,20.28,-0.01,2036,4130202,卖盘,601012,2025-10-17 22:59:46
09:48:42,20.26,-0.02,834,1690836,卖盘,601012,2025-10-17 22:59:46
09:48:45,20.26,0.0,590,1195472,卖盘,601012,2025-10-17 22:59:46
09:48:48,20.26,0.0,520,1053290,买盘,601012,2025-10-17 22:59:46
09:48:51,20.25,-0.01,667,1351877,卖盘,601012,2025-10-17 22:59:46
09:48:54,20.26,0.01,1036,2098091,买盘,601012,2025-10-17 22:59:46
09:48:57,20.25,-0.01,296,598444,卖盘,601012,2025-10-17 22:59:46
09:49:00,20.25,0.0,1284,2599241,买盘,601012,2025-10-17 22:59:46
09:49:03,20.23,-0.02,862,1744818,卖盘,601012,2025-10-17 22:59:46
09:49:06,20.24,0.01,484,979437,买盘,601012,2025-10-17 22:59:46
09:49:09,20.24,0.0,542,1096546,买盘,601012,2025-10-17 22:59:46
09:49:12,20.26,0.02,6943,14062423,买盘,601012,2025-10-17 22:59:46
09:49:15,20.26,0.0,599,1213822,卖盘,601012,2025-10-17 22:59:46
09:49:18,20.29,0.03,3669,7436863,买盘,601012,2025-10-17 22:59:46
09:49:21,20.28,-0.01,483,979368,卖盘,601012,2025-10-17 22:59:46
09:49:24,20.28,0.0,1350,2737120,卖盘,601012,2025-10-17 22:59:46
09:49:27,20.29,0.01,572,1159938,买盘,601012,2025-10-17 22:59:46
09:49:30,20.28,-0.01,877,1778285,卖盘,601012,2025-10-17 22:59:46
09:49:33,20.28,0.0,1337,2710849,买盘,601012,2025-10-17 22:59:46
09:49:36,20.28,0.0,929,1883673,买盘,601012,2025-10-17 22:59:46
09:49:39,20.28,0.0,852,1727389,买盘,601012,2025-10-17 22:59:46
09:49:42,20.28,0.0,1034,2096742,买盘,601012,2025-10-17 22:59:46
09:49:45,20.27,-0.01,2227,4513866,卖盘,601012,2025-10-17 22:59:46
09:49:48,20.27,0.0,718,1455835,买盘,601012,2025-10-17 22:59:46
09:49:51,20.27,0.0,292,591783,买盘,601012,2025-10-17 22:59:46
09:49:54,20.26,-0.01,2164,4383062,卖盘,601012,2025-10-17 22:59:46
09:49:57,20.25,-0.01,760,1538995,卖盘,601012,2025-10-17 22:59:46
09:50:00,20.24,-0.01,437,884861,卖盘,601012,2025-10-17 22:59:46
09:50:03,20.23,-0.01,4487,9077728,卖盘,601012,2025-10-17 22:59:46
09:50:06,20.22,-0.01,489,988608,中性盘,601012,2025-10-17 22:59:46
09:50:09,20.23,0.01,1262,2551034,买盘,601012,2025-10-17 22:59:46
09:50:12,20.21,-0.02,1236,2498192,卖盘,601012,2025-10-17 22:59:46
09:50:15,20.23,0.02,1547,3129388,买盘,601012,2025-10-17 22:59:46
09:50:18,20.23,0.0,1197,2420131,卖盘,601012,2025-10-17 22:59:46
09:50:21,20.22,-0.01,680,1374573,卖盘,601012,2025-10-17 22:59:46
09:50:24,20.21,-0.01,756,1527935,卖盘,601012,2025-10-17 22:59:46
09:50:27,20.21,0.0,3558,7188002,买盘,601012,2025-10-17 22:59:46
09:50:30,20.21,0.0,2316,4679164,买盘,601012,2025-10-17 22:59:46
09:50:33,20.21,0.0,1442,2914272,卖盘,601012,2025-10-17 22:59:46
09:50:36,20.2,-0.01,1171,2365162,卖盘,601012,2025-10-17 22:59:46
09:50:39,20.21,0.01,1653,3339710,买盘,601012,2025-10-17 22:59:46
09:50:42,20.19,-0.02,584,1179406,卖盘,601012,2025-10-17 22:59:46
09:50:45,20.18,-0.01,839,1694147,卖盘,601012,2025-10-17 22:59:46
09:50:48,20.18,0.0,1904,3843546,卖盘,601012,2025-10-17 22:59:46
09:50:51,20.18,0.0,1619,3267202,卖盘,601012,2025-10-17 22:59:46
09:50:54,20.17,-0.01,501,1010672,卖盘,601012,2025-10-17 22:59:46
09:50:57,20.16,-0.01,1261,2543789,卖盘,601012,2025-10-17 22:59:46
09:51:00,20.16,0.0,1513,3049028,卖盘,601012,2025-10-17 22:59:46
09:51:03,20.15,-0.01,582,1172867,卖盘,601012,2025-10-17 22:59:46
09:51:06,20.15,0.0,669,1347239,买盘,601012,2025-10-17 22:59:46
09:51:09,20.14,-0.01,926,1864636,买盘,601012,2025-10-17 22:59:46
09:51:12,20.15,0.01,5540,11165651,买盘,601012,2025-10-17 22:59:46
09:51:15,20.13,-0.02,2516,5068562,卖盘,601012,2025-10-17 22:59:46
09:51:18,20.13,0.0,886,1784845,卖盘,601012,2025-10-17 22:59:46
09:51:21,20.14,0.01,725,1460002,中性盘,601012,2025-10-17 22:59:46
09:51:24,20.14,0.0,2376,4782907,卖盘,601012,2025-10-17 22:59:46
09:51:27,20.14,0.0,1824,3672071,卖盘,601012,2025-10-17 22:59:46
09:51:30,20.14,0.0,876,1764140,买盘,601012,2025-10-17 22:59:46
09:51:33,20.14,0.0,2046,4120245,买盘,601012,2025-10-17 22:59:46
09:51:36,20.14,0.0,2989,6017683,卖盘,601012,2025-10-17 22:59:46
09:51:39,20.14,0.0,2596,5228209,买盘,601012,2025-10-17 22:59:46
09:51:42,20.14,0.0,10079,20267885,卖盘,601012,2025-10-17 22:59:46
09:51:45,20.11,-0.03,929,1869724,卖盘,601012,2025-10-17 22:59:46
09:51:48,20.12,0.01,699,1406783,卖盘,601012,2025-10-17 22:59:46
09:51:51,20.14,0.02,2364,4762113,买盘,601012,2025-10-17 22:59:46
09:51:54,20.11,-0.03,1583,3186839,卖盘,601012,2025-10-17 22:59:46
09:51:57,20.12,0.01,881,1773429,卖盘,601012,2025-10-17 22:59:46
09:52:00,20.13,0.01,864,1739821,中性盘,601012,2025-10-17 22:59:46
09:52:03,20.12,-0.01,680,1368311,卖盘,601012,2025-10-17 22:59:46
09:52:06,20.13,0.01,761,1532070,买盘,601012,2025-10-17 22:59:46
09:52:09,20.13,0.0,592,1191705,卖盘,601012,2025-10-17 22:59:46
09:52:12,20.18,0.05,2391,4817302,买盘,601012,2025-10-17 22:59:46
09:52:15,20.15,-0.03,1008,2031607,卖盘,601012,2025-10-17 22:59:46
09:52:18,20.18,0.03,2504,5052981,买盘,601012,2025-10-17 22:59:46
09:52:21,20.18,0.0,863,1742700,卖盘,601012,2025-10-17 22:59:46
09:52:24,20.21,0.03,281,567561,买盘,601012,2025-10-17 22:59:46
09:52:27,20.21,0.0,346,699227,卖盘,601012,2025-10-17 22:59:46
09:52:30,20.19,-0.02,1201,2426124,卖盘,601012,2025-10-17 22:59:46
09:52:33,20.2,0.01,2044,4129318,买盘,601012,2025-10-17 22:59:46
09:52:36,20.19,-0.01,2091,4220813,卖盘,601012,2025-10-17 22:59:46
09:52:39,20.19,0.0,1204,2430141,买盘,601012,2025-10-17 22:59:46
09:52:42,20.18,-0.01,756,1526106,中性盘,601012,2025-10-17 22:59:46
09:52:45,20.19,0.01,596,1202942,买盘,601012,2025-10-17 22:59:46
09:52:48,20.18,-0.01,771,1556265,卖盘,601012,2025-10-17 22:59:46
09:52:51,20.19,0.01,732,1477731,买盘,601012,2025-10-17 22:59:46
09:52:54,20.19,0.0,523,1055963,买盘,601012,2025-10-17 22:59:46
09:52:57,20.19,0.0,1118,2256843,卖盘,601012,2025-10-17 22:59:46
09:53:00,20.19,0.0,430,868322,卖盘,601012,2025-10-17 22:59:46
09:53:03,20.2,0.01,754,1522520,买盘,601012,2025-10-17 22:59:46
09:53:06,20.2,0.0,859,1734839,买盘,601012,2025-10-17 22:59:46
09:53:09,20.2,0.0,432,872255,买盘,601012,2025-10-17 22:59:46
09:53:12,20.19,-0.01,421,850243,卖盘,601012,2025-10-17 22:59:46
09:53:15,20.2,0.01,2086,4215058,买盘,601012,2025-10-17 22:59:46
09:53:18,20.2,0.0,498,1006202,卖盘,601012,2025-10-17 22:59:46
09:53:21,20.16,-0.04,7143,14420164,卖盘,601012,2025-10-17 22:59:46
09:53:24,20.15,-0.01,1446,2915172,卖盘,601012,2025-10-17 22:59:46
09:53:27,20.15,0.0,1656,3338498,卖盘,601012,2025-10-17 22:59:46
09:53:30,20.14,-0.01,712,1434888,卖盘,601012,2025-10-17 22:59:46
09:53:33,20.13,-0.01,3235,6511625,卖盘,601012,2025-10-17 22:59:46
09:53:36,20.14,0.01,2719,5467542,买盘,601012,2025-10-17 22:59:46
09:53:39,20.1,-0.04,716,1439960,卖盘,601012,2025-10-17 22:59:46
09:53:42,20.11,0.01,356,716010,中性盘,601012,2025-10-17 22:59:46
09:53:45,20.12,0.01,867,1743284,买盘,601012,2025-10-17 22:59:46
09:53:48,20.11,-0.01,1353,2720328,卖盘,601012,2025-10-17 22:59:46
09:53:51,20.09,-0.02,3600,7235764,卖盘,601012,2025-10-17 22:59:46
09:53:54,20.09,0.0,806,1618886,买盘,601012,2025-10-17 22:59:46
09:53:57,20.08,-0.01,1778,3570320,卖盘,601012,2025-10-17 22:59:46
09:54:00,20.07,-0.01,1515,3041323,卖盘,601012,2025-10-17 22:59:46
09:54:03,20.06,-0.01,936,1878795,卖盘,601012,2025-10-17 22:59:46
09:54:06,20.06,0.0,1623,3255864,卖盘,601012,2025-10-17 22:59:46
09:54:09,20.05,-0.01,1790,3590185,卖盘,601012,2025-10-17 22:59:46
09:54:12,20.06,0.01,843,1690348,买盘,601012,2025-10-17 22:59:46
09:54:15,20.07,0.01,3400,6820641,买盘,601012,2025-10-17 22:59:46
09:54:18,20.06,-0.01,2768,5553186,卖盘,601012,2025-10-17 22:59:46
09:54:21,20.07,0.01,2385,4784052,买盘,601012,2025-10-17 22:59:46
09:54:24,20.08,0.01,3708,7447488,买盘,601012,2025-10-17 22:59:46
09:54:27,20.08,0.0,1148,2304787,卖盘,601012,2025-10-17 22:59:46
09:54:30,20.08,0.0,899,1804822,买盘,601012,2025-10-17 22:59:46
09:54:33,20.08,0.0,1080,2169739,卖盘,601012,2025-10-17 22:59:46
09:54:36,20.08,0.0,603,1211011,卖盘,601012,2025-10-17 22:59:46
09:54:39,20.1,0.02,664,1333544,买盘,601012,2025-10-17 22:59:46
09:54:42,20.09,-0.01,1715,3443464,中性盘,601012,2025-10-17 22:59:46
09:54:45,20.09,0.0,818,1643253,买盘,601012,2025-10-17 22:59:46
09:54:48,20.1,0.01,385,773652,买盘,601012,2025-10-17 22:59:46
09:54:51,20.11,0.01,486,976604,买盘,601012,2025-10-17 22:59:46
09:54:54,20.1,-0.01,1074,2159325,卖盘,601012,2025-10-17 22:59:46
09:54:57,20.1,0.0,639,1284294,买盘,601012,2025-10-17 22:59:46
09:55:00,20.09,-0.01,677,1360991,卖盘,601012,2025-10-17 22:59:46
09:55:03,20.11,0.02,763,1533625,中性盘,601012,2025-10-17 22:59:46
09:55:06,20.1,-0.01,1367,2748558,卖盘,601012,2025-10-17 22:59:46
09:55:09,20.1,0.0,831,1670787,卖盘,601012,2025-10-17 22:59:46
09:55:12,20.1,0.0,589,1183792,买盘,601012,2025-10-17 22:59:46
09:55:15,20.1,0.0,1685,3386478,买盘,601012,2025-10-17 22:59:46
09:55:18,20.09,-0.01,1304,2620158,卖盘,601012,2025-10-17 22:59:46
09:55:21,20.1,0.01,631,1267730,买盘,601012,2025-10-17 22:59:46
09:55:24,20.09,-0.01,494,992706,卖盘,601012,2025-10-17 22:59:46
09:55:27,20.11,0.02,1483,2981312,买盘,601012,2025-10-17 22:59:46
09:55:30,20.12,0.01,628,1263628,买盘,601012,2025-10-17 22:59:46
09:55:33,20.14,0.02,658,1325313,买盘,601012,2025-10-17 22:59:46
09:55:36,20.14,0.0,278,559820,卖盘,601012,2025-10-17 22:59:46
09:55:39,20.14,0.0,911,1835143,卖盘,601012,2025-10-17 22:59:46
09:55:42,20.15,0.01,505,1017607,买盘,601012,2025-10-17 22:59:46
09:55:45,20.12,-0.03,743,1496533,卖盘,601012,2025-10-17 22:59:46
09:55:48,20.16,0.04,324,652861,买盘,601012,2025-10-17 22:59:46
09:55:51,20.15,-0.01,600,1209124,卖盘,601012,2025-10-17 22:59:46
09:55:54,20.14,-0.01,582,1172745,卖盘,601012,2025-10-17 22:59:46
09:55:57,20.12,-0.02,1521,3063339,卖盘,601012,2025-10-17 22:59:46
09:56:00,20.14,0.02,650,1309186,买盘,601012,2025-10-17 22:59:46
09:56:03,20.14,0.0,399,803417,买盘,601012,2025-10-17 22:59:46
09:56:06,20.13,-0.01,471,948320,卖盘,601012,2025-10-17 22:59:46
09:56:09,20.13,0.0,315,634336,卖盘,601012,2025-10-17 22:59:46
09:56:12,20.14,0.01,283,569871,买盘,601012,2025-10-17 22:59:46
09:56:15,20.14,0.0,298,600035,买盘,601012,2025-10-17 22:59:46
09:56:18,20.13,-0.01,1200,2415922,卖盘,601012,2025-10-17 22:59:46
09:56:21,20.14,0.01,971,1955054,买盘,601012,2025-10-17 22:59:46
09:56:24,20.14,0.0,1043,2099608,买盘,601012,2025-10-17 22:59:46
09:56:27,20.13,-0.01,709,1427342,卖盘,601012,2025-10-17 22:59:46
09:56:30,20.13,0.0,365,734740,买盘,601012,2025-10-17 22:59:46
09:56:33,20.12,-0.01,255,513268,卖盘,601012,2025-10-17 22:59:46
09:56:36,20.13,0.01,877,1764969,买盘,601012,2025-10-17 22:59:46
09:56:39,20.13,0.0,640,1287951,买盘,601012,2025-10-17 22:59:46
09:56:42,20.13,0.0,1788,3598050,买盘,601012,2025-10-17 22:59:46
09:56:45,20.13,0.0,2315,4658737,买盘,601012,2025-10-17 22:59:46
09:56:48,20.11,-0.02,3146,6327603,卖盘,601012,2025-10-17 22:59:46
09:56:51,20.1,-0.01,999,2008530,卖盘,601012,2025-10-17 22:59:46
09:56:54,20.1,0.0,4027,8094953,卖盘,601012,2025-10-17 22:59:46
09:56:57,20.1,0.0,726,1459264,卖盘,601012,2025-10-17 22:59:46
09:57:00,20.1,0.0,3750,7539544,买盘,601012,2025-10-17 22:59:46
09:57:03,20.12,0.02,4143,8330926,买盘,601012,2025-10-17 22:59:46
09:57:06,20.12,0.0,1291,2597283,买盘,601012,2025-10-17 22:59:46
09:57:09,20.13,0.01,669,1346507,买盘,601012,2025-10-17 22:59:46
09:57:12,20.13,0.0,459,924290,卖盘,601012,2025-10-17 22:59:46
09:57:15,20.18,0.05,1322,2664557,买盘,601012,2025-10-17 22:59:46
09:57:18,20.19,0.01,947,1910503,买盘,601012,2025-10-17 22:59:46
09:57:21,20.19,0.0,691,1394867,买盘,601012,2025-10-17 22:59:46
09:57:24,20.2,0.01,602,1215721,买盘,601012,2025-10-17 22:59:46
09:57:27,20.22,0.02,1818,3672574,买盘,601012,2025-10-17 22:59:46
09:57:30,20.23,0.01,620,1252861,买盘,601012,2025-10-17 22:59:46
09:57:33,20.22,-0.01,1107,2238314,卖盘,601012,2025-10-17 22:59:46
09:57:36,20.22,0.0,1349,2727674,买盘,601012,2025-10-17 22:59:46
09:57:39,20.2,-0.02,1538,3108216,卖盘,601012,2025-10-17 22:59:46
09:57:42,20.19,-0.01,2124,4289828,卖盘,601012,2025-10-17 22:59:46
09:57:45,20.2,0.01,464,937051,买盘,601012,2025-10-17 22:59:46
09:57:48,20.19,-0.01,275,555401,中性盘,601012,2025-10-17 22:59:46
09:57:51,20.19,0.0,344,694607,买盘,601012,2025-10-17 22:59:46
09:57:54,20.2,0.01,1617,3263367,买盘,601012,2025-10-17 22:59:46
09:57:57,20.19,-0.01,532,1074909,卖盘,601012,2025-10-17 22:59:46
09:58:00,20.18,-0.01,2071,4178289,卖盘,601012,2025-10-17 22:59:46
09:58:03,20.17,-0.01,466,940431,中性盘,601012,2025-10-17 22:59:46
09:58:06,20.17,0.0,257,518490,买盘,601012,2025-10-17 22:59:46
09:58:09,20.18,0.01,779,1572386,买盘,601012,2025-10-17 22:59:46
09:58:12,20.18,0.0,256,516527,买盘,601012,2025-10-17 22:59:46
09:58:15,20.17,-0.01,332,669701,卖盘,601012,2025-10-17 22:59:46
09:58:18,20.17,0.0,439,885510,卖盘,601012,2025-10-17 22:59:46
09:58:21,20.16,-0.01,351,707697,卖盘,601012,2025-10-17 22:59:46
09:58:24,20.15,-0.01,277,558480,卖盘,601012,2025-10-17 22:59:46
09:58:27,20.14,-0.01,1361,2742376,卖盘,601012,2025-10-17 22:59:46
09:58:30,20.13,-0.01,649,1306738,卖盘,601012,2025-10-17 22:59:46
09:58:33,20.11,-0.02,1124,2261222,卖盘,601012,2025-10-17 22:59:46
09:58:36,20.14,0.03,390,784905,买盘,601012,2025-10-17 22:59:46
09:58:39,20.13,-0.01,156,313943,中性盘,601012,2025-10-17 22:59:46
09:58:42,20.14,0.01,278,559608,买盘,601012,2025-10-17 22:59:46
09:58:45,20.13,-0.01,447,900072,卖盘,601012,2025-10-17 22:59:46
09:58:48,20.13,0.0,373,750825,卖盘,601012,2025-10-17 22:59:46
09:58:51,20.13,0.0,253,509175,买盘,601012,2025-10-17 22:59:46
09:58:54,20.13,0.0,532,1070601,买盘,601012,2025-10-17 22:59:46
09:58:57,20.12,-0.01,497,1000329,卖盘,601012,2025-10-17 22:59:46
09:59:00,20.12,0.0,441,887520,卖盘,601012,2025-10-17 22:59:46
09:59:03,20.12,0.0,228,458785,卖盘,601012,2025-10-17 22:59:46
09:59:06,20.12,0.0,315,633722,买盘,601012,2025-10-17 22:59:46
09:59:09,20.11,-0.01,1179,2371152,卖盘,601012,2025-10-17 22:59:46
09:59:12,20.11,0.0,1241,2495139,买盘,601012,2025-10-17 22:59:46
09:59:15,20.1,-0.01,1334,2682543,卖盘,601012,2025-10-17 22:59:46
09:59:18,20.1,0.0,496,997032,卖盘,601012,2025-10-17 22:59:46
09:59:21,20.1,0.0,785,1578223,卖盘,601012,2025-10-17 22:59:46
09:59:24,20.1,0.0,1137,2286059,卖盘,601012,2025-10-17 22:59:46
09:59:27,20.1,0.0,2219,4460465,卖盘,601012,2025-10-17 22:59:46
09:59:30,20.1,0.0,269,540641,买盘,601012,2025-10-17 22:59:46
09:59:33,20.1,0.0,1020,2049961,买盘,601012,2025-10-17 22:59:46
09:59:36,20.1,0.0,553,1111274,买盘,601012,2025-10-17 22:59:46
09:59:39,20.1,0.0,636,1278121,买盘,601012,2025-10-17 22:59:46
09:59:42,20.09,-0.01,1701,3418148,卖盘,601012,2025-10-17 22:59:46
09:59:45,20.1,0.01,15069,30235887,中性盘,601012,2025-10-17 22:59:46
09:59:48,20.1,0.0,634,1274102,买盘,601012,2025-10-17 22:59:46
09:59:51,20.1,0.0,1761,3540879,卖盘,601012,2025-10-17 22:59:46
09:59:54,20.1,0.0,538,1081564,卖盘,601012,2025-10-17 22:59:46
09:59:57,20.1,0.0,466,936898,卖盘,601012,2025-10-17 22:59:46
10:00:00,20.05,-0.05,2965,5954996,卖盘,601012,2025-10-17 22:59:46
10:00:03,20.04,-0.01,6178,12385272,卖盘,601012,2025-10-17 22:59:46
10:00:06,20.04,0.0,530,1062448,卖盘,601012,2025-10-17 22:59:46
10:00:09,20.04,0.0,1104,2212526,卖盘,601012,2025-10-17 22:59:46
10:00:12,20.03,-0.01,2323,4654069,卖盘,601012,2025-10-17 22:59:46
10:00:15,20.03,0.0,1011,2025102,卖盘,601012,2025-10-17 22:59:46
10:00:18,20.03,0.0,1662,3328274,买盘,601012,2025-10-17 22:59:46
10:00:21,20.01,-0.02,1852,3707649,卖盘,601012,2025-10-17 22:59:46
10:00:24,20.01,0.0,1528,3058202,卖盘,601012,2025-10-17 22:59:46
10:00:27,20.0,-0.01,4282,8568899,卖盘,601012,2025-10-17 22:59:46
10:00:30,20.0,0.0,4217,8434614,卖盘,601012,2025-10-17 22:59:46
10:00:33,20.0,0.0,4543,9086934,卖盘,601012,2025-10-17 22:59:46
10:00:36,19.99,-0.01,8908,17814923,卖盘,601012,2025-10-17 22:59:46
10:00:39,19.99,0.0,771,1541236,卖盘,601012,2025-10-17 22:59:46
10:00:42,19.98,-0.01,473,945184,卖盘,601012,2025-10-17 22:59:46
10:00:45,19.98,0.0,1440,2877226,卖盘,601012,2025-10-17 22:59:46
10:00:48,19.99,0.01,5308,10607964,买盘,601012,2025-10-17 22:59:46
10:00:51,19.99,0.0,9697,19394147,卖盘,601012,2025-10-17 22:59:46
10:00:54,20.01,0.02,1942,3883852,买盘,601012,2025-10-17 22:59:46
10:00:57,20.0,-0.01,2408,4816718,卖盘,601012,2025-10-17 22:59:46
10:01:00,20.01,0.01,1545,3090267,买盘,601012,2025-10-17 22:59:46
10:01:03,20.01,0.0,2002,4005261,卖盘,601012,2025-10-17 22:59:46
10:01:06,20.0,-0.01,801,1602374,卖盘,601012,2025-10-17 22:59:46
10:01:09,20.0,0.0,1297,2594353,卖盘,601012,2025-10-17 22:59:46
10:01:12,20.0,0.0,1405,2810229,卖盘,601012,2025-10-17 22:59:46
10:01:15,20.0,0.0,673,1346144,卖盘,601012,2025-10-17 22:59:46
10:01:18,20.0,0.0,2536,5072732,卖盘,601012,2025-10-17 22:59:46
10:01:21,20.0,0.0,13888,27751821,卖盘,601012,2025-10-17 22:59:46
10:01:24,19.99,-0.01,275,549878,卖盘,601012,2025-10-17 22:59:46
10:01:27,19.99,0.0,1425,2848633,卖盘,601012,2025-10-17 22:59:46
10:01:30,19.98,-0.01,197,393698,卖盘,601012,2025-10-17 22:59:46
10:01:33,19.98,0.0,2723,5440588,卖盘,601012,2025-10-17 22:59:46
10:01:36,19.97,-0.01,3287,6569376,卖盘,601012,2025-10-17 22:59:46
10:01:39,19.98,0.01,1683,3362107,买盘,601012,2025-10-17 22:59:46
10:01:42,19.97,-0.01,1847,3690308,卖盘,601012,2025-10-17 22:59:46
10:01:45,19.97,0.0,1452,2900668,卖盘,601012,2025-10-17 22:59:46
10:01:48,19.97,0.0,2397,4789003,卖盘,601012,2025-10-17 22:59:46
10:01:51,20.01,0.04,5343,10680049,买盘,601012,2025-10-17 22:59:46
10:01:54,20.01,0.0,1697,3395793,买盘,601012,2025-10-17 22:59:46
10:01:57,20.01,0.0,601,1202210,买盘,601012,2025-10-17 22:59:46
10:02:00,20.01,0.0,657,1314704,卖盘,601012,2025-10-17 22:59:46
10:02:03,20.01,0.0,439,878464,卖盘,601012,2025-10-17 22:59:46
10:02:06,20.01,0.0,2056,4114387,卖盘,601012,2025-10-17 22:59:46
10:02:09,20.05,0.04,2675,5354630,买盘,601012,2025-10-17 22:59:46
10:02:12,20.04,-0.01,2323,4653507,卖盘,601012,2025-10-17 22:59:46
10:02:15,20.05,0.01,792,1588242,卖盘,601012,2025-10-17 22:59:46
10:02:18,20.08,0.03,448,898905,买盘,601012,2025-10-17 22:59:46
10:02:21,20.1,0.02,1298,2607661,买盘,601012,2025-10-17 22:59:46
10:02:24,20.11,0.01,532,1068939,买盘,601012,2025-10-17 22:59:46
10:02:27,20.11,0.0,328,659630,中性盘,601012,2025-10-17 22:59:46
10:02:30,20.12,0.01,436,877020,买盘,601012,2025-10-17 22:59:46
10:02:33,20.12,0.0,506,1017865,买盘,601012,2025-10-17 22:59:46
10:02:36,20.12,0.0,883,1775684,买盘,601012,2025-10-17 22:59:46
10:02:39,20.13,0.01,890,1790761,买盘,601012,2025-10-17 22:59:46
10:02:42,20.15,0.02,927,1865906,买盘,601012,2025-10-17 22:59:46
10:02:45,20.14,-0.01,178,358355,中性盘,601012,2025-10-17 22:59:46
10:02:48,20.16,0.02,1000,2014546,买盘,601012,2025-10-17 22:59:46
10:02:51,20.14,-0.02,735,1479940,中性盘,601012,2025-10-17 22:59:46
10:02:54,20.13,-0.01,1321,2659875,卖盘,601012,2025-10-17 22:59:46
10:02:57,20.13,0.0,2163,4355028,卖盘,601012,2025-10-17 22:59:46
10:03:00,20.15,0.02,1742,3508255,买盘,601012,2025-10-17 22:59:46
10:03:03,20.15,0.0,1736,3495991,买盘,601012,2025-10-17 22:59:46
10:03:06,20.15,0.0,625,1259614,卖盘,601012,2025-10-17 22:59:46
10:03:09,20.15,0.0,405,816323,卖盘,601012,2025-10-17 22:59:46
10:03:12,20.17,0.02,552,1113187,买盘,601012,2025-10-17 22:59:46
10:03:15,20.16,-0.01,780,1573461,卖盘,601012,2025-10-17 22:59:46
10:03:18,20.17,0.01,381,768776,卖盘,601012,2025-10-17 22:59:46
10:03:21,20.16,-0.01,6787,13682565,卖盘,601012,2025-10-17 22:59:46
10:03:24,20.12,-0.04,1417,2852656,卖盘,601012,2025-10-17 22:59:46
10:03:27,20.13,0.01,532,1070865,中性盘,601012,2025-10-17 22:59:46
10:03:30,20.1,-0.03,2689,5408516,卖盘,601012,2025-10-17 22:59:46
10:03:33,20.11,0.01,567,1139959,买盘,601012,2025-10-17 22:59:46
10:03:36,20.12,0.01,1351,2717503,买盘,601012,2025-10-17 22:59:46
10:03:39,20.12,0.0,1070,2153045,卖盘,601012,2025-10-17 22:59:46
10:03:42,20.11,-0.01,1211,2436285,卖盘,601012,2025-10-17 22:59:46
10:03:45,20.12,0.01,1280,2574614,买盘,601012,2025-10-17 22:59:46
10:03:48,20.13,0.01,610,1227424,买盘,601012,2025-10-17 22:59:46
10:03:51,20.12,-0.01,2336,4700292,卖盘,601012,2025-10-17 22:59:46
10:03:54,20.12,0.0,613,1232953,买盘,601012,2025-10-17 22:59:46
10:03:57,20.12,0.0,699,1406454,卖盘,601012,2025-10-17 22:59:46
10:04:00,20.11,-0.01,1121,2256227,卖盘,601012,2025-10-17 22:59:46
10:04:03,20.12,0.01,365,734326,买盘,601012,2025-10-17 22:59:46
10:04:06,20.12,0.0,1305,2625680,买盘,601012,2025-10-17 22:59:46
10:04:09,20.13,0.01,389,782699,买盘,601012,2025-10-17 22:59:46
10:04:12,20.12,-0.01,419,843081,卖盘,601012,2025-10-17 22:59:46
10:04:15,20.13,0.01,848,1706319,买盘,601012,2025-10-17 22:59:46
10:04:18,20.12,-0.01,578,1163093,卖盘,601012,2025-10-17 22:59:46
10:04:21,20.12,0.0,304,611768,卖盘,601012,2025-10-17 22:59:46
10:04:24,20.13,0.01,541,1088651,买盘,601012,2025-10-17 22:59:46
10:04:27,20.13,0.0,336,676038,买盘,601012,2025-10-17 22:59:46
10:04:30,20.12,-0.01,550,1106218,买盘,601012,2025-10-17 22:59:46
10:04:33,20.13,0.01,568,1142768,买盘,601012,2025-10-17 22:59:46
10:04:36,20.12,-0.01,245,492945,卖盘,601012,2025-10-17 22:59:46
10:04:39,20.12,0.0,567,1140913,卖盘,601012,2025-10-17 22:59:46
10:04:42,20.12,0.0,207,416547,卖盘,601012,2025-10-17 22:59:46
10:04:45,20.13,0.01,436,877057,买盘,601012,2025-10-17 22:59:46
10:04:48,20.13,0.0,268,539588,卖盘,601012,2025-10-17 22:59:46
10:04:51,20.14,0.01,176,354315,买盘,601012,2025-10-17 22:59:46
10:04:54,20.13,-0.01,1086,2187072,卖盘,601012,2025-10-17 22:59:46
10:04:57,20.13,0.0,518,1043066,卖盘,601012,2025-10-17 22:59:46
10:05:00,20.16,0.03,1513,3049241,买盘,601012,2025-10-17 22:59:46
10:05:03,20.16,0.0,1107,2232334,卖盘,601012,2025-10-17 22:59:46
10:05:06,20.18,0.02,553,1115633,买盘,601012,2025-10-17 22:59:46
10:05:09,20.18,0.0,2535,5110530,卖盘,601012,2025-10-17 22:59:46
10:05:12,20.18,0.0,652,1316036,买盘,601012,2025-10-17 22:59:46
10:05:15,20.18,0.0,714,1441106,卖盘,601012,2025-10-17 22:59:46
10:05:18,20.19,0.01,634,1280189,买盘,601012,2025-10-17 22:59:46
10:05:21,20.2,0.01,389,785722,买盘,601012,2025-10-17 22:59:46
10:05:24,20.19,-0.01,1225,2473966,卖盘,601012,2025-10-17 22:59:46
10:05:27,20.18,-0.01,2490,5025338,卖盘,601012,2025-10-17 22:59:46
10:05:30,20.18,0.0,939,1892914,买盘,601012,2025-10-17 22:59:46
10:05:33,20.16,-0.02,433,873363,中性盘,601012,2025-10-17 22:59:46
10:05:36,20.16,0.0,700,1411915,卖盘,601012,2025-10-17 22:59:46
10:05:39,20.16,0.0,507,1022338,卖盘,601012,2025-10-17 22:59:46
10:05:42,20.17,0.01,447,901467,买盘,601012,2025-10-17 22:59:46
10:05:45,20.17,0.0,485,977936,买盘,601012,2025-10-17 22:59:46
10:05:48,20.17,0.0,394,794847,卖盘,601012,2025-10-17 22:59:46
10:05:51,20.18,0.01,413,833373,买盘,601012,2025-10-17 22:59:46
10:05:54,20.19,0.01,73,147369,买盘,601012,2025-10-17 22:59:46
10:05:57,20.18,-0.01,308,621665,卖盘,601012,2025-10-17 22:59:46
10:06:00,20.18,0.0,311,627683,卖盘,601012,2025-10-17 22:59:46
10:06:03,20.17,-0.01,1419,2862759,卖盘,601012,2025-10-17 22:59:46
10:06:06,20.18,0.01,714,1440904,中性盘,601012,2025-10-17 22:59:46
10:06:09,20.18,0.0,572,1153778,买盘,601012,2025-10-17 22:59:46
10:06:12,20.17,-0.01,437,881662,卖盘,601012,2025-10-17 22:59:46
10:06:15,20.18,0.01,197,397434,买盘,601012,2025-10-17 22:59:46
10:06:18,20.17,-0.01,331,667729,卖盘,601012,2025-10-17 22:59:46
10:06:21,20.17,0.0,305,615377,卖盘,601012,2025-10-17 22:59:46
10:06:24,20.17,0.0,460,927848,卖盘,601012,2025-10-17 22:59:46
10:06:27,20.17,0.0,323,651599,卖盘,601012,2025-10-17 22:59:46
10:06:30,20.17,0.0,1771,3572947,卖盘,601012,2025-10-17 22:59:46
10:06:33,20.17,0.0,460,928064,卖盘,601012,2025-10-17 22:59:46
10:06:36,20.18,0.01,371,748362,买盘,601012,2025-10-17 22:59:46
10:06:39,20.18,0.0,629,1269286,买盘,601012,2025-10-17 22:59:46
10:06:42,20.18,0.0,420,847334,买盘,601012,2025-10-17 22:59:46
10:06:45,20.18,0.0,230,464021,买盘,601012,2025-10-17 22:59:46
10:06:48,20.18,0.0,317,639780,卖盘,601012,2025-10-17 22:59:46
10:06:51,20.18,0.0,569,1148247,卖盘,601012,2025-10-17 22:59:46
10:06:54,20.17,-0.01,588,1186223,卖盘,601012,2025-10-17 22:59:46
10:06:57,20.16,-0.01,388,782858,卖盘,601012,2025-10-17 22:59:46
10:07:00,20.17,0.01,189,381171,买盘,601012,2025-10-17 22:59:46
10:07:03,20.17,0.0,509,1026036,买盘,601012,2025-10-17 22:59:46
10:07:06,20.17,0.0,543,1095297,卖盘,601012,2025-10-17 22:59:46
10:07:09,20.18,0.01,838,1691114,买盘,601012,2025-10-17 22:59:46
10:07:12,20.19,0.01,1108,2236053,买盘,601012,2025-10-17 22:59:46
10:07:15,20.19,0.0,170,343187,买盘,601012,2025-10-17 22:59:46
10:07:18,20.19,0.0,1241,2505310,买盘,601012,2025-10-17 22:59:46
10:07:21,20.21,0.02,1645,3323515,买盘,601012,2025-10-17 22:59:46
10:07:24,20.23,0.02,590,1192865,买盘,601012,2025-10-17 22:59:46
10:07:27,20.25,0.02,1758,3558746,买盘,601012,2025-10-17 22:59:46
10:07:30,20.26,0.01,812,1644407,买盘,601012,2025-10-17 22:59:46
10:07:33,20.26,0.0,406,822753,卖盘,601012,2025-10-17 22:59:46
10:07:36,20.27,0.01,2954,5984566,买盘,601012,2025-10-17 22:59:46
10:07:39,20.27,0.0,1260,2552670,买盘,601012,2025-10-17 22:59:46
10:07:42,20.26,-0.01,1355,2745856,卖盘,601012,2025-10-17 22:59:46
10:07:45,20.27,0.01,1399,2834466,买盘,601012,2025-10-17 22:59:46
10:07:48,20.26,-0.01,1398,2832158,中性盘,601012,2025-10-17 22:59:46
10:07:51,20.27,0.01,1847,3739290,买盘,601012,2025-10-17 22:59:46
10:07:54,20.26,-0.01,1210,2451580,卖盘,601012,2025-10-17 22:59:46
10:07:57,20.26,0.0,938,1900234,买盘,601012,2025-10-17 22:59:46
10:08:00,20.24,-0.02,1457,2951206,卖盘,601012,2025-10-17 22:59:46
10:08:03,20.25,0.01,1252,2534767,买盘,601012,2025-10-17 22:59:46
10:08:06,20.26,0.01,565,1144492,买盘,601012,2025-10-17 22:59:46
10:08:09,20.26,0.0,474,959900,买盘,601012,2025-10-17 22:59:46
10:08:12,20.24,-0.02,1753,3550908,卖盘,601012,2025-10-17 22:59:46
10:08:15,20.24,0.0,2175,4398969,卖盘,601012,2025-10-17 22:59:46
10:08:18,20.24,0.0,462,934526,买盘,601012,2025-10-17 22:59:46
10:08:21,20.24,0.0,166,335746,买盘,601012,2025-10-17 22:59:46
10:08:24,20.19,-0.05,2604,5261017,卖盘,601012,2025-10-17 22:59:46
10:08:27,20.17,-0.02,578,1166622,卖盘,601012,2025-10-17 22:59:46
10:08:30,20.18,0.01,477,962888,卖盘,601012,2025-10-17 22:59:46
10:08:33,20.19,0.01,551,1112290,买盘,601012,2025-10-17 22:59:46
10:08:36,20.19,0.0,136,274701,卖盘,601012,2025-10-17 22:59:46
10:08:39,20.19,0.0,196,395776,卖盘,601012,2025-10-17 22:59:46
10:08:42,20.2,0.01,354,714858,买盘,601012,2025-10-17 22:59:46
10:08:45,20.19,-0.01,454,916596,卖盘,601012,2025-10-17 22:59:46
10:08:48,20.2,0.01,355,716570,买盘,601012,2025-10-17 22:59:46
10:08:51,20.18,-0.02,893,1802253,卖盘,601012,2025-10-17 22:59:46
10:08:54,20.18,0.0,186,375314,买盘,601012,2025-10-17 22:59:46
10:08:57,20.18,0.0,379,764726,买盘,601012,2025-10-17 22:59:46
10:09:00,20.16,-0.02,3693,7446849,卖盘,601012,2025-10-17 22:59:46
10:09:03,20.17,0.01,801,1614279,买盘,601012,2025-10-17 22:59:46
10:09:06,20.19,0.02,752,1516925,买盘,601012,2025-10-17 22:59:46
10:09:09,20.19,0.0,385,776945,买盘,601012,2025-10-17 22:59:46
10:09:12,20.19,0.0,469,946953,买盘,601012,2025-10-17 22:59:46
10:09:15,20.21,0.02,883,1783088,买盘,601012,2025-10-17 22:59:46
10:09:18,20.21,0.0,253,511865,买盘,601012,2025-10-17 22:59:46
10:09:21,20.21,0.0,247,499050,买盘,601012,2025-10-17 22:59:46
10:09:24,20.21,0.0,201,406221,买盘,601012,2025-10-17 22:59:46
10:09:27,20.22,0.01,1036,2093018,买盘,601012,2025-10-17 22:59:46
10:09:30,20.22,0.0,186,376006,买盘,601012,2025-10-17 22:59:46
10:09:33,20.22,0.0,482,974588,买盘,601012,2025-10-17 22:59:46
10:09:36,20.22,0.0,238,481179,买盘,601012,2025-10-17 22:59:46
10:09:39,20.22,0.0,781,1579244,买盘,601012,2025-10-17 22:59:46
10:09:42,20.22,0.0,549,1110113,卖盘,601012,2025-10-17 22:59:46
10:09:45,20.24,0.02,1685,3409229,买盘,601012,2025-10-17 22:59:46
10:09:48,20.24,0.0,585,1184107,卖盘,601012,2025-10-17 22:59:46
10:09:51,20.24,0.0,435,880638,卖盘,601012,2025-10-17 22:59:46
10:09:54,20.25,0.01,641,1298236,买盘,601012,2025-10-17 22:59:46
10:09:57,20.24,-0.01,1206,2440129,卖盘,601012,2025-10-17 22:59:46
10:10:00,20.25,0.01,645,1305673,买盘,601012,2025-10-17 22:59:46
10:10:03,20.24,-0.01,1146,2318497,卖盘,601012,2025-10-17 22:59:46
10:10:06,20.24,0.0,771,1559514,买盘,601012,2025-10-17 22:59:46
10:10:09,20.24,0.0,420,849350,买盘,601012,2025-10-17 22:59:46
10:10:12,20.21,-0.03,175,353939,卖盘,601012,2025-10-17 22:59:46
10:10:15,20.23,0.02,210,424933,买盘,601012,2025-10-17 22:59:46
10:10:18,20.22,-0.01,300,606463,中性盘,601012,2025-10-17 22:59:46
10:10:21,20.21,-0.01,572,1156179,卖盘,601012,2025-10-17 22:59:46
10:10:24,20.21,0.0,459,927790,卖盘,601012,2025-10-17 22:59:46
10:10:27,20.18,-0.03,2306,4655721,卖盘,601012,2025-10-17 22:59:46
10:10:30,20.21,0.03,2390,4823449,买盘,601012,2025-10-17 22:59:46
10:10:33,20.21,0.0,281,567924,买盘,601012,2025-10-17 22:59:46
10:10:36,20.21,0.0,619,1251509,买盘,601012,2025-10-17 22:59:46
10:10:39,20.21,0.0,352,711244,卖盘,601012,2025-10-17 22:59:46
10:10:42,20.2,-0.01,390,788432,卖盘,601012,2025-10-17 22:59:46
10:10:45,20.2,0.0,474,957966,卖盘,601012,2025-10-17 22:59:46
10:10:48,20.2,0.0,184,371777,卖盘,601012,2025-10-17 22:59:46
10:10:51,20.21,0.01,787,1589922,买盘,601012,2025-10-17 22:59:46
10:10:54,20.18,-0.03,1616,3262016,卖盘,601012,2025-10-17 22:59:46
10:10:57,20.2,0.02,42,84816,买盘,601012,2025-10-17 22:59:46
10:11:00,20.2,0.0,154,310959,买盘,601012,2025-10-17 22:59:46
10:11:03,20.19,-0.01,307,619877,卖盘,601012,2025-10-17 22:59:46
10:11:06,20.19,0.0,398,803647,卖盘,601012,2025-10-17 22:59:46
10:11:09,20.19,0.0,1043,2105813,卖盘,601012,2025-10-17 22:59:46
10:11:12,20.21,0.02,2313,4672619,买盘,601012,2025-10-17 22:59:46
10:11:15,20.21,0.0,591,1194645,买盘,601012,2025-10-17 22:59:46
10:11:18,20.21,0.0,2447,4943783,买盘,601012,2025-10-17 22:59:46
10:11:21,20.21,0.0,538,1087614,卖盘,601012,2025-10-17 22:59:46
10:11:24,20.21,0.0,169,341682,卖盘,601012,2025-10-17 22:59:46
10:11:27,20.2,-0.01,576,1164244,卖盘,601012,2025-10-17 22:59:46
10:11:30,20.19,-0.01,495,999716,卖盘,601012,2025-10-17 22:59:46
10:11:33,20.16,-0.03,1341,2705730,卖盘,601012,2025-10-17 22:59:46
10:11:36,20.17,0.01,2382,4806384,买盘,601012,2025-10-17 22:59:46
10:11:39,20.19,0.02,319,643798,买盘,601012,2025-10-17 22:59:46
10:11:42,20.19,0.0,668,1347247,买盘,601012,2025-10-17 22:59:46
10:11:45,20.18,-0.01,332,669929,卖盘,601012,2025-10-17 22:59:46
10:11:48,20.15,-0.03,858,1729280,卖盘,601012,2025-10-17 22:59:46
10:11:51,20.13,-0.02,160,322298,卖盘,601012,2025-10-17 22:59:46
10:11:54,20.13,0.0,849,1709468,卖盘,601012,2025-10-17 22:59:46
10:11:57,20.12,-0.01,769,1547459,卖盘,601012,2025-10-17 22:59:46
10:12:00,20.12,0.0,127,255493,买盘,601012,2025-10-17 22:59:46
10:12:03,20.09,-0.03,2155,4332113,卖盘,601012,2025-10-17 22:59:46
10:12:06,20.07,-0.02,906,1819819,卖盘,601012,2025-10-17 22:59:46
10:12:09,20.09,0.02,750,1506590,买盘,601012,2025-10-17 22:59:46
10:12:12,20.09,0.0,561,1126670,卖盘,601012,2025-10-17 22:59:46
10:12:15,20.09,0.0,499,1002195,买盘,601012,2025-10-17 22:59:46
10:12:18,20.09,0.0,1267,2543576,买盘,601012,2025-10-17 22:59:46
10:12:21,20.07,-0.02,691,1387509,卖盘,601012,2025-10-17 22:59:46
10:12:24,20.09,0.02,5078,10183992,买盘,601012,2025-10-17 22:59:46
10:12:27,20.09,0.0,1578,3165910,买盘,601012,2025-10-17 22:59:46
10:12:30,20.09,0.0,679,1363528,买盘,601012,2025-10-17 22:59:46
10:12:33,20.05,-0.04,2982,5984167,卖盘,601012,2025-10-17 22:59:46
10:12:36,20.06,0.01,2925,5867034,买盘,601012,2025-10-17 22:59:46
10:12:39,20.07,0.01,646,1297150,中性盘,601012,2025-10-17 22:59:46
10:12:42,20.1,0.03,374,750903,中性盘,601012,2025-10-17 22:59:46
10:12:45,20.1,0.0,438,880115,卖盘,601012,2025-10-17 22:59:46
10:12:48,20.1,0.0,615,1236254,卖盘,601012,2025-10-17 22:59:46
10:12:51,20.09,-0.01,555,1115548,卖盘,601012,2025-10-17 22:59:46
10:12:54,20.1,0.01,140,281409,买盘,601012,2025-10-17 22:59:46
10:12:57,20.09,-0.01,353,709261,卖盘,601012,2025-10-17 22:59:46
10:13:00,20.09,0.0,235,472045,买盘,601012,2025-10-17 22:59:46
10:13:03,20.09,0.0,619,1243351,买盘,601012,2025-10-17 22:59:46
10:13:06,20.11,0.02,703,1412724,买盘,601012,2025-10-17 22:59:46
10:13:09,20.11,0.0,486,976556,买盘,601012,2025-10-17 22:59:46
10:13:12,20.1,-0.01,719,1444557,卖盘,601012,2025-10-17 22:59:46
10:13:15,20.11,0.01,510,1025482,买盘,601012,2025-10-17 22:59:46
10:13:18,20.12,0.01,271,545117,买盘,601012,2025-10-17 22:59:46
10:13:21,20.11,-0.01,132,265618,卖盘,601012,2025-10-17 22:59:46
10:13:24,20.12,0.01,461,928128,卖盘,601012,2025-10-17 22:59:46
10:13:27,20.14,0.02,187,376537,买盘,601012,2025-10-17 22:59:46
10:13:30,20.14,0.0,279,562072,卖盘,601012,2025-10-17 22:59:46
10:13:33,20.14,0.0,145,292065,买盘,601012,2025-10-17 22:59:46
10:13:36,20.15,0.01,206,415226,中性盘,601012,2025-10-17 22:59:46
10:13:39,20.14,-0.01,1210,2436093,卖盘,601012,2025-10-17 22:59:46
10:13:42,20.15,0.01,277,557922,买盘,601012,2025-10-17 22:59:46
10:13:45,20.15,0.0,410,826053,买盘,601012,2025-10-17 22:59:46
10:13:48,20.15,0.0,428,862232,买盘,601012,2025-10-17 22:59:46
10:13:51,20.15,0.0,166,334497,中性盘,601012,2025-10-17 22:59:46
10:13:54,20.16,0.01,382,769766,买盘,601012,2025-10-17 22:59:46
10:13:57,20.15,-0.01,382,769736,卖盘,601012,2025-10-17 22:59:46
10:14:00,20.14,-0.01,212,427157,卖盘,601012,2025-10-17 22:59:46
10:14:03,20.14,0.0,562,1131839,卖盘,601012,2025-10-17 22:59:46
10:14:06,20.13,-0.01,186,374601,卖盘,601012,2025-10-17 22:59:46
10:14:09,20.13,0.0,290,583847,卖盘,601012,2025-10-17 22:59:46
10:14:12,20.12,-0.01,110,221369,卖盘,601012,2025-10-17 22:59:46
10:14:15,20.12,0.0,185,372230,买盘,601012,2025-10-17 22:59:46
10:14:18,20.12,0.0,714,1435595,卖盘,601012,2025-10-17 22:59:46
10:14:21,20.12,0.0,325,654023,买盘,601012,2025-10-17 22:59:46
10:14:24,20.12,0.0,228,458760,卖盘,601012,2025-10-17 22:59:46
10:14:27,20.12,0.0,147,295848,卖盘,601012,2025-10-17 22:59:46
10:14:30,20.11,-0.01,236,474807,卖盘,601012,2025-10-17 22:59:46
10:14:33,20.1,-0.01,1076,2162960,卖盘,601012,2025-10-17 22:59:46
10:14:36,20.1,0.0,285,572829,买盘,601012,2025-10-17 22:59:46
10:14:39,20.11,0.01,417,838183,买盘,601012,2025-10-17 22:59:46
10:14:42,20.1,-0.01,504,1013461,卖盘,601012,2025-10-17 22:59:46
10:14:45,20.12,0.02,353,709717,买盘,601012,2025-10-17 22:59:46
10:14:48,20.11,-0.01,202,406272,卖盘,601012,2025-10-17 22:59:46
10:14:51,20.12,0.01,737,1482641,买盘,601012,2025-10-17 22:59:46
10:14:54,20.12,0.0,145,291653,买盘,601012,2025-10-17 22:59:46
10:14:57,20.12,0.0,224,450696,买盘,601012,2025-10-17 22:59:46
10:15:00,20.11,-0.01,326,655950,卖盘,601012,2025-10-17 22:59:46
10:15:03,20.11,0.0,365,734429,卖盘,601012,2025-10-17 22:59:46
10:15:06,20.12,0.01,152,305766,中性盘,601012,2025-10-17 22:59:46
10:15:09,20.12,0.0,286,575506,卖盘,601012,2025-10-17 22:59:46
10:15:12,20.12,0.0,202,406447,卖盘,601012,2025-10-17 22:59:46
10:15:15,20.12,0.0,229,460727,卖盘,601012,2025-10-17 22:59:46
10:15:18,20.12,0.0,397,798684,买盘,601012,2025-10-17 22:59:46
10:15:21,20.1,-0.02,855,1719496,卖盘,601012,2025-10-17 22:59:46
10:15:24,20.09,-0.01,538,1081326,卖盘,601012,2025-10-17 22:59:46
10:15:27,20.09,0.0,811,1629497,卖盘,601012,2025-10-17 22:59:46
10:15:30,20.1,0.01,433,869232,买盘,601012,2025-10-17 22:59:46
10:15:33,20.09,-0.01,187,375708,卖盘,601012,2025-10-17 22:59:46
10:15:36,20.1,0.01,536,1077175,买盘,601012,2025-10-17 22:59:46
10:15:39,20.09,-0.01,382,767738,卖盘,601012,2025-10-17 22:59:46
10:15:42,20.1,0.01,414,831923,买盘,601012,2025-10-17 22:59:46
10:15:45,20.1,0.0,391,785883,买盘,601012,2025-10-17 22:59:46
10:15:48,20.1,0.0,1439,2895656,卖盘,601012,2025-10-17 22:59:46
10:15:51,20.1,0.0,778,1564155,卖盘,601012,2025-10-17 22:59:46
10:15:54,20.11,0.01,392,788970,中性盘,601012,2025-10-17 22:59:46
10:15:57,20.12,0.01,358,720053,买盘,601012,2025-10-17 22:59:46
10:16:00,20.12,0.0,133,267495,买盘,601012,2025-10-17 22:59:46
10:16:03,20.12,0.0,161,323926,卖盘,601012,2025-10-17 22:59:46
10:16:06,20.13,0.01,499,1005000,卖盘,601012,2025-10-17 22:59:46
10:16:09,20.14,0.01,265,533878,中性盘,601012,2025-10-17 22:59:46
10:16:12,20.13,-0.01,487,981426,卖盘,601012,2025-10-17 22:59:46
10:16:15,20.17,0.04,201,405231,买盘,601012,2025-10-17 22:59:46
10:16:18,20.18,0.01,564,1138114,买盘,601012,2025-10-17 22:59:46
10:16:21,20.18,0.0,177,357175,买盘,601012,2025-10-17 22:59:46
10:16:24,20.17,-0.01,899,1813801,卖盘,601012,2025-10-17 22:59:46
10:16:27,20.17,0.0,856,1725826,买盘,601012,2025-10-17 22:59:46
10:16:30,20.17,0.0,1069,2156120,买盘,601012,2025-10-17 22:59:46
10:16:33,20.17,0.0,503,1014627,卖盘,601012,2025-10-17 22:59:46
10:16:36,20.18,0.01,130,262259,买盘,601012,2025-10-17 22:59:46
10:16:39,20.17,-0.01,494,996461,卖盘,601012,2025-10-17 22:59:46
10:16:42,20.18,0.01,288,581161,买盘,601012,2025-10-17 22:59:46
10:16:45,20.18,0.0,67,135190,买盘,601012,2025-10-17 22:59:46
10:16:48,20.18,0.0,141,284562,买盘,601012,2025-10-17 22:59:46
10:16:51,20.18,0.0,132,266376,卖盘,601012,2025-10-17 22:59:46
10:16:54,20.17,-0.01,1630,3288199,卖盘,601012,2025-10-17 22:59:46
10:16:57,20.17,0.0,218,439520,买盘,601012,2025-10-17 22:59:46
10:17:00,20.18,0.01,401,809238,买盘,601012,2025-10-17 22:59:46
10:17:03,20.18,0.0,153,308649,买盘,601012,2025-10-17 22:59:46
10:17:06,20.18,0.0,307,619491,卖盘,601012,2025-10-17 22:59:46
10:17:09,20.19,0.01,140,282522,买盘,601012,2025-10-17 22:59:46
10:17:12,20.18,-0.01,439,885981,卖盘,601012,2025-10-17 22:59:46
10:17:15,20.18,0.0,335,676427,卖盘,601012,2025-10-17 22:59:46
10:17:18,20.19,0.01,130,262463,买盘,601012,2025-10-17 22:59:46
10:17:21,20.18,-0.01,332,670296,卖盘,601012,2025-10-17 22:59:46
10:17:24,20.18,0.0,90,181713,卖盘,601012,2025-10-17 22:59:46
10:17:27,20.19,0.01,234,472355,买盘,601012,2025-10-17 22:59:46
10:17:30,20.2,0.01,140,282747,买盘,601012,2025-10-17 22:59:46
10:17:33,20.2,0.0,163,329184,买盘,601012,2025-10-17 22:59:46
10:17:36,20.2,0.0,440,888450,买盘,601012,2025-10-17 22:59:46
10:17:39,20.21,0.01,2445,4939746,买盘,601012,2025-10-17 22:59:46
10:17:42,20.22,0.01,547,1105320,买盘,601012,2025-10-17 22:59:46
10:17:45,20.21,-0.01,272,549728,卖盘,601012,2025-10-17 22:59:46
10:17:48,20.21,0.0,989,1998550,买盘,601012,2025-10-17 22:59:46
10:17:51,20.2,-0.01,1007,2033469,卖盘,601012,2025-10-17 22:59:46
10:17:54,20.19,-0.01,983,1983834,中性盘,601012,2025-10-17 22:59:46
10:17:57,20.19,0.0,346,698527,买盘,601012,2025-10-17 22:59:46
10:18:00,20.18,-0.01,259,522833,卖盘,601012,2025-10-17 22:59:46
10:18:03,20.18,0.0,133,268420,卖盘,601012,2025-10-17 22:59:46
10:18:06,20.18,0.0,329,663858,买盘,601012,2025-10-17 22:59:46
10:18:09,20.18,0.0,283,571105,卖盘,601012,2025-10-17 22:59:46
10:18:12,20.17,-0.01,300,605236,卖盘,601012,2025-10-17 22:59:46
10:18:15,20.18,0.01,102,205803,买盘,601012,2025-10-17 22:59:46
10:18:18,20.17,-0.01,1773,3573885,卖盘,601012,2025-10-17 22:59:46
10:18:21,20.16,-0.01,246,496067,中性盘,601012,2025-10-17 22:59:46
10:18:24,20.15,-0.01,109,219751,卖盘,601012,2025-10-17 22:59:46
10:18:27,20.16,0.01,89,179383,买盘,601012,2025-10-17 22:59:46
10:18:30,20.16,0.0,370,745583,买盘,601012,2025-10-17 22:59:46
10:18:33,20.16,0.0,700,1410575,买盘,601012,2025-10-17 22:59:46
10:18:36,20.15,-0.01,58,116897,卖盘,601012,2025-10-17 22:59:46
10:18:39,20.16,0.01,332,669174,买盘,601012,2025-10-17 22:59:46
10:18:42,20.15,-0.01,218,439355,卖盘,601012,2025-10-17 22:59:46
10:18:45,20.15,0.0,114,229767,卖盘,601012,2025-10-17 22:59:46
10:18:48,20.15,0.0,473,953107,卖盘,601012,2025-10-17 22:59:46
10:18:51,20.15,0.0,235,473505,买盘,601012,2025-10-17 22:59:46
10:18:54,20.16,0.01,163,328495,买盘,601012,2025-10-17 22:59:46
10:18:57,20.15,-0.01,102,205530,卖盘,601012,2025-10-17 22:59:46
10:19:00,20.15,0.0,152,306171,买盘,601012,2025-10-17 22:59:46
10:19:03,20.14,-0.01,79,159185,卖盘,601012,2025-10-17 22:59:46
10:19:06,20.15,0.01,60,120863,买盘,601012,2025-10-17 22:59:46
10:19:09,20.14,-0.01,72,145112,卖盘,601012,2025-10-17 22:59:46
10:19:12,20.14,0.0,155,312210,卖盘,601012,2025-10-17 22:59:46
10:19:15,20.14,0.0,136,273878,卖盘,601012,2025-10-17 22:59:46
10:19:18,20.14,0.0,30,60420,买盘,601012,2025-10-17 22:59:46
10:19:21,20.13,-0.01,58,116791,卖盘,601012,2025-10-17 22:59:46
10:19:24,20.13,0.0,228,459062,卖盘,601012,2025-10-17 22:59:46
10:19:27,20.13,0.0,140,281814,买盘,601012,2025-10-17 22:59:46
10:19:30,20.12,-0.01,283,569557,卖盘,601012,2025-10-17 22:59:46
10:19:33,20.12,0.0,230,462755,卖盘,601012,2025-10-17 22:59:46
10:19:36,20.11,-0.01,257,517067,卖盘,601012,2025-10-17 22:59:46
10:19:39,20.12,0.01,264,531188,卖盘,601012,2025-10-17 22:59:46
10:19:42,20.12,0.0,427,859003,卖盘,601012,2025-10-17 22:59:46
10:19:45,20.11,-0.01,136,273533,卖盘,601012,2025-10-17 22:59:46
10:19:48,20.11,0.0,89,179011,卖盘,601012,2025-10-17 22:59:46
10:19:51,20.12,0.01,163,327832,买盘,601012,2025-10-17 22:59:46
10:19:54,20.11,-0.01,206,414335,卖盘,601012,2025-10-17 22:59:46
10:19:57,20.11,0.0,442,888484,卖盘,601012,2025-10-17 22:59:46
10:20:00,20.08,-0.03,1141,2292886,卖盘,601012,2025-10-17 22:59:46
10:20:03,20.09,0.01,201,403769,中性盘,601012,2025-10-17 22:59:46
10:20:06,20.09,0.0,47,94447,卖盘,601012,2025-10-17 22:59:46
10:20:09,20.09,0.0,365,733146,卖盘,601012,2025-10-17 22:59:46
10:20:12,20.1,0.01,292,586635,买盘,601012,2025-10-17 22:59:46
10:20:15,20.08,-0.02,255,512059,卖盘,601012,2025-10-17 22:59:46
10:20:18,20.09,0.01,871,1749246,买盘,601012,2025-10-17 22:59:46
10:20:21,20.09,0.0,215,431933,买盘,601012,2025-10-17 22:59:46
10:20:24,20.08,-0.01,331,664833,卖盘,601012,2025-10-17 22:59:46
10:20:27,20.09,0.01,1159,2328370,买盘,601012,2025-10-17 22:59:46
10:20:30,20.09,0.0,826,1658840,卖盘,601012,2025-10-17 22:59:46
10:20:33,20.08,-0.01,189,379618,卖盘,601012,2025-10-17 22:59:46
10:20:36,20.08,0.0,219,439840,卖盘,601012,2025-10-17 22:59:46
10:20:39,20.07,-0.01,132,265815,卖盘,601012,2025-10-17 22:59:46
10:20:42,20.08,0.01,166,333226,买盘,601012,2025-10-17 22:59:46
10:20:45,20.07,-0.01,275,551953,卖盘,601012,2025-10-17 22:59:46
10:20:48,20.07,0.0,180,361296,卖盘,601012,2025-10-17 22:59:46
10:20:51,20.07,0.0,371,744632,卖盘,601012,2025-10-17 22:59:46
10:20:54,20.07,0.0,1207,2422453,卖盘,601012,2025-10-17 22:59:46
10:20:57,20.07,0.0,505,1013550,卖盘,601012,2025-10-17 22:59:46
10:21:00,20.07,0.0,439,881838,买盘,601012,2025-10-17 22:59:46
10:21:03,20.07,0.0,329,660351,买盘,601012,2025-10-17 22:59:46
10:21:06,20.07,0.0,494,991542,卖盘,601012,2025-10-17 22:59:46
10:21:09,20.07,0.0,457,917053,卖盘,601012,2025-10-17 22:59:46
10:21:12,20.06,-0.01,136,272850,卖盘,601012,2025-10-17 22:59:46
10:21:15,20.04,-0.02,3764,7545511,卖盘,601012,2025-10-17 22:59:46
10:21:18,20.05,0.01,782,1567356,买盘,601012,2025-10-17 22:59:46
10:21:21,20.04,-0.01,344,689598,中性盘,601012,2025-10-17 22:59:46
10:21:24,20.06,0.02,1161,2328532,买盘,601012,2025-10-17 22:59:46
10:21:27,20.06,0.0,507,1017043,卖盘,601012,2025-10-17 22:59:46
10:21:30,20.06,0.0,704,1411523,卖盘,601012,2025-10-17 22:59:46
10:21:33,20.06,0.0,399,800442,卖盘,601012,2025-10-17 22:59:46
10:21:36,20.06,0.0,374,750388,卖盘,601012,2025-10-17 22:59:46
10:21:39,20.06,0.0,290,581638,买盘,601012,2025-10-17 22:59:46
10:21:42,20.05,-0.01,258,518325,卖盘,601012,2025-10-17 22:59:46
10:21:45,20.05,0.0,810,1623362,买盘,601012,2025-10-17 22:59:46
10:21:48,20.04,-0.01,735,1473907,卖盘,601012,2025-10-17 22:59:46
10:21:51,20.05,0.01,445,892142,中性盘,601012,2025-10-17 22:59:46
10:21:54,20.05,0.0,372,746433,买盘,601012,2025-10-17 22:59:46
10:21:57,20.04,-0.01,217,434946,中性盘,601012,2025-10-17 22:59:46
10:22:00,20.05,0.01,246,493105,买盘,601012,2025-10-17 22:59:46
10:22:03,20.04,-0.01,332,665309,卖盘,601012,2025-10-17 22:59:46
10:22:06,20.04,0.0,386,773813,卖盘,601012,2025-10-17 22:59:46
10:22:09,20.04,0.0,438,877893,卖盘,601012,2025-10-17 22:59:46
10:22:12,20.06,0.02,836,1675398,买盘,601012,2025-10-17 22:59:46
10:22:15,20.06,0.0,454,910644,买盘,601012,2025-10-17 22:59:46
10:22:18,20.07,0.01,209,419255,买盘,601012,2025-10-17 22:59:46
10:22:21,20.05,-0.02,739,1482479,卖盘,601012,2025-10-17 22:59:46
10:22:24,20.06,0.01,498,999073,中性盘,601012,2025-10-17 22:59:46
10:22:27,20.06,0.0,491,985147,买盘,601012,2025-10-17 22:59:46
10:22:30,20.07,0.01,726,1456359,买盘,601012,2025-10-17 22:59:46
10:22:33,20.08,0.01,344,690391,买盘,601012,2025-10-17 22:59:46
10:22:36,20.08,0.0,449,901457,买盘,601012,2025-10-17 22:59:46
10:22:39,20.08,0.0,242,485374,买盘,601012,2025-10-17 22:59:46
10:22:42,20.08,0.0,503,1010286,卖盘,601012,2025-10-17 22:59:46
10:22:45,20.09,0.01,462,928514,买盘,601012,2025-10-17 22:59:46
10:22:48,20.07,-0.02,865,1737072,卖盘,601012,2025-10-17 22:59:46
10:22:51,20.07,0.0,422,847284,卖盘,601012,2025-10-17 22:59:46
10:22:54,20.07,0.0,610,1224084,卖盘,601012,2025-10-17 22:59:46
10:22:57,20.06,-0.01,1279,2565021,卖盘,601012,2025-10-17 22:59:46
10:23:00,20.06,0.0,666,1336274,买盘,601012,2025-10-17 22:59:46
10:23:03,20.07,0.01,271,543580,买盘,601012,2025-10-17 22:59:46
10:23:06,20.06,-0.01,348,698017,中性盘,601012,2025-10-17 22:59:46
10:23:09,20.06,0.0,461,924602,买盘,601012,2025-10-17 22:59:46
10:23:12,20.06,0.0,440,882626,买盘,601012,2025-10-17 22:59:46
10:23:15,20.06,0.0,247,495617,卖盘,601012,2025-10-17 22:59:46
10:23:18,20.06,0.0,118,236817,卖盘,601012,2025-10-17 22:59:46
10:23:21,20.07,0.01,435,872726,买盘,601012,2025-10-17 22:59:46
10:23:24,20.07,0.0,247,494860,买盘,601012,2025-10-17 22:59:46
10:23:27,20.07,0.0,273,547961,卖盘,601012,2025-10-17 22:59:46
10:23:30,20.07,0.0,123,246857,买盘,601012,2025-10-17 22:59:46
10:23:33,20.07,0.0,153,307166,卖盘,601012,2025-10-17 22:59:46
10:23:36,20.07,0.0,284,569942,卖盘,601012,2025-10-17 22:59:46
10:23:39,20.07,0.0,594,1191754,卖盘,601012,2025-10-17 22:59:46
10:23:42,20.07,0.0,309,619991,买盘,601012,2025-10-17 22:59:46
10:23:45,20.07,0.0,201,403353,买盘,601012,2025-10-17 22:59:46
10:23:48,20.07,0.0,272,545618,卖盘,601012,2025-10-17 22:59:46
10:23:51,20.05,-0.02,1561,3131081,卖盘,601012,2025-10-17 22:59:46
10:23:54,20.05,0.0,198,397046,买盘,601012,2025-10-17 22:59:46
10:23:57,20.05,0.0,514,1030477,买盘,601012,2025-10-17 22:59:46
10:24:00,20.03,-0.02,1985,3978098,卖盘,601012,2025-10-17 22:59:46
10:24:03,20.04,0.01,1138,2279822,中性盘,601012,2025-10-17 22:59:46
10:24:06,20.04,0.0,397,795425,买盘,601012,2025-10-17 22:59:46
10:24:09,20.01,-0.03,2667,5339779,卖盘,601012,2025-10-17 22:59:46
10:24:12,20.01,0.0,1510,3021697,卖盘,601012,2025-10-17 22:59:46
10:24:15,20.01,0.0,1721,3443145,卖盘,601012,2025-10-17 22:59:46
10:24:18,20.01,0.0,592,1184401,买盘,601012,2025-10-17 22:59:46
10:24:21,20.0,-0.01,2214,4428125,卖盘,601012,2025-10-17 22:59:46
10:24:24,20.01,0.01,4930,9860344,买盘,601012,2025-10-17 22:59:46
10:24:27,20.0,-0.01,897,1794135,卖盘,601012,2025-10-17 22:59:46
10:24:30,20.0,0.0,667,1334073,卖盘,601012,2025-10-17 22:59:46
10:24:33,20.0,0.0,664,1328048,卖盘,601012,2025-10-17 22:59:46
10:24:36,20.0,0.0,587,1174012,卖盘,601012,2025-10-17 22:59:46
10:24:39,20.0,0.0,928,1855435,买盘,601012,2025-10-17 22:59:46
10:24:42,19.99,-0.01,1534,3066443,卖盘,601012,2025-10-17 22:59:46
10:24:45,19.98,-0.01,420,839397,卖盘,601012,2025-10-17 22:59:46
10:24:48,19.98,0.0,1587,3170953,卖盘,601012,2025-10-17 22:59:46
10:24:51,19.99,0.01,1234,2465837,买盘,601012,2025-10-17 22:59:46
10:24:54,19.99,0.0,742,1482803,买盘,601012,2025-10-17 22:59:46
10:24:57,19.98,-0.01,1636,3268789,卖盘,601012,2025-10-17 22:59:46
10:25:00,19.98,0.0,410,819152,买盘,601012,2025-10-17 22:59:46
10:25:03,19.97,-0.01,570,1138687,卖盘,601012,2025-10-17 22:59:46
10:25:06,19.98,0.01,799,1595856,买盘,601012,2025-10-17 22:59:46
10:25:09,19.98,0.0,689,1376240,买盘,601012,2025-10-17 22:59:46
10:25:12,19.97,-0.01,597,1192606,卖盘,601012,2025-10-17 22:59:46
10:25:15,19.98,0.01,1221,2439978,买盘,601012,2025-10-17 22:59:46
10:25:18,19.97,-0.01,969,1935691,卖盘,601012,2025-10-17 22:59:46
10:25:21,19.97,0.0,388,775205,卖盘,601012,2025-10-17 22:59:46
10:25:24,19.99,0.02,625,1248535,买盘,601012,2025-10-17 22:59:46
10:25:27,19.97,-0.02,13293,26527562,卖盘,601012,2025-10-17 22:59:46
10:25:30,19.9,-0.07,10283,20478103,卖盘,601012,2025-10-17 22:59:46
10:25:33,19.97,0.07,10466,20860583,买盘,601012,2025-10-17 22:59:46
10:25:36,19.98,0.01,1300,2598311,买盘,601012,2025-10-17 22:59:46
10:25:39,19.98,0.0,1390,2779415,买盘,601012,2025-10-17 22:59:46
10:25:42,19.97,-0.01,1181,2360440,卖盘,601012,2025-10-17 22:59:46
10:25:45,20.0,0.03,502,1003336,买盘,601012,2025-10-17 22:59:46
10:25:48,20.0,0.0,236,471859,卖盘,601012,2025-10-17 22:59:46
10:25:51,20.0,0.0,380,759739,买盘,601012,2025-10-17 22:59:46
10:25:54,20.0,0.0,344,688107,中性盘,601012,2025-10-17 22:59:46
10:25:57,20.0,0.0,321,642085,卖盘,601012,2025-10-17 22:59:46
10:26:00,19.89,-0.11,9694,19327810,卖盘,601012,2025-10-17 22:59:46
10:26:03,19.99,0.1,734,1462409,买盘,601012,2025-10-17 22:59:46
10:26:06,19.98,-0.01,839,1676251,中性盘,601012,2025-10-17 22:59:46
10:26:09,19.98,0.0,295,589111,中性盘,601012,2025-10-17 22:59:46
10:26:12,19.99,0.01,638,1274378,买盘,601012,2025-10-17 22:59:46
10:26:15,19.99,0.0,6903,13769928,买盘,601012,2025-10-17 22:59:46
10:26:18,19.98,-0.01,1900,3790846,卖盘,601012,2025-10-17 22:59:46
10:26:21,19.96,-0.02,4779,9533243,卖盘,601012,2025-10-17 22:59:46
10:26:24,19.97,0.01,11041,21985922,买盘,601012,2025-10-17 22:59:46
10:26:27,19.96,-0.01,477,952419,卖盘,601012,2025-10-17 22:59:46
10:26:30,19.97,0.01,248,495077,买盘,601012,2025-10-17 22:59:46
10:26:33,19.96,-0.01,647,1291450,买盘,601012,2025-10-17 22:59:46
10:26:36,19.97,0.01,408,814702,买盘,601012,2025-10-17 22:59:46
10:26:39,19.96,-0.01,564,1126101,卖盘,601012,2025-10-17 22:59:46
10:26:42,19.97,0.01,4579,9143767,买盘,601012,2025-10-17 22:59:46
10:26:45,19.96,-0.01,815,1627698,卖盘,601012,2025-10-17 22:59:46
10:26:48,19.97,0.01,234,467248,卖盘,601012,2025-10-17 22:59:46
10:26:51,19.97,0.0,179,357480,买盘,601012,2025-10-17 22:59:46
10:26:54,19.97,0.0,629,1256615,卖盘,601012,2025-10-17 22:59:46
10:26:57,19.97,0.0,365,728919,卖盘,601012,2025-10-17 22:59:46
10:27:00,19.97,0.0,6936,13839461,卖盘,601012,2025-10-17 22:59:46
10:27:03,19.98,0.01,1927,3852820,买盘,601012,2025-10-17 22:59:46
10:27:06,20.0,0.02,289,577774,买盘,601012,2025-10-17 22:59:46
10:27:09,19.99,-0.01,352,703737,卖盘,601012,2025-10-17 22:59:46
10:27:12,20.01,0.02,196,391942,买盘,601012,2025-10-17 22:59:46
10:27:15,20.01,0.0,345,690318,买盘,601012,2025-10-17 22:59:46
10:27:18,20.01,0.0,195,390276,买盘,601012,2025-10-17 22:59:46
10:27:21,20.01,0.0,12591,25113589,卖盘,601012,2025-10-17 22:59:46
10:27:24,20.03,0.02,260,521344,中性盘,601012,2025-10-17 22:59:46
10:27:27,20.02,-0.01,219,438458,中性盘,601012,2025-10-17 22:59:46
10:27:30,20.03,0.01,302,604795,买盘,601012,2025-10-17 22:59:46
10:27:33,20.01,-0.02,408,816766,卖盘,601012,2025-10-17 22:59:46
10:27:36,20.03,0.02,920,1842035,买盘,601012,2025-10-17 22:59:46
10:27:39,20.03,0.0,360,721272,中性盘,601012,2025-10-17 22:59:46
10:27:42,20.02,-0.01,259,518665,卖盘,601012,2025-10-17 22:59:46
10:27:45,20.02,0.0,380,760909,卖盘,601012,2025-10-17 22:59:46
10:27:48,20.02,0.0,774,1549490,卖盘,601012,2025-10-17 22:59:46
10:27:51,20.01,-0.01,409,818352,卖盘,601012,2025-10-17 22:59:46
10:27:54,20.03,0.02,1510,3022194,买盘,601012,2025-10-17 22:59:46
10:27:57,20.06,0.03,387,775544,买盘,601012,2025-10-17 22:59:46
10:28:00,20.06,0.0,156,312685,买盘,601012,2025-10-17 22:59:46
10:28:03,20.03,-0.03,205,411019,卖盘,601012,2025-10-17 22:59:46
10:28:06,20.04,0.01,319,639232,买盘,601012,2025-10-17 22:59:46
10:28:09,20.04,0.0,461,923785,买盘,601012,2025-10-17 22:59:46
10:28:12,20.06,0.02,140,280727,买盘,601012,2025-10-17 22:59:46
10:28:15,20.06,0.0,217,435149,买盘,601012,2025-10-17 22:59:46
10:28:18,20.07,0.01,143,286834,买盘,601012,2025-10-17 22:59:46
10:28:21,20.04,-0.03,1453,2912203,卖盘,601012,2025-10-17 22:59:46
10:28:24,20.04,0.0,454,910493,买盘,601012,2025-10-17 22:59:46
10:28:27,20.04,0.0,407,816114,买盘,601012,2025-10-17 22:59:46
10:28:30,20.08,0.04,1368,2742047,买盘,601012,2025-10-17 22:59:46
10:28:33,20.03,-0.05,1420,2844776,卖盘,601012,2025-10-17 22:59:46
10:28:36,20.02,-0.01,876,1754657,卖盘,601012,2025-10-17 22:59:46
10:28:39,20.04,0.02,663,1327561,买盘,601012,2025-10-17 22:59:46
10:28:42,20.03,-0.01,97,194299,卖盘,601012,2025-10-17 22:59:46
10:28:45,20.03,0.0,224,448617,买盘,601012,2025-10-17 22:59:46
10:28:48,20.03,0.0,654,1309636,买盘,601012,2025-10-17 22:59:46
10:28:51,20.03,0.0,397,794957,买盘,601012,2025-10-17 22:59:46
10:28:54,20.03,0.0,242,484847,卖盘,601012,2025-10-17 22:59:46
10:28:57,20.04,0.01,905,1812139,买盘,601012,2025-10-17 22:59:46
10:29:00,20.02,-0.02,1007,2015600,中性盘,601012,2025-10-17 22:59:46
10:29:03,20.0,-0.02,12088,24084329,卖盘,601012,2025-10-17 22:59:46
10:29:06,19.98,-0.02,259,517740,中性盘,601012,2025-10-17 22:59:46
10:29:09,19.99,0.01,313,625366,买盘,601012,2025-10-17 22:59:46
10:29:12,19.98,-0.01,872,1742080,卖盘,601012,2025-10-17 22:59:46
10:29:15,19.97,-0.01,278,555313,卖盘,601012,2025-10-17 22:59:46
10:29:18,19.99,0.02,433,864729,买盘,601012,2025-10-17 22:59:46
10:29:21,19.96,-0.03,248,495233,卖盘,601012,2025-10-17 22:59:46
10:29:24,19.96,0.0,218,435052,买盘,601012,2025-10-17 22:59:46
10:29:27,19.96,0.0,383,764257,买盘,601012,2025-10-17 22:59:46
10:29:30,19.96,0.0,334,666522,买盘,601012,2025-10-17 22:59:46
10:29:33,19.95,-0.01,605,1207105,卖盘,601012,2025-10-17 22:59:46
10:29:36,19.97,0.02,591,1179268,买盘,601012,2025-10-17 22:59:46
10:29:39,19.96,-0.01,251,500794,中性盘,601012,2025-10-17 22:59:46
10:29:42,19.96,0.0,244,486952,卖盘,601012,2025-10-17 22:59:46
10:29:45,19.95,-0.01,348,694425,卖盘,601012,2025-10-17 22:59:46
10:29:48,19.95,0.0,293,584554,买盘,601012,2025-10-17 22:59:46
10:29:51,19.94,-0.01,842,1679130,卖盘,601012,2025-10-17 22:59:46
10:29:54,19.94,0.0,566,1128722,买盘,601012,2025-10-17 22:59:46
10:29:57,19.94,0.0,730,1456109,买盘,601012,2025-10-17 22:59:46
10:30:00,19.94,0.0,643,1282343,卖盘,601012,2025-10-17 22:59:46
10:30:03,19.94,0.0,818,1630589,卖盘,601012,2025-10-17 22:59:46
10:30:06,19.94,0.0,378,753768,卖盘,601012,2025-10-17 22:59:46
10:30:09,19.94,0.0,416,829413,买盘,601012,2025-10-17 22:59:46
10:30:12,19.95,0.01,945,1884599,买盘,601012,2025-10-17 22:59:46
10:30:15,19.95,0.0,325,648072,买盘,601012,2025-10-17 22:59:46
10:30:18,19.95,0.0,511,1019387,买盘,601012,2025-10-17 22:59:46
10:30:21,19.96,0.01,1084,2163938,买盘,601012,2025-10-17 22:59:46
10:30:24,19.96,0.0,619,1235831,卖盘,601012,2025-10-17 22:59:46
10:30:27,19.97,0.01,139,277556,买盘,601012,2025-10-17 22:59:46
10:30:30,19.96,-0.01,270,539270,卖盘,601012,2025-10-17 22:59:46
10:30:33,19.99,0.03,180,359450,买盘,601012,2025-10-17 22:59:46
10:30:36,19.99,0.0,213,425500,买盘,601012,2025-10-17 22:59:46
10:30:39,19.97,-0.02,308,615265,卖盘,601012,2025-10-17 22:59:46
10:30:42,19.99,0.02,233,465117,买盘,601012,2025-10-17 22:59:46
10:30:45,19.99,0.0,298,595177,买盘,601012,2025-10-17 22:59:46
10:30:48,19.97,-0.02,235,469698,卖盘,601012,2025-10-17 22:59:46
10:30:51,19.97,0.0,561,1120285,买盘,601012,2025-10-17 22:59:46
10:30:54,19.98,0.01,251,500895,买盘,601012,2025-10-17 22:59:46
10:30:57,19.98,0.0,163,325585,买盘,601012,2025-10-17 22:59:46
10:31:00,19.98,0.0,354,707090,买盘,601012,2025-10-17 22:59:46
10:31:03,19.96,-0.02,539,1076794,卖盘,601012,2025-10-17 22:59:46
10:31:06,19.97,0.01,325,648846,买盘,601012,2025-10-17 22:59:46
10:31:09,19.97,0.0,293,584943,买盘,601012,2025-10-17 22:59:46
10:31:12,19.98,0.01,1657,3309104,买盘,601012,2025-10-17 22:59:46
10:31:15,19.97,-0.01,211,421427,卖盘,601012,2025-10-17 22:59:46
10:31:18,19.98,0.01,100,199785,买盘,601012,2025-10-17 22:59:46
10:31:21,19.98,0.0,360,719271,买盘,601012,2025-10-17 22:59:46
10:31:24,19.99,0.01,733,1465365,买盘,601012,2025-10-17 22:59:46
10:31:27,20.0,0.01,961,1922135,买盘,601012,2025-10-17 22:59:46
10:31:30,20.01,0.01,265,530191,买盘,601012,2025-10-17 22:59:46
10:31:33,20.0,-0.01,462,924213,卖盘,601012,2025-10-17 22:59:46
10:31:36,20.0,0.0,294,588186,卖盘,601012,2025-10-17 22:59:46
10:31:39,20.0,0.0,234,468048,买盘,601012,2025-10-17 22:59:46
10:31:42,20.0,0.0,173,345973,买盘,601012,2025-10-17 22:59:46
10:31:45,20.0,0.0,273,546728,买盘,601012,2025-10-17 22:59:46
10:31:48,20.0,0.0,166,331973,买盘,601012,2025-10-17 22:59:46
10:31:51,20.0,0.0,383,765889,买盘,601012,2025-10-17 22:59:46
10:31:54,20.0,0.0,197,393992,买盘,601012,2025-10-17 22:59:46
10:31:57,20.0,0.0,252,503982,买盘,601012,2025-10-17 22:59:46
10:32:00,20.0,0.0,436,872032,买盘,601012,2025-10-17 22:59:46
10:32:03,20.0,0.0,189,377974,买盘,601012,2025-10-17 22:59:46
10:32:06,19.98,-0.02,1161,2320482,卖盘,601012,2025-10-17 22:59:46
10:32:09,19.99,0.01,359,717412,买盘,601012,2025-10-17 22:59:46
10:32:12,19.99,0.0,428,855269,买盘,601012,2025-10-17 22:59:46
10:32:15,19.98,-0.01,298,595329,卖盘,601012,2025-10-17 22:59:46
10:32:18,19.99,0.01,182,363811,中性盘,601012,2025-10-17 22:59:46
10:32:21,19.98,-0.01,182,363680,卖盘,601012,2025-10-17 22:59:46
10:32:24,19.99,0.01,158,315704,买盘,601012,2025-10-17 22:59:46
10:32:27,19.98,-0.01,294,587542,卖盘,601012,2025-10-17 22:59:46
10:32:30,19.99,0.01,42,83949,买盘,601012,2025-10-17 22:59:46
10:32:33,19.98,-0.01,120,239815,卖盘,601012,2025-10-17 22:59:46
10:32:36,19.98,0.0,162,323784,卖盘,601012,2025-10-17 22:59:46
10:32:39,20.0,0.02,402,803766,买盘,601012,2025-10-17 22:59:46
10:32:42,20.0,0.0,687,1373619,买盘,601012,2025-10-17 22:59:46
10:32:45,20.0,0.0,747,1494216,买盘,601012,2025-10-17 22:59:46
10:32:48,20.01,0.01,101,202012,买盘,601012,2025-10-17 22:59:46
10:32:51,20.0,-0.01,390,780039,卖盘,601012,2025-10-17 22:59:46
10:32:54,20.0,0.0,120,240016,买盘,601012,2025-10-17 22:59:46
10:32:57,20.0,0.0,125,250076,卖盘,601012,2025-10-17 22:59:46
10:33:00,20.0,0.0,295,590194,卖盘,601012,2025-10-17 22:59:46
10:33:03,20.0,0.0,740,1480138,卖盘,601012,2025-10-17 22:59:46
10:33:06,19.99,-0.01,169,337923,卖盘,601012,2025-10-17 22:59:46
10:33:09,19.99,0.0,663,1325102,卖盘,601012,2025-10-17 22:59:46
10:33:12,19.98,-0.01,1412,2821438,卖盘,601012,2025-10-17 22:59:46
10:33:15,19.97,-0.01,130,259709,卖盘,601012,2025-10-17 22:59:46
10:33:18,19.99,0.02,398,795034,买盘,601012,2025-10-17 22:59:46
10:33:21,19.98,-0.01,84,167853,卖盘,601012,2025-10-17 22:59:46
10:33:24,20.0,0.02,991,1981267,买盘,601012,2025-10-17 22:59:46
10:33:27,20.0,0.0,480,959939,买盘,601012,2025-10-17 22:59:46
10:33:30,19.99,-0.01,932,1863520,卖盘,601012,2025-10-17 22:59:46
10:33:33,20.0,0.01,247,493925,买盘,601012,2025-10-17 22:59:46
10:33:36,19.98,-0.02,10927,21798973,卖盘,601012,2025-10-17 22:59:46
10:33:39,19.97,-0.01,299,597170,买盘,601012,2025-10-17 22:59:46
10:33:42,19.97,0.0,240,479315,买盘,601012,2025-10-17 22:59:46
10:33:45,19.96,-0.01,296,591016,卖盘,601012,2025-10-17 22:59:46
10:33:48,19.96,0.0,248,495005,买盘,601012,2025-10-17 22:59:46
10:33:51,19.95,-0.01,1309,2609843,卖盘,601012,2025-10-17 22:59:46
10:33:54,19.95,0.0,126,251335,买盘,601012,2025-10-17 22:59:46
10:33:57,19.92,-0.03,1207,2403365,卖盘,601012,2025-10-17 22:59:46
10:34:00,19.94,0.02,355,707643,买盘,601012,2025-10-17 22:59:46
10:34:03,19.92,-0.02,398,793302,卖盘,601012,2025-10-17 22:59:46
10:34:06,19.92,0.0,375,747105,卖盘,601012,2025-10-17 22:59:46
10:34:09,19.92,0.0,655,1304834,买盘,601012,2025-10-17 22:59:46
10:34:12,19.92,0.0,373,743039,卖盘,601012,2025-10-17 22:59:46
10:34:15,19.92,0.0,435,866539,卖盘,601012,2025-10-17 22:59:46
10:34:18,19.94,0.02,1410,2810795,买盘,601012,2025-10-17 22:59:46
10:34:21,19.94,0.0,288,574342,卖盘,601012,2025-10-17 22:59:46
10:34:24,19.94,0.0,264,526453,卖盘,601012,2025-10-17 22:59:46
10:34:27,19.94,0.0,524,1045020,卖盘,601012,2025-10-17 22:59:46
10:34:30,19.95,0.01,991,1978146,买盘,601012,2025-10-17 22:59:46
10:34:33,19.95,0.0,373,744014,卖盘,601012,2025-10-17 22:59:46
10:34:36,19.94,-0.01,808,1611440,卖盘,601012,2025-10-17 22:59:46
10:34:39,19.95,0.01,1014,2022382,买盘,601012,2025-10-17 22:59:46
10:34:42,19.94,-0.01,230,458744,卖盘,601012,2025-10-17 22:59:46
10:34:45,19.95,0.01,207,413036,中性盘,601012,2025-10-17 22:59:46
10:34:48,19.95,0.0,447,892011,买盘,601012,2025-10-17 22:59:46
10:34:51,19.97,0.02,129,257467,买盘,601012,2025-10-17 22:59:46
10:34:54,19.97,0.0,87,173690,买盘,601012,2025-10-17 22:59:46
10:34:57,19.97,0.0,86,171757,买盘,601012,2025-10-17 22:59:46
10:35:00,19.98,0.01,44,87893,买盘,601012,2025-10-17 22:59:46
10:35:03,19.98,0.0,140,279651,买盘,601012,2025-10-17 22:59:46
10:35:06,19.97,-0.01,451,900442,卖盘,601012,2025-10-17 22:59:46
10:35:09,19.97,0.0,1056,2106592,买盘,601012,2025-10-17 22:59:46
10:35:12,19.98,0.01,1529,3052523,买盘,601012,2025-10-17 22:59:46
10:35:15,19.97,-0.01,38,75892,卖盘,601012,2025-10-17 22:59:46
10:35:18,19.98,0.01,302,603171,买盘,601012,2025-10-17 22:59:46
10:35:21,19.97,-0.01,575,1148304,卖盘,601012,2025-10-17 22:59:46
10:35:24,19.97,0.0,145,289567,买盘,601012,2025-10-17 22:59:46
10:35:27,19.97,0.0,134,267615,卖盘,601012,2025-10-17 22:59:46
10:35:30,19.97,0.0,210,419300,买盘,601012,2025-10-17 22:59:46
10:35:33,19.97,0.0,313,624901,买盘,601012,2025-10-17 22:59:46
10:35:36,19.96,-0.01,320,638976,卖盘,601012,2025-10-17 22:59:46
10:35:39,19.96,0.0,986,1968694,卖盘,601012,2025-10-17 22:59:46
10:35:42,19.96,0.0,101,201586,买盘,601012,2025-10-17 22:59:46
10:35:45,19.95,-0.01,914,1823609,卖盘,601012,2025-10-17 22:59:46
10:35:48,19.96,0.01,150,299327,买盘,601012,2025-10-17 22:59:46
10:35:51,19.95,-0.01,163,325178,卖盘,601012,2025-10-17 22:59:46
10:35:54,19.95,0.0,196,391055,买盘,601012,2025-10-17 22:59:46
10:35:57,19.95,0.0,200,399059,卖盘,601012,2025-10-17 22:59:46
10:36:00,19.96,0.01,328,654254,买盘,601012,2025-10-17 22:59:46
10:36:03,19.95,-0.01,180,359176,卖盘,601012,2025-10-17 22:59:46
10:36:06,19.96,0.01,563,1123332,买盘,601012,2025-10-17 22:59:46
10:36:09,19.96,0.0,409,816161,买盘,601012,2025-10-17 22:59:46
10:36:12,19.96,0.0,377,752169,买盘,601012,2025-10-17 22:59:46
10:36:15,19.95,-0.01,433,863984,卖盘,601012,2025-10-17 22:59:46
10:36:18,19.96,0.01,462,921766,买盘,601012,2025-10-17 22:59:46
10:36:21,19.95,-0.01,405,808096,卖盘,601012,2025-10-17 22:59:46
10:36:24,19.95,0.0,151,301264,买盘,601012,2025-10-17 22:59:46
10:36:27,19.95,0.0,286,570600,卖盘,601012,2025-10-17 22:59:46
10:36:30,19.95,0.0,218,434850,买盘,601012,2025-10-17 22:59:46
10:36:33,19.95,0.0,350,698175,买盘,601012,2025-10-17 22:59:46
10:36:36,19.94,-0.01,477,951141,卖盘,601012,2025-10-17 22:59:46
10:36:39,19.94,0.0,72,143566,买盘,601012,2025-10-17 22:59:46
10:36:42,19.94,0.0,405,807290,买盘,601012,2025-10-17 22:59:46
10:36:45,19.94,0.0,814,1623008,买盘,601012,2025-10-17 22:59:46
10:36:48,19.95,0.01,276,550369,买盘,601012,2025-10-17 22:59:46
10:36:51,19.94,-0.01,495,986402,卖盘,601012,2025-10-17 22:59:46
10:36:54,19.93,-0.01,361,719614,卖盘,601012,2025-10-17 22:59:46
10:36:57,19.92,-0.01,689,1372961,卖盘,601012,2025-10-17 22:59:46
10:37:00,19.92,0.0,288,573848,卖盘,601012,2025-10-17 22:59:46
10:37:03,19.93,0.01,229,456280,买盘,601012,2025-10-17 22:59:46
10:37:06,19.93,0.0,462,920355,买盘,601012,2025-10-17 22:59:46
10:37:09,19.92,-0.01,497,990132,卖盘,601012,2025-10-17 22:59:46
10:37:12,19.92,0.0,318,633529,卖盘,601012,2025-10-17 22:59:46
10:37:15,19.92,0.0,610,1215155,卖盘,601012,2025-10-17 22:59:46
10:37:18,19.94,0.02,1348,2687167,买盘,601012,2025-10-17 22:59:46
10:37:21,19.93,-0.01,388,773286,卖盘,601012,2025-10-17 22:59:46
10:37:24,19.94,0.01,395,787283,买盘,601012,2025-10-17 22:59:46
10:37:27,19.93,-0.01,85,169426,卖盘,601012,2025-10-17 22:59:46
10:37:30,19.94,0.01,417,831260,买盘,601012,2025-10-17 22:59:46
10:37:33,19.93,-0.01,252,502335,卖盘,601012,2025-10-17 22:59:46
10:37:36,19.94,0.01,417,832045,买盘,601012,2025-10-17 22:59:46
10:37:39,19.93,-0.01,201,400569,卖盘,601012,2025-10-17 22:59:46
10:37:42,19.92,-0.01,259,516120,卖盘,601012,2025-10-17 22:59:46
10:37:45,19.92,0.0,273,544041,卖盘,601012,2025-10-17 22:59:46
10:37:48,19.92,0.0,229,456221,卖盘,601012,2025-10-17 22:59:46
10:37:51,19.93,0.01,259,516164,买盘,601012,2025-10-17 22:59:46
10:37:54,19.92,-0.01,811,1615849,卖盘,601012,2025-10-17 22:59:46
10:37:57,19.92,0.0,461,918446,卖盘,601012,2025-10-17 22:59:46
10:38:00,19.92,0.0,294,585039,卖盘,601012,2025-10-17 22:59:46
10:38:03,19.93,0.01,188,374610,买盘,601012,2025-10-17 22:59:46
10:38:06,19.92,-0.01,190,378465,卖盘,601012,2025-10-17 22:59:46
10:38:09,19.92,0.0,197,392411,卖盘,601012,2025-10-17 22:59:46
10:38:12,19.92,0.0,220,438312,买盘,601012,2025-10-17 22:59:46
10:38:15,19.92,0.0,454,904567,中性盘,601012,2025-10-17 22:59:46
10:38:18,19.92,0.0,519,1033676,卖盘,601012,2025-10-17 22:59:46
10:38:21,19.94,0.02,581,1157979,买盘,601012,2025-10-17 22:59:46
10:38:24,19.94,0.0,612,1219800,买盘,601012,2025-10-17 22:59:46
10:38:27,19.94,0.0,831,1656090,买盘,601012,2025-10-17 22:59:46
10:38:30,19.95,0.01,1786,3558032,买盘,601012,2025-10-17 22:59:46
10:38:33,19.95,0.0,606,1208209,买盘,601012,2025-10-17 22:59:46
10:38:36,19.95,0.0,1002,1998113,买盘,601012,2025-10-17 22:59:46
10:38:39,19.95,0.0,299,596520,买盘,601012,2025-10-17 22:59:46
10:38:42,19.96,0.01,205,409029,买盘,601012,2025-10-17 22:59:46
10:38:45,19.95,-0.01,356,709790,卖盘,601012,2025-10-17 22:59:46
10:38:48,19.95,0.0,1028,2051601,卖盘,601012,2025-10-17 22:59:46
10:38:51,19.96,0.01,361,720481,卖盘,601012,2025-10-17 22:59:46
10:38:54,19.99,0.03,471,941270,买盘,601012,2025-10-17 22:59:46
10:38:57,19.98,-0.01,245,489436,买盘,601012,2025-10-17 22:59:46
10:39:00,19.99,0.01,502,1003062,买盘,601012,2025-10-17 22:59:46
10:39:03,19.98,-0.01,317,633216,买盘,601012,2025-10-17 22:59:46
10:39:06,19.99,0.01,332,663421,买盘,601012,2025-10-17 22:59:46
10:39:09,19.99,0.0,306,611585,买盘,601012,2025-10-17 22:59:46
10:39:12,19.99,0.0,266,531646,买盘,601012,2025-10-17 22:59:46
10:39:15,19.98,-0.01,189,377639,卖盘,601012,2025-10-17 22:59:46
10:39:18,19.98,0.0,540,1078730,买盘,601012,2025-10-17 22:59:46
10:39:21,19.97,-0.01,290,579407,卖盘,601012,2025-10-17 22:59:46
10:39:24,19.96,-0.01,351,700930,卖盘,601012,2025-10-17 22:59:46
10:39:27,19.97,0.01,114,227613,买盘,601012,2025-10-17 22:59:46
10:39:30,19.97,0.0,772,1542235,买盘,601012,2025-10-17 22:59:46
10:39:33,19.99,0.02,1511,3017007,买盘,601012,2025-10-17 22:59:46
10:39:36,20.0,0.01,1042,2083657,买盘,601012,2025-10-17 22:59:46
10:39:39,19.99,-0.01,226,451913,中性盘,601012,2025-10-17 22:59:46
10:39:42,20.0,0.01,179,357960,买盘,601012,2025-10-17 22:59:46
10:39:45,20.0,0.0,132,263608,买盘,601012,2025-10-17 22:59:46
10:39:48,20.01,0.01,82,164022,买盘,601012,2025-10-17 22:59:46
10:39:51,20.01,0.0,192,384048,买盘,601012,2025-10-17 22:59:46
10:39:54,20.0,-0.01,61,122050,卖盘,601012,2025-10-17 22:59:46
10:39:57,20.0,0.0,35,70033,卖盘,601012,2025-10-17 22:59:46
10:40:00,20.01,0.01,171,342078,买盘,601012,2025-10-17 22:59:46
10:40:03,20.01,0.0,49,98031,买盘,601012,2025-10-17 22:59:46
10:40:06,20.01,0.0,76,152025,买盘,601012,2025-10-17 22:59:46
10:40:09,20.0,-0.01,198,396069,卖盘,601012,2025-10-17 22:59:46
10:40:12,20.01,0.01,405,810675,买盘,601012,2025-10-17 22:59:46
10:40:15,20.01,0.0,162,323737,卖盘,601012,2025-10-17 22:59:46
10:40:18,20.01,0.0,254,508159,买盘,601012,2025-10-17 22:59:46
10:40:21,20.0,-0.01,649,1298157,卖盘,601012,2025-10-17 22:59:46
10:40:24,20.0,0.0,263,525990,买盘,601012,2025-10-17 22:59:46
10:40:27,20.0,0.0,122,243999,买盘,601012,2025-10-17 22:59:46
10:40:30,20.0,0.0,286,571979,买盘,601012,2025-10-17 22:59:46
10:40:33,20.0,0.0,53,106000,买盘,601012,2025-10-17 22:59:46
10:40:36,20.0,0.0,64,127966,买盘,601012,2025-10-17 22:59:46
10:40:39,19.99,-0.01,585,1169881,卖盘,601012,2025-10-17 22:59:46
10:40:42,20.0,0.01,362,723970,买盘,601012,2025-10-17 22:59:46
10:40:45,20.0,0.0,137,273992,买盘,601012,2025-10-17 22:59:46
10:40:48,20.0,0.0,62,123962,买盘,601012,2025-10-17 22:59:46
10:40:51,20.0,0.0,305,609739,买盘,601012,2025-10-17 22:59:46
10:40:54,19.99,-0.01,58,115977,卖盘,601012,2025-10-17 22:59:46
10:40:57,20.0,0.01,176,352891,买盘,601012,2025-10-17 22:59:46
10:41:00,19.98,-0.02,354,707146,卖盘,601012,2025-10-17 22:59:46
10:41:03,19.99,0.01,173,345797,买盘,601012,2025-10-17 22:59:46
10:41:06,19.99,0.0,77,153869,买盘,601012,2025-10-17 22:59:46
10:41:09,19.99,0.0,223,445667,买盘,601012,2025-10-17 22:59:46
10:41:12,19.99,0.0,124,247809,买盘,601012,2025-10-17 22:59:46
10:41:15,19.99,0.0,237,474241,买盘,601012,2025-10-17 22:59:46
10:41:18,19.99,0.0,138,275827,买盘,601012,2025-10-17 22:59:46
10:41:21,19.98,-0.01,642,1282651,卖盘,601012,2025-10-17 22:59:46
10:41:24,19.98,0.0,710,1417468,买盘,601012,2025-10-17 22:59:46
10:41:27,19.97,-0.01,401,801179,卖盘,601012,2025-10-17 22:59:46
10:41:30,19.98,0.01,474,946807,买盘,601012,2025-10-17 22:59:46
10:41:33,19.97,-0.01,302,603130,卖盘,601012,2025-10-17 22:59:46
10:41:36,19.98,0.01,535,1068880,买盘,601012,2025-10-17 22:59:46
10:41:39,19.97,-0.01,408,815588,卖盘,601012,2025-10-17 22:59:46
10:41:42,19.97,0.0,151,301573,卖盘,601012,2025-10-17 22:59:46
10:41:45,19.97,0.0,203,404838,卖盘,601012,2025-10-17 22:59:46
10:41:48,19.97,0.0,410,818754,买盘,601012,2025-10-17 22:59:46
10:41:51,19.98,0.01,307,613642,买盘,601012,2025-10-17 22:59:46
10:41:54,19.97,-0.01,117,233653,卖盘,601012,2025-10-17 22:59:46
10:41:57,19.97,0.0,13,25961,卖盘,601012,2025-10-17 22:59:46
10:42:00,19.97,0.0,120,239068,卖盘,601012,2025-10-17 22:59:46
10:42:03,19.97,0.0,136,271480,买盘,601012,2025-10-17 22:59:46
10:42:06,19.97,0.0,341,680799,买盘,601012,2025-10-17 22:59:46
10:42:09,19.97,0.0,511,1020978,买盘,601012,2025-10-17 22:59:46
10:42:12,19.96,-0.01,174,347456,卖盘,601012,2025-10-17 22:59:46
10:42:15,19.97,0.01,51,101832,中性盘,601012,2025-10-17 22:59:46
10:42:18,19.97,0.0,204,407453,卖盘,601012,2025-10-17 22:59:46
10:42:21,19.97,0.0,179,357505,卖盘,601012,2025-10-17 22:59:46
10:42:24,19.99,0.02,502,1003009,买盘,601012,2025-10-17 22:59:46
10:42:27,19.99,0.0,377,753407,买盘,601012,2025-10-17 22:59:46
10:42:30,19.99,0.0,242,483686,卖盘,601012,2025-10-17 22:59:46
10:42:33,19.99,0.0,129,257968,卖盘,601012,2025-10-17 22:59:46
10:42:36,20.0,0.01,26,51976,买盘,601012,2025-10-17 22:59:46
10:42:39,20.0,0.0,74,147967,买盘,601012,2025-10-17 22:59:46
10:42:42,19.99,-0.01,106,211936,卖盘,601012,2025-10-17 22:59:46
10:42:45,20.0,0.01,30,59976,买盘,601012,2025-10-17 22:59:46
10:42:48,19.99,-0.01,37,73988,卖盘,601012,2025-10-17 22:59:46
10:42:51,20.0,0.01,183,365856,买盘,601012,2025-10-17 22:59:46
10:42:54,20.0,0.0,404,807737,买盘,601012,2025-10-17 22:59:46
10:42:57,20.0,0.0,162,323907,买盘,601012,2025-10-17 22:59:46
10:43:00,19.99,-0.01,321,641643,中性盘,601012,2025-10-17 22:59:46
10:43:03,19.98,-0.01,1836,3668526,卖盘,601012,2025-10-17 22:59:46
10:43:06,19.98,0.0,355,709365,卖盘,601012,2025-10-17 22:59:46
10:43:09,20.0,0.02,230,459866,买盘,601012,2025-10-17 22:59:46
10:43:12,19.99,-0.01,30,59970,卖盘,601012,2025-10-17 22:59:46
10:43:15,20.0,0.01,169,337878,买盘,601012,2025-10-17 22:59:46
10:43:18,19.97,-0.03,2557,5109017,卖盘,601012,2025-10-17 22:59:46
10:43:21,19.98,0.01,215,429424,买盘,601012,2025-10-17 22:59:46
10:43:24,19.97,-0.01,89,177737,卖盘,601012,2025-10-17 22:59:46
10:43:27,19.97,0.0,76,151811,卖盘,601012,2025-10-17 22:59:46
10:43:30,19.97,0.0,220,439395,卖盘,601012,2025-10-17 22:59:46
10:43:33,19.97,0.0,153,305531,买盘,601012,2025-10-17 22:59:46
10:43:36,19.96,-0.01,187,373405,卖盘,601012,2025-10-17 22:59:46
10:43:39,19.96,0.0,20,39924,卖盘,601012,2025-10-17 22:59:46
10:43:42,19.97,0.01,77,153755,买盘,601012,2025-10-17 22:59:46
10:43:45,19.96,-0.01,502,1001998,卖盘,601012,2025-10-17 22:59:46
10:43:48,19.96,0.0,156,311402,卖盘,601012,2025-10-17 22:59:46
10:43:51,19.96,0.0,250,498924,卖盘,601012,2025-10-17 22:59:46
10:43:54,19.96,0.0,126,251414,买盘,601012,2025-10-17 22:59:46
10:43:57,19.96,0.0,198,395112,买盘,601012,2025-10-17 22:59:46
10:44:00,19.95,-0.01,245,488857,卖盘,601012,2025-10-17 22:59:46
10:44:03,19.95,0.0,335,668569,卖盘,601012,2025-10-17 22:59:46
10:44:06,19.95,0.0,287,572598,卖盘,601012,2025-10-17 22:59:46
10:44:09,19.95,0.0,673,1342635,卖盘,601012,2025-10-17 22:59:46
10:44:12,19.94,-0.01,67,133637,卖盘,601012,2025-10-17 22:59:46
10:44:15,19.94,0.0,178,354935,卖盘,601012,2025-10-17 22:59:46
10:44:18,19.94,0.0,109,217397,卖盘,601012,2025-10-17 22:59:46
10:44:21,19.94,0.0,373,743772,卖盘,601012,2025-10-17 22:59:46
10:44:24,19.94,0.0,116,231708,卖盘,601012,2025-10-17 22:59:46
10:44:27,19.93,-0.01,94,187397,卖盘,601012,2025-10-17 22:59:46
10:44:30,19.93,0.0,93,185401,卖盘,601012,2025-10-17 22:59:46
10:44:33,19.93,0.0,251,500263,卖盘,601012,2025-10-17 22:59:46
10:44:36,19.93,0.0,148,294978,卖盘,601012,2025-10-17 22:59:46
10:44:39,19.93,0.0,763,1520514,卖盘,601012,2025-10-17 22:59:46
10:44:42,19.92,-0.01,390,777034,卖盘,601012,2025-10-17 22:59:46
10:44:45,19.93,0.01,256,510171,买盘,601012,2025-10-17 22:59:46
10:44:48,19.92,-0.01,581,1157478,卖盘,601012,2025-10-17 22:59:46
10:44:51,19.92,0.0,131,261017,卖盘,601012,2025-10-17 22:59:46
10:44:54,19.92,0.0,885,1762674,卖盘,601012,2025-10-17 22:59:46
10:44:57,19.92,0.0,557,1109243,卖盘,601012,2025-10-17 22:59:46
10:45:00,19.91,-0.01,907,1806382,卖盘,601012,2025-10-17 22:59:46
10:45:03,19.92,0.01,528,1051721,卖盘,601012,2025-10-17 22:59:46
10:45:06,19.92,0.0,349,695014,卖盘,601012,2025-10-17 22:59:46
10:45:09,19.92,0.0,213,424208,买盘,601012,2025-10-17 22:59:46
10:45:12,19.91,-0.01,98,195146,卖盘,601012,2025-10-17 22:59:46
10:45:15,19.91,0.0,210,418133,卖盘,601012,2025-10-17 22:59:46
10:45:18,19.91,0.0,1462,2909981,卖盘,601012,2025-10-17 22:59:46
10:45:21,19.91,0.0,179,356368,买盘,601012,2025-10-17 22:59:46
10:45:24,19.91,0.0,348,692686,买盘,601012,2025-10-17 22:59:46
10:45:27,19.91,0.0,731,1454951,买盘,601012,2025-10-17 22:59:46
10:45:30,19.91,0.0,3702,7367108,买盘,601012,2025-10-17 22:59:46
10:45:33,19.9,-0.01,590,1174142,卖盘,601012,2025-10-17 22:59:46
10:45:36,19.9,0.0,465,925364,卖盘,601012,2025-10-17 22:59:46
10:45:39,19.9,0.0,781,1554216,卖盘,601012,2025-10-17 22:59:46
10:45:42,19.9,0.0,46,91539,买盘,601012,2025-10-17 22:59:46
10:45:45,19.89,-0.01,2812,5593137,卖盘,601012,2025-10-17 22:59:46
10:45:48,19.89,0.0,566,1125837,卖盘,601012,2025-10-17 22:59:46
10:45:51,19.89,0.0,278,552808,买盘,601012,2025-10-17 22:59:46
10:45:54,19.89,0.0,873,1735574,买盘,601012,2025-10-17 22:59:46
10:45:57,19.88,-0.01,628,1248500,卖盘,601012,2025-10-17 22:59:46
10:46:00,19.89,0.01,5271,10479146,买盘,601012,2025-10-17 22:59:46
10:46:03,19.9,0.01,1329,2645077,买盘,601012,2025-10-17 22:59:46
10:46:06,19.9,0.0,186,370178,卖盘,601012,2025-10-17 22:59:46
10:46:09,19.9,0.0,368,732342,卖盘,601012,2025-10-17 22:59:46
10:46:12,19.9,0.0,626,1245727,买盘,601012,2025-10-17 22:59:46
10:46:15,19.88,-0.02,4758,9459944,卖盘,601012,2025-10-17 22:59:46
10:46:18,19.9,0.02,347,690356,买盘,601012,2025-10-17 22:59:46
10:46:21,19.89,-0.01,684,1360470,中性盘,601012,2025-10-17 22:59:46
10:46:24,19.89,0.0,238,473421,卖盘,601012,2025-10-17 22:59:46
10:46:27,19.89,0.0,253,503345,卖盘,601012,2025-10-17 22:59:46
10:46:30,19.9,0.01,836,1663170,买盘,601012,2025-10-17 22:59:46
10:46:33,19.9,0.0,845,1680978,买盘,601012,2025-10-17 22:59:46
10:46:36,19.9,0.0,555,1104168,卖盘,601012,2025-10-17 22:59:46
10:46:39,19.9,0.0,1101,2191857,卖盘,601012,2025-10-17 22:59:46
10:46:42,19.91,0.01,119,236595,买盘,601012,2025-10-17 22:59:46
10:46:45,19.91,0.0,235,467995,买盘,601012,2025-10-17 22:59:46
10:46:48,19.92,0.01,164,327306,买盘,601012,2025-10-17 22:59:46
10:46:51,19.91,-0.01,58,115482,卖盘,601012,2025-10-17 22:59:46
10:46:54,19.92,0.01,120,238956,买盘,601012,2025-10-17 22:59:46
10:46:57,19.92,0.0,189,376320,买盘,601012,2025-10-17 22:59:46
10:47:00,19.9,-0.02,255,507625,卖盘,601012,2025-10-17 22:59:46
10:47:03,19.9,0.0,209,416135,卖盘,601012,2025-10-17 22:59:46
10:47:06,19.9,0.0,614,1221442,卖盘,601012,2025-10-17 22:59:46
10:47:09,19.89,-0.01,157,312369,卖盘,601012,2025-10-17 22:59:46
10:47:12,19.89,0.0,71,141261,卖盘,601012,2025-10-17 22:59:46
10:47:15,19.9,0.01,254,505277,买盘,601012,2025-10-17 22:59:46
10:47:18,19.89,-0.01,230,457480,卖盘,601012,2025-10-17 22:59:46
10:47:21,19.88,-0.01,4281,8511085,卖盘,601012,2025-10-17 22:59:46
10:47:24,19.88,0.0,168,333949,买盘,601012,2025-10-17 22:59:46
10:47:27,19.88,0.0,394,783017,买盘,601012,2025-10-17 22:59:46
10:47:30,19.87,-0.01,681,1353175,卖盘,601012,2025-10-17 22:59:46
10:47:33,19.86,-0.01,117,232454,卖盘,601012,2025-10-17 22:59:46
10:47:36,19.86,0.0,279,554194,卖盘,601012,2025-10-17 22:59:46
10:47:39,19.86,0.0,1724,3423887,卖盘,601012,2025-10-17 22:59:46
10:47:42,19.85,-0.01,692,1374362,卖盘,601012,2025-10-17 22:59:46
10:47:45,19.86,0.01,301,597555,买盘,601012,2025-10-17 22:59:46
10:47:48,19.85,-0.01,644,1278463,卖盘,601012,2025-10-17 22:59:46
10:47:51,19.85,0.0,910,1806493,卖盘,601012,2025-10-17 22:59:46
10:47:54,19.85,0.0,4524,8982211,卖盘,601012,2025-10-17 22:59:46
10:47:57,19.85,0.0,916,1818689,卖盘,601012,2025-10-17 22:59:46
10:48:00,19.85,0.0,1384,2748001,卖盘,601012,2025-10-17 22:59:46
10:48:03,19.85,0.0,819,1625885,卖盘,601012,2025-10-17 22:59:46
10:48:06,19.85,0.0,1001,1987191,卖盘,601012,2025-10-17 22:59:46
10:48:09,19.85,0.0,1705,3384772,卖盘,601012,2025-10-17 22:59:46
10:48:12,19.85,0.0,375,744710,卖盘,601012,2025-10-17 22:59:46
10:48:15,19.85,0.0,189,375256,卖盘,601012,2025-10-17 22:59:46
10:48:18,19.86,0.01,1198,2378070,中性盘,601012,2025-10-17 22:59:46
10:48:21,19.86,0.0,1538,3054824,卖盘,601012,2025-10-17 22:59:46
10:48:24,19.86,0.0,569,1130206,卖盘,601012,2025-10-17 22:59:46
10:48:27,19.86,0.0,465,923773,卖盘,601012,2025-10-17 22:59:46
10:48:30,19.86,0.0,2191,4349748,卖盘,601012,2025-10-17 22:59:46
10:48:33,19.86,0.0,348,690795,买盘,601012,2025-10-17 22:59:46
10:48:36,19.86,0.0,1082,2148353,卖盘,601012,2025-10-17 22:59:46
10:48:39,19.87,0.01,349,693150,买盘,601012,2025-10-17 22:59:46
10:48:42,19.86,-0.01,201,399262,卖盘,601012,2025-10-17 22:59:46
10:48:45,19.87,0.01,334,663698,中性盘,601012,2025-10-17 22:59:46
10:48:48,19.86,-0.01,1263,2508614,卖盘,601012,2025-10-17 22:59:46
10:48:51,19.86,0.0,2973,5904502,卖盘,601012,2025-10-17 22:59:46
10:48:54,19.88,0.02,1436,2851228,买盘,601012,2025-10-17 22:59:46
10:48:57,19.87,-0.01,249,494704,卖盘,601012,2025-10-17 22:59:46
10:49:00,19.86,-0.01,444,882109,卖盘,601012,2025-10-17 22:59:46
10:49:03,19.86,0.0,600,1191580,买盘,601012,2025-10-17 22:59:46
10:49:06,19.86,0.0,147,291906,买盘,601012,2025-10-17 22:59:46
10:49:09,19.86,0.0,173,343555,买盘,601012,2025-10-17 22:59:46
10:49:12,19.86,0.0,625,1241051,买盘,601012,2025-10-17 22:59:46
10:49:15,19.86,0.0,217,430874,买盘,601012,2025-10-17 22:59:46
10:49:18,19.85,-0.01,520,1032504,卖盘,601012,2025-10-17 22:59:46
10:49:21,19.85,0.0,420,834141,卖盘,601012,2025-10-17 22:59:46
10:49:24,19.87,0.02,867,1721868,买盘,601012,2025-10-17 22:59:46
10:49:27,19.87,0.0,44,87428,卖盘,601012,2025-10-17 22:59:46
10:49:30,19.86,-0.01,233,462771,卖盘,601012,2025-10-17 22:59:46
10:49:33,19.86,0.0,65,129091,卖盘,601012,2025-10-17 22:59:46
10:49:36,19.86,0.0,177,351540,卖盘,601012,2025-10-17 22:59:46
10:49:39,19.86,0.0,236,468694,买盘,601012,2025-10-17 22:59:46
10:49:42,19.85,-0.01,543,1078142,卖盘,601012,2025-10-17 22:59:46
10:49:45,19.86,0.01,312,619431,买盘,601012,2025-10-17 22:59:46
10:49:48,19.85,-0.01,173,343535,卖盘,601012,2025-10-17 22:59:46
10:49:51,19.86,0.01,295,585636,中性盘,601012,2025-10-17 22:59:46
10:49:54,19.85,-0.01,303,601509,卖盘,601012,2025-10-17 22:59:46
10:49:57,19.86,0.01,340,675114,买盘,601012,2025-10-17 22:59:46
10:50:00,19.86,0.0,293,581830,买盘,601012,2025-10-17 22:59:46
10:50:03,19.86,0.0,585,1161398,卖盘,601012,2025-10-17 22:59:46
10:50:06,19.86,0.0,238,472673,卖盘,601012,2025-10-17 22:59:46
10:50:09,19.88,0.02,1507,2994174,买盘,601012,2025-10-17 22:59:46
10:50:12,19.89,0.01,1490,2961710,买盘,601012,2025-10-17 22:59:46
10:50:15,19.88,-0.01,165,328042,卖盘,601012,2025-10-17 22:59:46
10:50:18,19.9,0.02,2512,4998976,买盘,601012,2025-10-17 22:59:46
10:50:21,19.92,0.02,362,720814,买盘,601012,2025-10-17 22:59:46
10:50:24,19.92,0.0,158,314601,买盘,601012,2025-10-17 22:59:46
10:50:27,19.9,-0.02,517,1029350,卖盘,601012,2025-10-17 22:59:46
10:50:30,19.9,0.0,325,647009,卖盘,601012,2025-10-17 22:59:46
10:50:33,19.91,0.01,375,746274,买盘,601012,2025-10-17 22:59:46
10:50:36,19.9,-0.01,593,1179563,卖盘,601012,2025-10-17 22:59:46
10:50:39,19.91,0.01,149,296531,买盘,601012,2025-10-17 22:59:46
10:50:42,19.9,-0.01,660,1313892,卖盘,601012,2025-10-17 22:59:46
10:50:45,19.9,0.0,96,191040,买盘,601012,2025-10-17 22:59:46
10:50:48,19.9,0.0,173,344265,买盘,601012,2025-10-17 22:59:46
