时间,成交价,价格变动,成交量,成交额,买卖盘性质,股票代码,采集时间
09:25:00,26.47,0.17,28266,74820102,买盘,601126,2025-10-17 22:59:07
09:30:00,26.6,0.13,4550,12071905,买盘,601126,2025-10-17 22:59:07
09:30:03,26.73,0.13,3421,9095630,买盘,601126,2025-10-17 22:59:07
09:30:06,26.73,0.0,2623,7011296,卖盘,601126,2025-10-17 22:59:07
09:30:09,26.73,0.0,1200,3207650,卖盘,601126,2025-10-17 22:59:07
09:30:12,26.87,0.14,2336,6263448,买盘,601126,2025-10-17 22:59:07
09:30:15,26.78,-0.09,1979,5307311,卖盘,601126,2025-10-17 22:59:07
09:30:18,26.83,0.05,1188,3191056,中性盘,601126,2025-10-17 22:59:07
09:30:21,26.98,0.15,2983,8022694,买盘,601126,2025-10-17 22:59:07
09:30:24,26.82,-0.16,2973,8004901,卖盘,601126,2025-10-17 22:59:07
09:30:27,27.0,0.18,2906,7835157,买盘,601126,2025-10-17 22:59:07
09:30:30,27.05,0.05,1113,3010667,中性盘,601126,2025-10-17 22:59:07
09:30:33,27.1,0.05,5653,15282284,中性盘,601126,2025-10-17 22:59:07
09:30:36,27.21,0.11,1335,3623574,买盘,601126,2025-10-17 22:59:07
09:30:39,27.27,0.06,1667,4538028,买盘,601126,2025-10-17 22:59:07
09:30:42,27.35,0.08,3648,9949026,买盘,601126,2025-10-17 22:59:07
09:30:45,27.35,0.0,2944,8046557,买盘,601126,2025-10-17 22:59:07
09:30:48,27.38,0.03,2764,7560804,买盘,601126,2025-10-17 22:59:07
09:30:52,27.44,0.06,2078,5693614,买盘,601126,2025-10-17 22:59:07
09:30:54,27.48,0.04,881,2419952,买盘,601126,2025-10-17 22:59:07
09:30:57,27.49,0.01,3609,9919197,买盘,601126,2025-10-17 22:59:07
09:31:00,27.62,0.13,2800,7710356,买盘,601126,2025-10-17 22:59:07
09:31:04,27.62,0.0,3238,8920547,买盘,601126,2025-10-17 22:59:07
09:31:06,27.48,-0.14,3773,10417078,卖盘,601126,2025-10-17 22:59:07
09:31:09,27.4,-0.08,4211,11561063,卖盘,601126,2025-10-17 22:59:07
09:31:12,27.36,-0.04,3653,10010685,卖盘,601126,2025-10-17 22:59:07
09:31:15,27.31,-0.05,2944,8046040,卖盘,601126,2025-10-17 22:59:07
09:31:19,27.22,-0.09,3168,8632636,卖盘,601126,2025-10-17 22:59:07
09:31:21,27.25,0.03,1336,3628110,买盘,601126,2025-10-17 22:59:07
09:31:24,27.06,-0.19,1638,4448363,卖盘,601126,2025-10-17 22:59:07
09:31:27,27.07,0.01,1696,4596084,买盘,601126,2025-10-17 22:59:07
09:31:31,27.25,0.18,4511,12221525,买盘,601126,2025-10-17 22:59:07
09:31:33,27.1,-0.15,3275,8890808,卖盘,601126,2025-10-17 22:59:07
09:31:36,27.13,0.03,1461,3964694,中性盘,601126,2025-10-17 22:59:07
09:31:39,27.0,-0.13,1522,4126975,卖盘,601126,2025-10-17 22:59:07
09:31:42,27.11,0.11,772,2087665,买盘,601126,2025-10-17 22:59:07
09:31:46,27.0,-0.11,1442,3901631,卖盘,601126,2025-10-17 22:59:07
09:31:48,27.0,0.0,1619,4381154,卖盘,601126,2025-10-17 22:59:07
09:31:51,26.95,-0.05,1328,3573384,中性盘,601126,2025-10-17 22:59:07
09:31:54,26.89,-0.06,2977,8019156,卖盘,601126,2025-10-17 22:59:07
09:31:57,26.93,0.04,1115,2999241,买盘,601126,2025-10-17 22:59:07
09:32:00,27.0,0.07,1997,5382509,买盘,601126,2025-10-17 22:59:07
09:32:03,27.0,0.0,1020,2752234,卖盘,601126,2025-10-17 22:59:07
09:32:06,27.07,0.07,2170,5859549,买盘,601126,2025-10-17 22:59:07
09:32:09,27.09,0.02,2385,6476570,买盘,601126,2025-10-17 22:59:07
09:32:12,27.18,0.09,602,1637326,中性盘,601126,2025-10-17 22:59:07
09:32:15,27.2,0.02,829,2251567,中性盘,601126,2025-10-17 22:59:07
09:32:18,27.0,-0.2,2349,6359698,卖盘,601126,2025-10-17 22:59:07
09:32:22,26.84,-0.16,1850,4979540,卖盘,601126,2025-10-17 22:59:07
09:32:24,26.84,0.0,1367,3680167,买盘,601126,2025-10-17 22:59:07
09:32:27,26.89,0.05,454,1219950,买盘,601126,2025-10-17 22:59:07
09:32:30,26.85,-0.04,836,2245849,卖盘,601126,2025-10-17 22:59:07
09:32:33,26.84,-0.01,977,2621463,卖盘,601126,2025-10-17 22:59:07
09:32:36,26.85,0.01,1312,3521234,买盘,601126,2025-10-17 22:59:07
09:32:39,26.91,0.06,1798,4832448,买盘,601126,2025-10-17 22:59:07
09:32:42,26.99,0.08,721,1943627,买盘,601126,2025-10-17 22:59:07
09:32:45,27.1,0.11,625,1689740,买盘,601126,2025-10-17 22:59:07
09:32:48,27.12,0.02,267,723227,买盘,601126,2025-10-17 22:59:07
09:32:52,27.15,0.03,770,2085131,买盘,601126,2025-10-17 22:59:07
09:32:54,27.21,0.06,786,2136162,买盘,601126,2025-10-17 22:59:07
09:32:57,27.27,0.06,691,1880427,买盘,601126,2025-10-17 22:59:07
09:33:00,27.4,0.13,1296,3544358,买盘,601126,2025-10-17 22:59:07
09:33:03,27.4,0.0,1456,3990313,卖盘,601126,2025-10-17 22:59:07
09:33:06,27.37,-0.03,1612,4414148,卖盘,601126,2025-10-17 22:59:07
09:33:09,27.28,-0.09,1585,4320951,卖盘,601126,2025-10-17 22:59:07
09:33:12,27.28,0.0,702,1913448,买盘,601126,2025-10-17 22:59:07
09:33:15,27.28,0.0,1066,2907031,买盘,601126,2025-10-17 22:59:07
09:33:18,27.29,0.01,531,1449489,中性盘,601126,2025-10-17 22:59:07
09:33:21,27.45,0.16,6509,17841420,买盘,601126,2025-10-17 22:59:07
09:33:24,27.5,0.05,865,2378027,卖盘,601126,2025-10-17 22:59:07
09:33:27,27.44,-0.06,600,1646828,中性盘,601126,2025-10-17 22:59:07
09:33:30,27.44,0.0,2309,6340169,买盘,601126,2025-10-17 22:59:07
09:33:33,27.45,0.01,578,1585979,中性盘,601126,2025-10-17 22:59:07
09:33:36,27.4,-0.05,399,1094349,卖盘,601126,2025-10-17 22:59:07
09:33:39,27.5,0.1,4104,11278725,买盘,601126,2025-10-17 22:59:07
09:33:42,27.46,-0.04,1841,5061187,卖盘,601126,2025-10-17 22:59:07
09:33:45,27.55,0.09,1563,4302349,买盘,601126,2025-10-17 22:59:07
09:33:48,27.64,0.09,1914,5282459,买盘,601126,2025-10-17 22:59:07
09:33:52,27.68,0.04,1554,4296834,买盘,601126,2025-10-17 22:59:07
09:33:54,27.73,0.05,1829,5063786,买盘,601126,2025-10-17 22:59:07
09:33:57,27.74,0.01,1163,3224737,买盘,601126,2025-10-17 22:59:07
09:34:00,27.76,0.02,838,2326077,买盘,601126,2025-10-17 22:59:07
09:34:03,27.76,0.0,1146,3182039,卖盘,601126,2025-10-17 22:59:07
09:34:06,27.76,0.0,3583,9942191,卖盘,601126,2025-10-17 22:59:07
09:34:09,27.68,-0.08,1812,5022814,卖盘,601126,2025-10-17 22:59:07
09:34:12,27.66,-0.02,1576,4362576,卖盘,601126,2025-10-17 22:59:07
09:34:15,27.63,-0.03,1277,3530012,卖盘,601126,2025-10-17 22:59:07
09:34:19,27.68,0.05,1876,5187357,买盘,601126,2025-10-17 22:59:07
09:34:22,27.68,0.0,2321,6428915,卖盘,601126,2025-10-17 22:59:07
09:34:24,27.69,0.01,1124,3114516,买盘,601126,2025-10-17 22:59:07
09:34:27,27.73,0.04,2440,6771781,中性盘,601126,2025-10-17 22:59:07
09:34:30,27.81,0.08,2052,5698226,买盘,601126,2025-10-17 22:59:07
09:34:33,27.77,-0.04,1197,3329234,卖盘,601126,2025-10-17 22:59:07
09:34:36,27.83,0.06,541,1505464,卖盘,601126,2025-10-17 22:59:07
09:34:39,27.8,-0.03,955,2655773,卖盘,601126,2025-10-17 22:59:07
09:34:42,27.77,-0.03,1700,4725704,卖盘,601126,2025-10-17 22:59:07
09:34:45,27.84,0.07,1639,4559762,买盘,601126,2025-10-17 22:59:07
09:34:48,27.87,0.03,849,2365964,中性盘,601126,2025-10-17 22:59:07
09:34:51,27.91,0.04,1005,2802870,买盘,601126,2025-10-17 22:59:07
09:34:54,27.98,0.07,1012,2825825,买盘,601126,2025-10-17 22:59:07
09:34:57,27.97,-0.01,1702,4754654,卖盘,601126,2025-10-17 22:59:07
09:35:00,27.96,-0.01,999,2793164,中性盘,601126,2025-10-17 22:59:07
09:35:03,27.94,-0.02,1953,5460720,卖盘,601126,2025-10-17 22:59:07
09:35:06,27.96,0.02,1529,4275237,卖盘,601126,2025-10-17 22:59:07
09:35:09,27.87,-0.09,2640,7365365,卖盘,601126,2025-10-17 22:59:07
09:35:12,27.8,-0.07,2265,6321322,卖盘,601126,2025-10-17 22:59:07
09:35:15,27.85,0.05,1394,3873948,买盘,601126,2025-10-17 22:59:07
09:35:18,27.78,-0.07,834,2318905,卖盘,601126,2025-10-17 22:59:07
09:35:21,27.75,-0.03,1027,2852784,中性盘,601126,2025-10-17 22:59:07
09:35:24,27.7,-0.05,896,2483230,中性盘,601126,2025-10-17 22:59:07
09:35:27,27.67,-0.03,1474,4083003,卖盘,601126,2025-10-17 22:59:07
09:35:30,27.66,-0.01,729,2017606,卖盘,601126,2025-10-17 22:59:07
09:35:34,27.63,-0.03,273,754598,卖盘,601126,2025-10-17 22:59:07
09:35:36,27.56,-0.07,1172,3236126,卖盘,601126,2025-10-17 22:59:07
09:35:40,27.51,-0.05,1047,2884285,卖盘,601126,2025-10-17 22:59:07
09:35:42,27.49,-0.02,658,1810287,卖盘,601126,2025-10-17 22:59:07
09:35:45,27.41,-0.08,482,1323710,卖盘,601126,2025-10-17 22:59:07
09:35:48,27.41,0.0,1027,2817819,卖盘,601126,2025-10-17 22:59:07
09:35:51,27.37,-0.04,988,2704968,卖盘,601126,2025-10-17 22:59:07
09:35:54,27.35,-0.02,797,2179753,中性盘,601126,2025-10-17 22:59:07
09:35:57,27.43,0.08,2061,5655300,买盘,601126,2025-10-17 22:59:07
09:36:00,27.48,0.05,823,2260639,中性盘,601126,2025-10-17 22:59:07
09:36:03,27.51,0.03,2176,5983544,买盘,601126,2025-10-17 22:59:07
09:36:06,27.69,0.18,1651,4557631,买盘,601126,2025-10-17 22:59:07
09:36:09,27.73,0.04,1629,4514769,买盘,601126,2025-10-17 22:59:07
09:36:12,27.74,0.01,3769,10445244,中性盘,601126,2025-10-17 22:59:07
09:36:16,27.69,-0.05,2872,7945292,卖盘,601126,2025-10-17 22:59:07
09:36:18,27.57,-0.12,1793,4956437,卖盘,601126,2025-10-17 22:59:07
09:36:21,27.51,-0.06,859,2366702,卖盘,601126,2025-10-17 22:59:07
09:36:24,27.51,0.0,901,2481449,买盘,601126,2025-10-17 22:59:07
09:36:27,27.51,0.0,724,1991530,卖盘,601126,2025-10-17 22:59:07
09:36:30,27.55,0.04,979,2695949,买盘,601126,2025-10-17 22:59:07
09:36:33,27.47,-0.08,1260,3467598,卖盘,601126,2025-10-17 22:59:07
09:36:36,27.51,0.04,1335,3670644,买盘,601126,2025-10-17 22:59:07
09:36:39,27.44,-0.07,726,1995411,卖盘,601126,2025-10-17 22:59:07
09:36:42,27.45,0.01,625,1715031,买盘,601126,2025-10-17 22:59:07
09:36:45,27.4,-0.05,1376,3773350,卖盘,601126,2025-10-17 22:59:07
09:36:48,27.37,-0.03,391,1070630,卖盘,601126,2025-10-17 22:59:07
09:36:52,27.36,-0.01,855,2341356,中性盘,601126,2025-10-17 22:59:07
09:36:54,27.35,-0.01,469,1283593,卖盘,601126,2025-10-17 22:59:07
09:36:57,27.35,0.0,1503,4106894,卖盘,601126,2025-10-17 22:59:07
09:37:00,27.32,-0.03,199,544226,中性盘,601126,2025-10-17 22:59:07
09:37:03,27.29,-0.03,658,1798169,卖盘,601126,2025-10-17 22:59:07
09:37:06,27.37,0.08,1192,3264667,买盘,601126,2025-10-17 22:59:07
09:37:09,27.42,0.05,1314,3601725,买盘,601126,2025-10-17 22:59:07
09:37:12,27.48,0.06,1412,3865751,买盘,601126,2025-10-17 22:59:07
09:37:15,27.42,-0.06,333,913275,卖盘,601126,2025-10-17 22:59:07
09:37:18,27.38,-0.04,1126,3082029,卖盘,601126,2025-10-17 22:59:07
09:37:21,27.39,0.01,574,1572300,买盘,601126,2025-10-17 22:59:07
09:37:24,27.33,-0.06,1006,2749798,卖盘,601126,2025-10-17 22:59:07
09:37:27,27.29,-0.04,545,1488341,卖盘,601126,2025-10-17 22:59:07
09:37:30,27.29,0.0,193,527178,卖盘,601126,2025-10-17 22:59:07
09:37:33,27.27,-0.02,205,559403,卖盘,601126,2025-10-17 22:59:07
09:37:37,27.2,-0.07,580,1580139,卖盘,601126,2025-10-17 22:59:07
09:37:39,27.24,0.04,650,1772678,中性盘,601126,2025-10-17 22:59:07
09:37:42,27.25,0.01,721,1964006,中性盘,601126,2025-10-17 22:59:07
09:37:45,27.33,0.08,899,2453921,买盘,601126,2025-10-17 22:59:07
09:37:48,27.37,0.04,338,924615,买盘,601126,2025-10-17 22:59:07
09:37:52,27.38,0.01,98,267916,买盘,601126,2025-10-17 22:59:07
09:37:54,27.38,0.0,192,525468,买盘,601126,2025-10-17 22:59:07
09:37:58,27.38,0.0,255,698524,买盘,601126,2025-10-17 22:59:07
09:38:00,27.41,0.03,664,1818919,买盘,601126,2025-10-17 22:59:07
09:38:03,27.39,-0.02,1207,3308223,卖盘,601126,2025-10-17 22:59:07
09:38:06,27.5,0.11,1587,4358842,买盘,601126,2025-10-17 22:59:07
09:38:09,27.5,0.0,592,1628103,卖盘,601126,2025-10-17 22:59:07
09:38:12,27.5,0.0,1471,4044514,卖盘,601126,2025-10-17 22:59:07
09:38:15,27.42,-0.08,264,725247,卖盘,601126,2025-10-17 22:59:07
09:38:19,27.41,-0.01,387,1062096,卖盘,601126,2025-10-17 22:59:07
09:38:21,27.42,0.01,320,878867,买盘,601126,2025-10-17 22:59:07
09:38:24,27.46,0.04,286,785045,买盘,601126,2025-10-17 22:59:07
09:38:27,27.44,-0.02,163,447307,买盘,601126,2025-10-17 22:59:07
09:38:30,27.5,0.06,1398,3844254,买盘,601126,2025-10-17 22:59:07
09:38:33,27.45,-0.05,605,1662213,卖盘,601126,2025-10-17 22:59:07
09:38:36,27.54,0.09,789,2173107,买盘,601126,2025-10-17 22:59:07
09:38:39,27.57,0.03,763,2103446,买盘,601126,2025-10-17 22:59:07
09:38:42,27.55,-0.02,287,791320,卖盘,601126,2025-10-17 22:59:07
09:38:45,27.51,-0.04,445,1225672,卖盘,601126,2025-10-17 22:59:07
09:38:48,27.53,0.02,282,776373,卖盘,601126,2025-10-17 22:59:07
09:38:52,27.5,-0.03,459,1261814,卖盘,601126,2025-10-17 22:59:07
09:38:54,27.5,0.0,346,951606,卖盘,601126,2025-10-17 22:59:07
09:38:57,27.5,0.0,235,646018,买盘,601126,2025-10-17 22:59:07
09:39:00,27.44,-0.06,680,1867503,卖盘,601126,2025-10-17 22:59:07
09:39:03,27.44,0.0,632,1734295,卖盘,601126,2025-10-17 22:59:07
09:39:06,27.42,-0.02,477,1308310,卖盘,601126,2025-10-17 22:59:07
09:39:09,27.4,-0.02,424,1161624,卖盘,601126,2025-10-17 22:59:07
09:39:12,27.38,-0.02,166,454689,中性盘,601126,2025-10-17 22:59:07
09:39:15,27.36,-0.02,187,511946,卖盘,601126,2025-10-17 22:59:07
09:39:18,27.36,0.0,269,736162,卖盘,601126,2025-10-17 22:59:07
09:39:21,27.31,-0.05,436,1191864,卖盘,601126,2025-10-17 22:59:07
09:39:24,27.46,0.15,1470,4030248,买盘,601126,2025-10-17 22:59:07
09:39:27,27.36,-0.1,1900,5216152,卖盘,601126,2025-10-17 22:59:07
09:39:30,27.4,0.04,531,1456261,中性盘,601126,2025-10-17 22:59:07
09:39:34,27.5,0.1,1908,5235285,买盘,601126,2025-10-17 22:59:07
09:39:36,27.5,0.0,910,2503978,卖盘,601126,2025-10-17 22:59:07
09:39:40,27.54,0.04,672,1851518,买盘,601126,2025-10-17 22:59:07
09:39:42,27.56,0.02,1035,2851223,中性盘,601126,2025-10-17 22:59:07
09:39:46,27.6,0.04,1129,3113074,买盘,601126,2025-10-17 22:59:07
09:39:49,27.57,-0.03,1151,3175378,卖盘,601126,2025-10-17 22:59:07
09:39:51,27.56,-0.01,415,1144268,卖盘,601126,2025-10-17 22:59:07
09:39:54,27.5,-0.06,1328,3653403,卖盘,601126,2025-10-17 22:59:07
09:39:57,27.49,-0.01,412,1134694,中性盘,601126,2025-10-17 22:59:07
09:40:00,27.5,0.01,541,1489534,中性盘,601126,2025-10-17 22:59:07
09:40:04,27.5,0.0,251,689939,卖盘,601126,2025-10-17 22:59:07
09:40:06,27.49,-0.01,796,2188858,买盘,601126,2025-10-17 22:59:07
09:40:10,27.5,0.01,470,1293066,买盘,601126,2025-10-17 22:59:07
09:40:12,27.5,0.0,397,1092983,卖盘,601126,2025-10-17 22:59:07
09:40:15,27.56,0.06,1384,3810801,买盘,601126,2025-10-17 22:59:07
09:40:18,27.65,0.09,2069,5710302,买盘,601126,2025-10-17 22:59:07
09:40:21,27.65,0.0,1141,3151680,卖盘,601126,2025-10-17 22:59:07
09:40:24,27.56,-0.09,1664,4590804,卖盘,601126,2025-10-17 22:59:07
09:40:27,27.61,0.05,725,1999926,买盘,601126,2025-10-17 22:59:07
09:40:30,27.64,0.03,692,1912115,买盘,601126,2025-10-17 22:59:07
09:40:33,27.61,-0.03,445,1230422,卖盘,601126,2025-10-17 22:59:07
09:40:36,27.66,0.05,522,1443406,买盘,601126,2025-10-17 22:59:07
09:40:39,27.63,-0.03,322,890196,卖盘,601126,2025-10-17 22:59:07
09:40:42,27.64,0.01,885,2445301,买盘,601126,2025-10-17 22:59:07
09:40:45,27.54,-0.1,1497,4131889,卖盘,601126,2025-10-17 22:59:07
09:40:48,27.6,0.06,1010,2788045,买盘,601126,2025-10-17 22:59:07
09:40:51,27.59,-0.01,715,1972827,中性盘,601126,2025-10-17 22:59:07
09:40:54,27.58,-0.01,738,2036221,中性盘,601126,2025-10-17 22:59:07
09:40:57,27.5,-0.08,560,1543769,卖盘,601126,2025-10-17 22:59:07
09:41:00,27.54,0.04,1135,3123671,买盘,601126,2025-10-17 22:59:07
09:41:04,27.5,-0.04,856,2355602,卖盘,601126,2025-10-17 22:59:07
09:41:06,27.53,0.03,558,1536294,买盘,601126,2025-10-17 22:59:07
09:41:09,27.46,-0.07,1083,2978603,卖盘,601126,2025-10-17 22:59:07
09:41:12,27.5,0.04,505,1389104,买盘,601126,2025-10-17 22:59:07
09:41:16,27.44,-0.06,722,1986028,卖盘,601126,2025-10-17 22:59:07
09:41:19,27.43,-0.01,655,1796189,卖盘,601126,2025-10-17 22:59:07
09:41:21,27.35,-0.08,706,1930422,卖盘,601126,2025-10-17 22:59:07
09:41:24,27.33,-0.02,1441,3948645,中性盘,601126,2025-10-17 22:59:07
09:41:27,27.35,0.02,790,2161510,买盘,601126,2025-10-17 22:59:07
09:41:31,27.28,-0.07,506,1382708,卖盘,601126,2025-10-17 22:59:07
09:41:33,27.28,0.0,700,1909763,卖盘,601126,2025-10-17 22:59:07
09:41:36,27.28,0.0,325,885814,买盘,601126,2025-10-17 22:59:07
09:41:39,27.18,-0.1,637,1733125,卖盘,601126,2025-10-17 22:59:07
09:41:42,27.18,0.0,706,1920656,卖盘,601126,2025-10-17 22:59:07
09:41:45,27.18,0.0,308,837255,卖盘,601126,2025-10-17 22:59:07
09:41:48,27.18,0.0,907,2466258,买盘,601126,2025-10-17 22:59:07
09:41:51,27.17,-0.01,460,1250407,卖盘,601126,2025-10-17 22:59:07
09:41:54,27.18,0.01,936,2543579,买盘,601126,2025-10-17 22:59:07
09:41:57,27.18,0.0,398,1081980,卖盘,601126,2025-10-17 22:59:07
09:42:00,27.25,0.07,500,1361695,买盘,601126,2025-10-17 22:59:07
09:42:03,27.34,0.09,349,951704,买盘,601126,2025-10-17 22:59:07
09:42:06,27.31,-0.03,252,689335,卖盘,601126,2025-10-17 22:59:07
09:42:09,27.35,0.04,287,784849,中性盘,601126,2025-10-17 22:59:07
09:42:12,27.31,-0.04,212,579962,卖盘,601126,2025-10-17 22:59:07
09:42:15,27.36,0.05,275,751537,买盘,601126,2025-10-17 22:59:07
09:42:18,27.33,-0.03,345,943697,卖盘,601126,2025-10-17 22:59:07
09:42:21,27.33,0.0,263,719018,卖盘,601126,2025-10-17 22:59:07
09:42:24,27.34,0.01,158,431858,中性盘,601126,2025-10-17 22:59:07
09:42:27,27.34,0.0,161,440373,卖盘,601126,2025-10-17 22:59:07
09:42:30,27.41,0.07,573,1568825,买盘,601126,2025-10-17 22:59:07
09:42:33,27.44,0.03,853,2338275,买盘,601126,2025-10-17 22:59:07
09:42:36,27.41,-0.03,416,1140657,卖盘,601126,2025-10-17 22:59:07
09:42:39,27.41,0.0,292,800151,买盘,601126,2025-10-17 22:59:07
09:42:42,27.4,-0.01,1277,3503516,卖盘,601126,2025-10-17 22:59:07
09:42:45,27.4,0.0,252,690253,买盘,601126,2025-10-17 22:59:07
09:42:48,27.4,0.0,76,208059,买盘,601126,2025-10-17 22:59:07
09:42:51,27.35,-0.05,188,514506,中性盘,601126,2025-10-17 22:59:07
09:42:54,27.36,0.01,918,2509321,买盘,601126,2025-10-17 22:59:07
09:42:57,27.34,-0.02,877,2397608,买盘,601126,2025-10-17 22:59:07
09:43:00,27.33,-0.01,153,418328,卖盘,601126,2025-10-17 22:59:07
09:43:03,27.3,-0.03,98,267661,卖盘,601126,2025-10-17 22:59:07
09:43:06,27.28,-0.02,265,723433,卖盘,601126,2025-10-17 22:59:07
09:43:09,27.26,-0.02,161,439215,卖盘,601126,2025-10-17 22:59:07
09:43:12,27.24,-0.02,49,133558,卖盘,601126,2025-10-17 22:59:07
09:43:15,27.2,-0.04,425,1156344,卖盘,601126,2025-10-17 22:59:07
09:43:18,27.18,-0.02,140,380647,卖盘,601126,2025-10-17 22:59:07
09:43:21,27.18,0.0,228,619773,卖盘,601126,2025-10-17 22:59:07
09:43:24,27.17,-0.01,169,459254,卖盘,601126,2025-10-17 22:59:07
09:43:27,27.15,-0.02,287,779700,卖盘,601126,2025-10-17 22:59:07
09:43:30,27.15,0.0,107,290328,卖盘,601126,2025-10-17 22:59:07
09:43:33,27.12,-0.03,86,233238,中性盘,601126,2025-10-17 22:59:07
09:43:36,27.12,0.0,410,1111358,卖盘,601126,2025-10-17 22:59:07
09:43:39,27.08,-0.04,82,222194,卖盘,601126,2025-10-17 22:59:07
09:43:42,27.08,0.0,305,826040,卖盘,601126,2025-10-17 22:59:07
09:43:45,27.02,-0.06,191,516975,卖盘,601126,2025-10-17 22:59:07
09:43:48,27.0,-0.02,194,524361,卖盘,601126,2025-10-17 22:59:07
09:43:51,26.99,-0.01,905,2443529,卖盘,601126,2025-10-17 22:59:07
09:43:54,26.93,-0.06,440,1184527,卖盘,601126,2025-10-17 22:59:07
09:43:57,26.87,-0.06,125,335977,卖盘,601126,2025-10-17 22:59:07
09:44:00,26.83,-0.04,862,2312697,卖盘,601126,2025-10-17 22:59:07
09:44:03,26.8,-0.03,167,447675,卖盘,601126,2025-10-17 22:59:07
09:44:06,26.83,0.03,1811,4855127,买盘,601126,2025-10-17 22:59:07
09:44:09,26.86,0.03,1051,2820239,买盘,601126,2025-10-17 22:59:07
09:44:12,26.89,0.03,433,1164210,买盘,601126,2025-10-17 22:59:07
09:44:15,26.89,0.0,1554,4180234,卖盘,601126,2025-10-17 22:59:07
09:44:18,26.95,0.06,651,1752907,卖盘,601126,2025-10-17 22:59:07
09:44:21,26.97,0.02,366,986436,卖盘,601126,2025-10-17 22:59:07
09:44:24,26.96,-0.01,327,881684,买盘,601126,2025-10-17 22:59:07
09:44:27,26.96,0.0,538,1449880,买盘,601126,2025-10-17 22:59:07
09:44:30,26.95,-0.01,523,1408101,中性盘,601126,2025-10-17 22:59:07
09:44:33,26.89,-0.06,768,2065783,卖盘,601126,2025-10-17 22:59:07
09:44:36,26.83,-0.06,592,1590011,卖盘,601126,2025-10-17 22:59:07
09:44:39,26.9,0.07,540,1452110,买盘,601126,2025-10-17 22:59:07
09:44:42,26.88,-0.02,442,1188845,卖盘,601126,2025-10-17 22:59:07
09:44:45,26.85,-0.03,171,459348,卖盘,601126,2025-10-17 22:59:07
09:44:48,26.87,0.02,175,470174,中性盘,601126,2025-10-17 22:59:07
09:44:51,26.84,-0.03,197,528665,卖盘,601126,2025-10-17 22:59:07
09:44:54,26.84,0.0,164,440196,买盘,601126,2025-10-17 22:59:07
09:44:57,26.85,0.01,381,1022797,买盘,601126,2025-10-17 22:59:07
09:45:00,26.88,0.03,343,921780,买盘,601126,2025-10-17 22:59:07
09:45:03,26.86,-0.02,475,1276074,卖盘,601126,2025-10-17 22:59:07
09:45:07,26.91,0.05,1046,2814720,买盘,601126,2025-10-17 22:59:07
09:45:09,26.87,-0.04,2051,5513672,卖盘,601126,2025-10-17 22:59:07
09:45:13,26.91,0.04,837,2248410,中性盘,601126,2025-10-17 22:59:07
09:45:16,26.87,-0.04,307,824990,卖盘,601126,2025-10-17 22:59:07
09:45:18,26.84,-0.03,369,990543,卖盘,601126,2025-10-17 22:59:07
09:45:21,26.84,0.0,380,1019515,买盘,601126,2025-10-17 22:59:07
09:45:24,26.82,-0.02,1102,2956592,卖盘,601126,2025-10-17 22:59:07
09:45:27,26.8,-0.02,405,1086004,卖盘,601126,2025-10-17 22:59:07
09:45:30,26.8,0.0,808,2166312,卖盘,601126,2025-10-17 22:59:07
09:45:33,26.77,-0.03,295,790275,卖盘,601126,2025-10-17 22:59:07
09:45:36,26.77,0.0,183,489959,卖盘,601126,2025-10-17 22:59:07
09:45:39,26.75,-0.02,128,342439,卖盘,601126,2025-10-17 22:59:07
09:45:42,26.75,0.0,232,620633,卖盘,601126,2025-10-17 22:59:07
09:45:45,26.83,0.08,2186,5853848,买盘,601126,2025-10-17 22:59:07
09:45:48,26.88,0.05,959,2573430,买盘,601126,2025-10-17 22:59:07
09:45:51,26.84,-0.04,300,805283,卖盘,601126,2025-10-17 22:59:07
09:45:54,26.89,0.05,273,733409,买盘,601126,2025-10-17 22:59:07
09:45:57,26.88,-0.01,168,451347,卖盘,601126,2025-10-17 22:59:07
09:46:00,26.87,-0.01,86,231121,卖盘,601126,2025-10-17 22:59:07
09:46:03,26.86,-0.01,282,757470,卖盘,601126,2025-10-17 22:59:07
09:46:06,26.86,0.0,230,617658,买盘,601126,2025-10-17 22:59:07
09:46:09,26.85,-0.01,237,636250,中性盘,601126,2025-10-17 22:59:07
09:46:12,26.84,-0.01,411,1103313,卖盘,601126,2025-10-17 22:59:07
09:46:15,26.82,-0.02,118,316507,卖盘,601126,2025-10-17 22:59:07
09:46:18,26.81,-0.01,86,230587,卖盘,601126,2025-10-17 22:59:07
09:46:21,26.8,-0.01,130,348405,卖盘,601126,2025-10-17 22:59:07
09:46:24,26.77,-0.03,51,136569,卖盘,601126,2025-10-17 22:59:07
09:46:27,26.75,-0.02,73,195382,卖盘,601126,2025-10-17 22:59:07
09:46:30,26.76,0.01,1212,3245904,中性盘,601126,2025-10-17 22:59:07
09:46:33,26.77,0.01,434,1161983,卖盘,601126,2025-10-17 22:59:07
09:46:36,26.75,-0.02,369,986544,卖盘,601126,2025-10-17 22:59:07
09:46:39,26.75,0.0,178,476061,买盘,601126,2025-10-17 22:59:07
09:46:42,26.72,-0.03,181,483907,卖盘,601126,2025-10-17 22:59:07
09:46:45,26.76,0.04,1057,2828006,买盘,601126,2025-10-17 22:59:07
09:46:48,26.81,0.05,313,839132,买盘,601126,2025-10-17 22:59:07
09:46:51,26.85,0.04,822,2204990,买盘,601126,2025-10-17 22:59:07
09:46:54,26.83,-0.02,96,257492,中性盘,601126,2025-10-17 22:59:07
09:46:57,26.78,-0.05,496,1329260,卖盘,601126,2025-10-17 22:59:07
09:47:00,26.84,0.06,320,858324,买盘,601126,2025-10-17 22:59:07
09:47:03,26.79,-0.05,113,302778,中性盘,601126,2025-10-17 22:59:07
09:47:06,26.82,0.03,312,835948,买盘,601126,2025-10-17 22:59:07
09:47:09,26.82,0.0,48,128740,卖盘,601126,2025-10-17 22:59:07
09:47:12,26.79,-0.03,192,514859,卖盘,601126,2025-10-17 22:59:07
09:47:15,26.82,0.03,322,864913,买盘,601126,2025-10-17 22:59:07
09:47:18,26.81,-0.01,343,919852,卖盘,601126,2025-10-17 22:59:07
09:47:21,26.85,0.04,48,128791,买盘,601126,2025-10-17 22:59:07
09:47:24,26.85,0.0,118,316906,卖盘,601126,2025-10-17 22:59:07
09:47:27,26.85,0.0,255,685118,卖盘,601126,2025-10-17 22:59:07
09:47:30,26.87,0.02,113,303578,买盘,601126,2025-10-17 22:59:07
09:47:33,26.88,0.01,73,196187,中性盘,601126,2025-10-17 22:59:07
09:47:36,26.86,-0.02,291,782172,卖盘,601126,2025-10-17 22:59:07
09:47:39,26.89,0.03,287,771481,买盘,601126,2025-10-17 22:59:07
09:47:42,26.88,-0.01,46,123647,中性盘,601126,2025-10-17 22:59:07
09:47:45,26.87,-0.01,358,962166,卖盘,601126,2025-10-17 22:59:07
09:47:48,26.9,0.03,53,142532,买盘,601126,2025-10-17 22:59:07
09:47:51,26.89,-0.01,57,153302,卖盘,601126,2025-10-17 22:59:07
09:47:54,26.93,0.04,76,204485,买盘,601126,2025-10-17 22:59:07
09:47:57,26.9,-0.03,103,277032,卖盘,601126,2025-10-17 22:59:07
09:48:00,26.92,0.02,172,463168,中性盘,601126,2025-10-17 22:59:07
09:48:03,26.92,0.0,123,331085,买盘,601126,2025-10-17 22:59:07
09:48:06,26.92,0.0,307,826508,买盘,601126,2025-10-17 22:59:07
09:48:09,26.89,-0.03,530,1425194,卖盘,601126,2025-10-17 22:59:07
09:48:12,26.85,-0.04,592,1590880,卖盘,601126,2025-10-17 22:59:07
09:48:15,26.78,-0.07,272,729103,卖盘,601126,2025-10-17 22:59:07
09:48:18,26.75,-0.03,623,1667063,卖盘,601126,2025-10-17 22:59:07
09:48:21,26.72,-0.03,53,141670,卖盘,601126,2025-10-17 22:59:07
09:48:24,26.7,-0.02,258,689273,卖盘,601126,2025-10-17 22:59:07
09:48:27,26.71,0.01,574,1532595,买盘,601126,2025-10-17 22:59:07
09:48:30,26.71,0.0,308,822219,买盘,601126,2025-10-17 22:59:07
09:48:33,26.71,0.0,1147,3063995,卖盘,601126,2025-10-17 22:59:07
09:48:36,26.71,0.0,718,1917375,买盘,601126,2025-10-17 22:59:07
09:48:39,26.71,0.0,923,2464783,买盘,601126,2025-10-17 22:59:07
09:48:42,26.7,-0.01,629,1679351,卖盘,601126,2025-10-17 22:59:07
09:48:45,26.7,0.0,225,600887,卖盘,601126,2025-10-17 22:59:07
09:48:48,26.73,0.03,747,1994832,买盘,601126,2025-10-17 22:59:07
09:48:51,26.72,-0.01,442,1180348,卖盘,601126,2025-10-17 22:59:07
09:48:54,26.74,0.02,316,843808,买盘,601126,2025-10-17 22:59:07
09:48:57,26.73,-0.01,114,304679,卖盘,601126,2025-10-17 22:59:07
09:49:00,26.73,0.0,217,580022,买盘,601126,2025-10-17 22:59:07
09:49:03,26.75,0.02,545,1457605,买盘,601126,2025-10-17 22:59:07
09:49:06,26.72,-0.03,362,967697,卖盘,601126,2025-10-17 22:59:07
09:49:10,26.71,-0.01,390,1042383,卖盘,601126,2025-10-17 22:59:07
09:49:12,26.76,0.05,366,979916,中性盘,601126,2025-10-17 22:59:07
09:49:15,26.75,-0.01,237,633884,卖盘,601126,2025-10-17 22:59:07
09:49:18,26.76,0.01,493,1318678,中性盘,601126,2025-10-17 22:59:07
09:49:21,26.83,0.07,242,649116,买盘,601126,2025-10-17 22:59:07
09:49:24,26.85,0.02,54,144905,中性盘,601126,2025-10-17 22:59:07
09:49:27,26.92,0.07,382,1028139,买盘,601126,2025-10-17 22:59:07
09:49:30,26.94,0.02,67,180403,买盘,601126,2025-10-17 22:59:07
09:49:33,26.94,0.0,204,549542,买盘,601126,2025-10-17 22:59:07
09:49:36,26.94,0.0,435,1170810,买盘,601126,2025-10-17 22:59:07
09:49:39,26.94,0.0,515,1387070,卖盘,601126,2025-10-17 22:59:07
09:49:42,26.94,0.0,285,767657,卖盘,601126,2025-10-17 22:59:07
09:49:45,26.9,-0.04,80,215342,卖盘,601126,2025-10-17 22:59:07
09:49:48,26.89,-0.01,376,1011748,卖盘,601126,2025-10-17 22:59:07
09:49:51,26.89,0.0,90,242005,买盘,601126,2025-10-17 22:59:07
09:49:54,26.89,0.0,155,416726,买盘,601126,2025-10-17 22:59:07
09:49:57,26.9,0.01,449,1207365,买盘,601126,2025-10-17 22:59:07
09:50:00,26.89,-0.01,202,543530,卖盘,601126,2025-10-17 22:59:07
09:50:03,26.89,0.0,163,438763,卖盘,601126,2025-10-17 22:59:07
09:50:06,26.89,0.0,259,696077,买盘,601126,2025-10-17 22:59:07
09:50:09,26.89,0.0,87,233729,买盘,601126,2025-10-17 22:59:07
09:50:12,26.88,-0.01,386,1037156,卖盘,601126,2025-10-17 22:59:07
09:50:15,26.84,-0.04,504,1351790,卖盘,601126,2025-10-17 22:59:07
09:50:18,26.85,0.01,75,201374,买盘,601126,2025-10-17 22:59:07
09:50:21,26.86,0.01,92,247219,中性盘,601126,2025-10-17 22:59:07
09:50:24,26.9,0.04,215,577762,买盘,601126,2025-10-17 22:59:07
09:50:27,26.9,0.0,250,672148,买盘,601126,2025-10-17 22:59:07
09:50:30,26.87,-0.03,172,462098,中性盘,601126,2025-10-17 22:59:07
09:50:33,26.87,0.0,24,64465,买盘,601126,2025-10-17 22:59:07
09:50:36,26.83,-0.04,180,483110,卖盘,601126,2025-10-17 22:59:07
09:50:39,26.83,0.0,527,1412530,卖盘,601126,2025-10-17 22:59:07
09:50:42,26.8,-0.03,66,176931,中性盘,601126,2025-10-17 22:59:07
09:50:45,26.77,-0.03,64,171363,卖盘,601126,2025-10-17 22:59:07
09:50:49,26.77,0.0,381,1020271,中性盘,601126,2025-10-17 22:59:07
09:50:52,26.7,-0.07,729,1948784,卖盘,601126,2025-10-17 22:59:07
09:50:54,26.76,0.06,403,1077185,买盘,601126,2025-10-17 22:59:07
09:50:57,26.71,-0.05,164,437664,中性盘,601126,2025-10-17 22:59:07
09:51:00,26.73,0.02,99,264579,买盘,601126,2025-10-17 22:59:07
09:51:03,26.73,0.0,214,571561,买盘,601126,2025-10-17 22:59:07
09:51:06,26.71,-0.02,700,1869689,卖盘,601126,2025-10-17 22:59:07
09:51:09,26.71,0.0,108,288452,买盘,601126,2025-10-17 22:59:07
09:51:13,26.71,0.0,215,574139,买盘,601126,2025-10-17 22:59:07
09:51:15,26.72,0.01,284,758574,买盘,601126,2025-10-17 22:59:07
09:51:18,26.7,-0.02,300,801114,卖盘,601126,2025-10-17 22:59:07
09:51:21,26.71,0.01,562,1500588,买盘,601126,2025-10-17 22:59:07
09:51:24,26.72,0.01,647,1728116,买盘,601126,2025-10-17 22:59:07
09:51:27,26.71,-0.01,83,221813,卖盘,601126,2025-10-17 22:59:07
09:51:30,26.73,0.02,291,777471,买盘,601126,2025-10-17 22:59:07
09:51:33,26.71,-0.02,165,440763,中性盘,601126,2025-10-17 22:59:07
09:51:36,26.74,0.03,351,937759,买盘,601126,2025-10-17 22:59:07
09:51:39,26.72,-0.02,243,649652,卖盘,601126,2025-10-17 22:59:07
09:51:42,26.73,0.01,145,387639,卖盘,601126,2025-10-17 22:59:07
09:51:45,26.73,0.0,67,179000,买盘,601126,2025-10-17 22:59:07
09:51:48,26.73,0.0,112,299425,卖盘,601126,2025-10-17 22:59:07
09:51:51,26.76,0.03,628,1679115,买盘,601126,2025-10-17 22:59:07
09:51:54,26.8,0.04,384,1027603,买盘,601126,2025-10-17 22:59:07
09:51:57,26.74,-0.06,175,467967,卖盘,601126,2025-10-17 22:59:07
09:52:00,26.74,0.0,112,299601,买盘,601126,2025-10-17 22:59:07
09:52:03,26.73,-0.01,141,377031,卖盘,601126,2025-10-17 22:59:07
09:52:06,26.75,0.02,518,1385504,买盘,601126,2025-10-17 22:59:07
09:52:09,26.75,0.0,142,379737,卖盘,601126,2025-10-17 22:59:07
09:52:12,26.75,0.0,481,1285902,卖盘,601126,2025-10-17 22:59:07
09:52:15,26.75,0.0,135,361200,卖盘,601126,2025-10-17 22:59:07
09:52:18,26.73,-0.02,495,1324175,卖盘,601126,2025-10-17 22:59:07
09:52:21,26.75,0.02,71,189859,中性盘,601126,2025-10-17 22:59:07
09:52:24,26.74,-0.01,486,1299224,买盘,601126,2025-10-17 22:59:07
09:52:27,26.75,0.01,44,117632,中性盘,601126,2025-10-17 22:59:07
09:52:30,26.75,0.0,98,262045,卖盘,601126,2025-10-17 22:59:07
09:52:33,26.7,-0.05,937,2502455,卖盘,601126,2025-10-17 22:59:07
09:52:36,26.7,0.0,235,627374,买盘,601126,2025-10-17 22:59:07
09:52:39,26.7,0.0,222,592545,买盘,601126,2025-10-17 22:59:07
09:52:42,26.65,-0.05,185,493379,卖盘,601126,2025-10-17 22:59:07
09:52:45,26.63,-0.02,66,175944,卖盘,601126,2025-10-17 22:59:07
09:52:48,26.65,0.02,396,1056323,中性盘,601126,2025-10-17 22:59:07
09:52:51,26.61,-0.04,256,681677,卖盘,601126,2025-10-17 22:59:07
09:52:54,26.62,0.01,325,865462,买盘,601126,2025-10-17 22:59:07
09:52:57,26.7,0.08,828,2206065,买盘,601126,2025-10-17 22:59:07
09:53:00,26.62,-0.08,326,869160,卖盘,601126,2025-10-17 22:59:07
09:53:03,26.73,0.11,147,392125,中性盘,601126,2025-10-17 22:59:07
09:53:06,26.79,0.06,384,1026917,买盘,601126,2025-10-17 22:59:07
09:53:09,26.73,-0.06,137,365984,卖盘,601126,2025-10-17 22:59:07
09:53:12,26.75,0.02,880,2350128,买盘,601126,2025-10-17 22:59:07
09:53:15,26.77,0.02,293,784852,中性盘,601126,2025-10-17 22:59:07
09:53:19,26.82,0.05,558,1493980,买盘,601126,2025-10-17 22:59:07
09:53:21,26.81,-0.01,209,559391,买盘,601126,2025-10-17 22:59:07
09:53:24,26.79,-0.02,339,908232,卖盘,601126,2025-10-17 22:59:07
09:53:27,26.71,-0.08,425,1137384,卖盘,601126,2025-10-17 22:59:07
09:53:30,26.7,-0.01,424,1132944,卖盘,601126,2025-10-17 22:59:07
09:53:33,26.71,0.01,159,424638,买盘,601126,2025-10-17 22:59:07
09:53:36,26.75,0.04,563,1505387,买盘,601126,2025-10-17 22:59:07
09:53:39,26.81,0.06,693,1855540,买盘,601126,2025-10-17 22:59:07
09:53:42,26.77,-0.04,832,2227751,卖盘,601126,2025-10-17 22:59:07
09:53:45,26.83,0.06,149,399407,买盘,601126,2025-10-17 22:59:07
09:53:48,26.8,-0.03,185,495823,买盘,601126,2025-10-17 22:59:07
09:53:51,26.77,-0.03,160,428559,卖盘,601126,2025-10-17 22:59:07
09:53:54,26.76,-0.01,94,251742,卖盘,601126,2025-10-17 22:59:07
09:53:57,26.75,-0.01,202,540598,卖盘,601126,2025-10-17 22:59:07
09:54:01,26.74,-0.01,83,221911,卖盘,601126,2025-10-17 22:59:07
09:54:03,26.7,-0.04,600,1602241,卖盘,601126,2025-10-17 22:59:07
09:54:06,26.7,0.0,240,640710,买盘,601126,2025-10-17 22:59:07
09:54:09,26.68,-0.02,355,947397,卖盘,601126,2025-10-17 22:59:07
09:54:12,26.65,-0.03,545,1452757,卖盘,601126,2025-10-17 22:59:07
09:54:15,26.67,0.02,142,378500,买盘,601126,2025-10-17 22:59:07
09:54:18,26.63,-0.04,262,698148,卖盘,601126,2025-10-17 22:59:07
09:54:21,26.62,-0.01,229,609728,卖盘,601126,2025-10-17 22:59:07
09:54:24,26.62,0.0,28,74533,卖盘,601126,2025-10-17 22:59:07
09:54:27,26.62,0.0,374,995490,买盘,601126,2025-10-17 22:59:07
09:54:30,26.6,-0.02,1033,2748033,卖盘,601126,2025-10-17 22:59:07
09:54:33,26.6,0.0,560,1489684,卖盘,601126,2025-10-17 22:59:07
09:54:36,26.63,0.03,1207,3211292,买盘,601126,2025-10-17 22:59:07
09:54:39,26.65,0.02,602,1604700,买盘,601126,2025-10-17 22:59:07
09:54:42,26.67,0.02,103,274776,中性盘,601126,2025-10-17 22:59:07
09:54:45,26.67,0.0,780,2080007,卖盘,601126,2025-10-17 22:59:07
09:54:49,26.65,-0.02,272,725326,卖盘,601126,2025-10-17 22:59:07
09:54:52,26.66,0.01,173,461381,买盘,601126,2025-10-17 22:59:07
09:54:54,26.67,0.01,329,877170,买盘,601126,2025-10-17 22:59:07
09:54:57,26.68,0.01,296,789433,买盘,601126,2025-10-17 22:59:07
09:55:00,26.68,0.0,793,2113931,买盘,601126,2025-10-17 22:59:07
09:55:03,26.63,-0.05,332,884509,卖盘,601126,2025-10-17 22:59:07
09:55:06,26.63,0.0,699,1861438,买盘,601126,2025-10-17 22:59:07
09:55:09,26.63,0.0,973,2590820,卖盘,601126,2025-10-17 22:59:07
09:55:12,26.64,0.01,283,753638,中性盘,601126,2025-10-17 22:59:07
09:55:15,26.63,-0.01,356,947791,卖盘,601126,2025-10-17 22:59:07
09:55:18,26.6,-0.03,783,2083015,卖盘,601126,2025-10-17 22:59:07
09:55:21,26.56,-0.04,300,797443,卖盘,601126,2025-10-17 22:59:07
09:55:25,26.54,-0.02,617,1638665,卖盘,601126,2025-10-17 22:59:07
09:55:28,26.54,0.0,860,2281143,中性盘,601126,2025-10-17 22:59:07
09:55:30,26.54,0.0,1149,3050985,卖盘,601126,2025-10-17 22:59:07
09:55:33,26.53,-0.01,643,1706386,中性盘,601126,2025-10-17 22:59:07
09:55:36,26.59,0.06,767,2034769,买盘,601126,2025-10-17 22:59:07
09:55:39,26.55,-0.04,405,1075749,中性盘,601126,2025-10-17 22:59:07
09:55:42,26.57,0.02,551,1463697,中性盘,601126,2025-10-17 22:59:07
09:55:45,26.52,-0.05,587,1558326,卖盘,601126,2025-10-17 22:59:07
09:55:48,26.52,0.0,176,466844,卖盘,601126,2025-10-17 22:59:07
09:55:51,26.51,-0.01,689,1826489,卖盘,601126,2025-10-17 22:59:07
09:55:55,26.5,-0.01,1772,4696336,卖盘,601126,2025-10-17 22:59:07
09:55:57,26.49,-0.01,247,654305,卖盘,601126,2025-10-17 22:59:07
09:56:00,26.49,0.0,820,2171996,卖盘,601126,2025-10-17 22:59:07
09:56:03,26.49,0.0,2985,7903507,买盘,601126,2025-10-17 22:59:07
09:56:06,26.45,-0.04,1165,3082978,卖盘,601126,2025-10-17 22:59:07
09:56:09,26.41,-0.04,710,1875630,卖盘,601126,2025-10-17 22:59:07
09:56:12,26.41,0.0,333,879625,卖盘,601126,2025-10-17 22:59:07
09:56:15,26.44,0.03,815,2152077,买盘,601126,2025-10-17 22:59:07
09:56:18,26.4,-0.04,1445,3816616,卖盘,601126,2025-10-17 22:59:07
09:56:21,26.39,-0.01,400,1055472,卖盘,601126,2025-10-17 22:59:07
09:56:24,26.36,-0.03,643,1696170,卖盘,601126,2025-10-17 22:59:07
09:56:27,26.36,0.0,146,384820,买盘,601126,2025-10-17 22:59:07
09:56:30,26.39,0.03,1366,3602857,买盘,601126,2025-10-17 22:59:07
09:56:33,26.4,0.01,2658,7008798,买盘,601126,2025-10-17 22:59:07
09:56:36,26.42,0.02,628,1658118,买盘,601126,2025-10-17 22:59:07
09:56:39,26.38,-0.04,1955,5163067,卖盘,601126,2025-10-17 22:59:07
09:56:42,26.4,0.02,1214,3202081,卖盘,601126,2025-10-17 22:59:07
09:56:46,26.4,0.0,637,1681665,买盘,601126,2025-10-17 22:59:07
09:56:48,26.4,0.0,1606,4239825,卖盘,601126,2025-10-17 22:59:07
09:56:51,26.39,-0.01,470,1240823,中性盘,601126,2025-10-17 22:59:07
09:56:54,26.4,0.01,601,1585411,中性盘,601126,2025-10-17 22:59:07
09:56:57,26.4,0.0,275,726463,卖盘,601126,2025-10-17 22:59:07
09:57:00,26.39,-0.01,440,1161072,卖盘,601126,2025-10-17 22:59:07
09:57:03,26.38,-0.01,211,556680,中性盘,601126,2025-10-17 22:59:07
09:57:06,26.36,-0.02,246,648729,卖盘,601126,2025-10-17 22:59:07
09:57:09,26.33,-0.03,99,260906,卖盘,601126,2025-10-17 22:59:07
09:57:13,26.32,-0.01,764,2011521,卖盘,601126,2025-10-17 22:59:07
09:57:15,26.37,0.05,2736,7203613,买盘,601126,2025-10-17 22:59:07
09:57:18,26.34,-0.03,497,1310276,卖盘,601126,2025-10-17 22:59:07
09:57:22,26.35,0.01,889,2343228,中性盘,601126,2025-10-17 22:59:07
09:57:25,26.4,0.05,507,1338196,买盘,601126,2025-10-17 22:59:07
09:57:27,26.42,0.02,658,1738225,中性盘,601126,2025-10-17 22:59:07
09:57:30,26.42,0.0,171,451877,卖盘,601126,2025-10-17 22:59:07
09:57:33,26.43,0.01,159,420145,买盘,601126,2025-10-17 22:59:07
09:57:36,26.42,-0.01,179,472992,卖盘,601126,2025-10-17 22:59:07
09:57:39,26.42,0.0,133,351359,卖盘,601126,2025-10-17 22:59:07
09:57:43,26.41,-0.01,530,1399701,买盘,601126,2025-10-17 22:59:07
09:57:45,26.38,-0.03,95,250739,中性盘,601126,2025-10-17 22:59:07
09:57:49,26.36,-0.02,101,266336,卖盘,601126,2025-10-17 22:59:07
09:57:51,26.38,0.02,40,105472,买盘,601126,2025-10-17 22:59:07
09:57:54,26.36,-0.02,152,400741,卖盘,601126,2025-10-17 22:59:07
09:57:57,26.37,0.01,802,2114680,中性盘,601126,2025-10-17 22:59:07
09:58:00,26.36,-0.01,162,427147,卖盘,601126,2025-10-17 22:59:07
09:58:03,26.34,-0.02,323,851178,卖盘,601126,2025-10-17 22:59:07
09:58:06,26.32,-0.02,165,434841,卖盘,601126,2025-10-17 22:59:07
09:58:09,26.33,0.01,62,163289,卖盘,601126,2025-10-17 22:59:07
09:58:12,26.34,0.01,282,742471,买盘,601126,2025-10-17 22:59:07
09:58:15,26.35,0.01,121,318780,买盘,601126,2025-10-17 22:59:07
09:58:18,26.34,-0.01,877,2307486,卖盘,601126,2025-10-17 22:59:07
09:58:21,26.3,-0.04,23,60518,卖盘,601126,2025-10-17 22:59:07
09:58:24,26.33,0.03,332,873297,买盘,601126,2025-10-17 22:59:07
09:58:27,26.3,-0.03,109,286667,卖盘,601126,2025-10-17 22:59:07
09:58:30,26.3,0.0,180,473305,买盘,601126,2025-10-17 22:59:07
09:58:33,26.3,0.0,375,986331,买盘,601126,2025-10-17 22:59:07
09:58:36,26.33,0.03,305,802984,买盘,601126,2025-10-17 22:59:07
09:58:39,26.33,0.0,173,455566,卖盘,601126,2025-10-17 22:59:07
09:58:42,26.34,0.01,254,668821,买盘,601126,2025-10-17 22:59:07
09:58:45,26.33,-0.01,66,173832,卖盘,601126,2025-10-17 22:59:07
09:58:48,26.33,0.0,149,392413,卖盘,601126,2025-10-17 22:59:07
09:58:51,26.33,0.0,121,318633,卖盘,601126,2025-10-17 22:59:07
09:58:54,26.33,0.0,88,231687,卖盘,601126,2025-10-17 22:59:07
09:58:57,26.31,-0.02,156,410598,卖盘,601126,2025-10-17 22:59:07
09:59:00,26.32,0.01,245,644480,买盘,601126,2025-10-17 22:59:07
09:59:03,26.29,-0.03,70,184191,卖盘,601126,2025-10-17 22:59:07
09:59:06,26.32,0.03,250,657728,买盘,601126,2025-10-17 22:59:07
09:59:10,26.39,0.07,1277,3363639,买盘,601126,2025-10-17 22:59:07
09:59:12,26.38,-0.01,1104,2909320,卖盘,601126,2025-10-17 22:59:07
09:59:15,26.39,0.01,387,1020607,中性盘,601126,2025-10-17 22:59:07
09:59:18,26.43,0.04,159,419943,买盘,601126,2025-10-17 22:59:07
09:59:21,26.43,0.0,319,842537,买盘,601126,2025-10-17 22:59:07
09:59:24,26.42,-0.01,128,338239,中性盘,601126,2025-10-17 22:59:07
09:59:27,26.41,-0.01,216,570583,卖盘,601126,2025-10-17 22:59:07
09:59:30,26.4,-0.01,231,609949,卖盘,601126,2025-10-17 22:59:07
09:59:33,26.41,0.01,273,720856,买盘,601126,2025-10-17 22:59:07
09:59:36,26.4,-0.01,201,530779,卖盘,601126,2025-10-17 22:59:07
09:59:39,26.4,0.0,209,551884,卖盘,601126,2025-10-17 22:59:07
09:59:42,26.41,0.01,166,438418,卖盘,601126,2025-10-17 22:59:07
09:59:45,26.42,0.01,137,361866,买盘,601126,2025-10-17 22:59:07
09:59:48,26.4,-0.02,114,301049,卖盘,601126,2025-10-17 22:59:07
09:59:51,26.4,0.0,54,142577,卖盘,601126,2025-10-17 22:59:07
09:59:55,26.39,-0.01,281,741758,卖盘,601126,2025-10-17 22:59:07
09:59:58,26.4,0.01,455,1201458,买盘,601126,2025-10-17 22:59:07
10:00:00,26.39,-0.01,377,995229,卖盘,601126,2025-10-17 22:59:07
10:00:03,26.37,-0.02,241,635354,卖盘,601126,2025-10-17 22:59:07
10:00:06,26.35,-0.02,155,408622,卖盘,601126,2025-10-17 22:59:07
10:00:10,26.31,-0.04,139,366054,卖盘,601126,2025-10-17 22:59:07
10:00:13,26.3,-0.01,571,1502122,卖盘,601126,2025-10-17 22:59:07
10:00:16,26.3,0.0,343,901582,中性盘,601126,2025-10-17 22:59:07
10:00:18,26.26,-0.04,408,1071589,卖盘,601126,2025-10-17 22:59:07
10:00:22,26.23,-0.03,247,648192,卖盘,601126,2025-10-17 22:59:07
10:00:25,26.25,0.02,198,519418,买盘,601126,2025-10-17 22:59:07
10:00:28,26.23,-0.02,573,1503907,卖盘,601126,2025-10-17 22:59:07
10:00:31,26.22,-0.01,633,1661007,卖盘,601126,2025-10-17 22:59:07
10:00:33,26.21,-0.01,504,1321221,卖盘,601126,2025-10-17 22:59:07
10:00:36,26.23,0.02,1168,3064456,买盘,601126,2025-10-17 22:59:07
10:00:39,26.23,0.0,525,1378255,卖盘,601126,2025-10-17 22:59:07
10:00:42,26.25,0.02,867,2272870,买盘,601126,2025-10-17 22:59:07
10:00:45,26.22,-0.03,104,272854,卖盘,601126,2025-10-17 22:59:07
10:00:48,26.2,-0.02,179,469027,卖盘,601126,2025-10-17 22:59:07
10:00:52,26.16,-0.04,417,1091701,卖盘,601126,2025-10-17 22:59:07
10:00:54,26.17,0.01,443,1159565,买盘,601126,2025-10-17 22:59:07
10:00:57,26.16,-0.01,375,981506,卖盘,601126,2025-10-17 22:59:07
10:01:00,26.17,0.01,1037,2713579,中性盘,601126,2025-10-17 22:59:07
10:01:03,26.16,-0.01,250,653997,卖盘,601126,2025-10-17 22:59:07
10:01:07,26.16,0.0,392,1025375,买盘,601126,2025-10-17 22:59:07
10:01:09,26.16,0.0,546,1427245,买盘,601126,2025-10-17 22:59:07
10:01:12,26.16,0.0,242,633144,买盘,601126,2025-10-17 22:59:07
10:01:15,26.14,-0.02,336,878458,卖盘,601126,2025-10-17 22:59:07
10:01:18,26.13,-0.01,337,880682,买盘,601126,2025-10-17 22:59:07
10:01:21,26.16,0.03,484,1265302,买盘,601126,2025-10-17 22:59:07
10:01:24,26.13,-0.03,309,807821,卖盘,601126,2025-10-17 22:59:07
10:01:27,26.13,0.0,286,747383,卖盘,601126,2025-10-17 22:59:07
10:01:30,26.13,0.0,171,446616,买盘,601126,2025-10-17 22:59:07
10:01:33,26.11,-0.02,263,686749,卖盘,601126,2025-10-17 22:59:07
10:01:36,26.12,0.01,437,1141504,买盘,601126,2025-10-17 22:59:07
10:01:39,26.1,-0.02,460,1201002,卖盘,601126,2025-10-17 22:59:07
10:01:42,26.16,0.06,1148,3000105,买盘,601126,2025-10-17 22:59:07
10:01:45,26.2,0.04,876,2293496,买盘,601126,2025-10-17 22:59:07
10:01:48,26.22,0.02,289,757452,买盘,601126,2025-10-17 22:59:07
10:01:52,26.21,-0.01,246,644929,卖盘,601126,2025-10-17 22:59:07
10:01:54,26.25,0.04,661,1733168,买盘,601126,2025-10-17 22:59:07
10:01:57,26.34,0.09,412,1082834,买盘,601126,2025-10-17 22:59:07
10:02:00,26.33,-0.01,151,397542,中性盘,601126,2025-10-17 22:59:07
10:02:03,26.31,-0.02,398,1048056,卖盘,601126,2025-10-17 22:59:07
10:02:06,26.31,0.0,368,969085,卖盘,601126,2025-10-17 22:59:07
10:02:09,26.3,-0.01,124,326173,卖盘,601126,2025-10-17 22:59:07
10:02:12,26.3,0.0,164,431471,卖盘,601126,2025-10-17 22:59:07
10:02:15,26.31,0.01,234,615721,卖盘,601126,2025-10-17 22:59:07
10:02:18,26.32,0.01,215,565908,买盘,601126,2025-10-17 22:59:07
10:02:22,26.31,-0.01,118,310537,中性盘,601126,2025-10-17 22:59:07
10:02:24,26.31,0.0,204,536774,买盘,601126,2025-10-17 22:59:07
10:02:27,26.31,0.0,457,1201991,买盘,601126,2025-10-17 22:59:07
10:02:30,26.34,0.03,558,1468555,买盘,601126,2025-10-17 22:59:07
10:02:33,26.33,-0.01,527,1387703,中性盘,601126,2025-10-17 22:59:07
10:02:36,26.35,0.02,182,479629,买盘,601126,2025-10-17 22:59:07
10:02:39,26.39,0.04,74,195158,买盘,601126,2025-10-17 22:59:07
10:02:42,26.35,-0.04,78,205667,卖盘,601126,2025-10-17 22:59:07
10:02:45,26.36,0.01,73,192611,中性盘,601126,2025-10-17 22:59:07
10:02:48,26.38,0.02,24,63272,中性盘,601126,2025-10-17 22:59:07
10:02:51,26.38,0.0,143,377288,买盘,601126,2025-10-17 22:59:07
10:02:55,26.4,0.02,624,1646800,买盘,601126,2025-10-17 22:59:07
10:02:58,26.42,0.02,139,367187,买盘,601126,2025-10-17 22:59:07
10:03:01,26.55,0.13,2071,5482299,买盘,601126,2025-10-17 22:59:07
10:03:03,26.61,0.06,620,1647545,买盘,601126,2025-10-17 22:59:07
10:03:06,26.66,0.05,902,2401127,买盘,601126,2025-10-17 22:59:07
10:03:09,26.63,-0.03,468,1246216,中性盘,601126,2025-10-17 22:59:07
10:03:12,26.64,0.01,627,1672149,买盘,601126,2025-10-17 22:59:07
10:03:15,26.66,0.02,82,218643,中性盘,601126,2025-10-17 22:59:07
10:03:18,26.66,0.0,261,696019,买盘,601126,2025-10-17 22:59:07
10:03:21,26.6,-0.06,1037,2761916,卖盘,601126,2025-10-17 22:59:07
10:03:24,26.68,0.08,572,1523476,买盘,601126,2025-10-17 22:59:07
10:03:27,26.69,0.01,1092,2911442,买盘,601126,2025-10-17 22:59:07
10:03:30,26.7,0.01,289,771690,买盘,601126,2025-10-17 22:59:07
10:03:33,26.69,-0.01,556,1483949,卖盘,601126,2025-10-17 22:59:07
10:03:36,26.62,-0.07,277,738365,卖盘,601126,2025-10-17 22:59:07
10:03:39,26.63,0.01,119,317152,中性盘,601126,2025-10-17 22:59:07
10:03:42,26.64,0.01,511,1362016,买盘,601126,2025-10-17 22:59:07
10:03:45,26.66,0.02,666,1776411,买盘,601126,2025-10-17 22:59:07
10:03:48,26.67,0.01,797,2127194,中性盘,601126,2025-10-17 22:59:07
10:03:51,26.69,0.02,323,861775,买盘,601126,2025-10-17 22:59:07
10:03:54,26.7,0.01,590,1576023,买盘,601126,2025-10-17 22:59:07
10:03:58,26.7,0.0,178,475646,卖盘,601126,2025-10-17 22:59:07
10:04:00,26.73,0.03,260,694336,买盘,601126,2025-10-17 22:59:07
10:04:03,26.7,-0.03,205,547755,卖盘,601126,2025-10-17 22:59:07
10:04:06,26.65,-0.05,727,1940335,卖盘,601126,2025-10-17 22:59:07
10:04:09,26.66,0.01,520,1389117,中性盘,601126,2025-10-17 22:59:07
10:04:12,26.65,-0.01,289,770450,卖盘,601126,2025-10-17 22:59:07
10:04:15,26.65,0.0,277,738184,买盘,601126,2025-10-17 22:59:07
10:04:18,26.65,0.0,510,1359768,卖盘,601126,2025-10-17 22:59:07
10:04:21,26.66,0.01,771,2055191,买盘,601126,2025-10-17 22:59:07
10:04:24,26.68,0.02,348,928507,中性盘,601126,2025-10-17 22:59:07
10:04:28,26.69,0.01,224,597707,中性盘,601126,2025-10-17 22:59:07
10:04:30,26.68,-0.01,232,618672,买盘,601126,2025-10-17 22:59:07
10:04:33,26.66,-0.02,285,760190,中性盘,601126,2025-10-17 22:59:07
10:04:36,26.63,-0.03,344,916910,卖盘,601126,2025-10-17 22:59:07
10:04:40,26.6,-0.03,87,231534,卖盘,601126,2025-10-17 22:59:07
10:04:42,26.63,0.03,509,1356153,买盘,601126,2025-10-17 22:59:07
10:04:45,26.65,0.02,926,2467579,买盘,601126,2025-10-17 22:59:07
10:04:48,26.67,0.02,323,861557,买盘,601126,2025-10-17 22:59:07
10:04:51,26.68,0.01,432,1152514,买盘,601126,2025-10-17 22:59:07
10:04:54,26.67,-0.01,663,1769215,卖盘,601126,2025-10-17 22:59:07
10:04:58,26.67,0.0,168,448215,卖盘,601126,2025-10-17 22:59:07
10:05:00,26.67,0.0,314,837760,卖盘,601126,2025-10-17 22:59:07
10:05:03,26.69,0.02,233,621872,中性盘,601126,2025-10-17 22:59:07
10:05:06,26.71,0.02,849,2265340,买盘,601126,2025-10-17 22:59:07
10:05:09,26.69,-0.02,95,253501,卖盘,601126,2025-10-17 22:59:07
10:05:12,26.69,0.0,426,1137252,买盘,601126,2025-10-17 22:59:07
10:05:15,26.69,0.0,95,253563,买盘,601126,2025-10-17 22:59:07
10:05:18,26.69,0.0,388,1035740,卖盘,601126,2025-10-17 22:59:07
10:05:21,26.72,0.03,345,920987,买盘,601126,2025-10-17 22:59:07
10:05:25,26.77,0.05,594,1588386,买盘,601126,2025-10-17 22:59:07
10:05:27,26.74,-0.03,302,808581,卖盘,601126,2025-10-17 22:59:07
10:05:30,26.78,0.04,122,326184,中性盘,601126,2025-10-17 22:59:07
10:05:33,26.74,-0.04,69,184644,卖盘,601126,2025-10-17 22:59:07
10:05:36,26.73,-0.01,151,403690,中性盘,601126,2025-10-17 22:59:07
10:05:39,26.73,0.0,129,345068,买盘,601126,2025-10-17 22:59:07
10:05:42,26.73,0.0,116,310094,买盘,601126,2025-10-17 22:59:07
10:05:45,26.79,0.06,477,1274472,买盘,601126,2025-10-17 22:59:07
10:05:48,26.77,-0.02,146,390876,买盘,601126,2025-10-17 22:59:07
10:05:51,26.77,0.0,80,214024,卖盘,601126,2025-10-17 22:59:07
10:05:54,26.77,0.0,72,192838,卖盘,601126,2025-10-17 22:59:07
10:05:57,26.76,-0.01,205,548775,中性盘,601126,2025-10-17 22:59:07
10:06:00,26.73,-0.03,191,510704,卖盘,601126,2025-10-17 22:59:07
10:06:03,26.72,-0.01,132,352793,中性盘,601126,2025-10-17 22:59:07
10:06:06,26.71,-0.01,122,326017,卖盘,601126,2025-10-17 22:59:07
10:06:09,26.71,0.0,199,531497,买盘,601126,2025-10-17 22:59:07
10:06:12,26.7,-0.01,144,384505,卖盘,601126,2025-10-17 22:59:07
10:06:15,26.86,0.16,1685,4513825,买盘,601126,2025-10-17 22:59:07
10:06:18,26.97,0.11,676,1817473,买盘,601126,2025-10-17 22:59:07
10:06:22,26.98,0.01,272,733673,买盘,601126,2025-10-17 22:59:07
10:06:25,26.93,-0.05,1045,2814778,卖盘,601126,2025-10-17 22:59:07
10:06:27,26.96,0.03,447,1204296,中性盘,601126,2025-10-17 22:59:07
10:06:30,26.89,-0.07,277,746156,卖盘,601126,2025-10-17 22:59:07
10:06:33,26.97,0.08,494,1331504,买盘,601126,2025-10-17 22:59:07
10:06:36,26.97,0.0,837,2257108,卖盘,601126,2025-10-17 22:59:07
10:06:39,26.96,-0.01,127,342300,买盘,601126,2025-10-17 22:59:07
10:06:42,26.96,0.0,166,447491,卖盘,601126,2025-10-17 22:59:07
10:06:45,26.95,-0.01,103,277538,中性盘,601126,2025-10-17 22:59:07
10:06:48,26.95,0.0,354,953770,买盘,601126,2025-10-17 22:59:07
10:06:51,26.9,-0.05,137,368807,卖盘,601126,2025-10-17 22:59:07
10:06:54,26.9,0.0,375,1009226,卖盘,601126,2025-10-17 22:59:07
10:06:57,26.9,0.0,380,1022804,卖盘,601126,2025-10-17 22:59:07
10:07:00,26.9,0.0,193,518894,买盘,601126,2025-10-17 22:59:07
10:07:04,26.89,-0.01,429,1153703,中性盘,601126,2025-10-17 22:59:07
10:07:06,26.87,-0.02,313,841550,卖盘,601126,2025-10-17 22:59:07
10:07:09,26.87,0.0,40,107520,卖盘,601126,2025-10-17 22:59:07
10:07:12,26.89,0.02,477,1282203,买盘,601126,2025-10-17 22:59:07
10:07:15,26.89,0.0,168,451619,卖盘,601126,2025-10-17 22:59:07
10:07:18,26.89,0.0,342,919795,买盘,601126,2025-10-17 22:59:07
10:07:21,26.87,-0.02,257,690951,卖盘,601126,2025-10-17 22:59:07
10:07:24,26.9,0.03,539,1448825,买盘,601126,2025-10-17 22:59:07
10:07:27,26.86,-0.04,282,757784,买盘,601126,2025-10-17 22:59:07
10:07:30,26.87,0.01,464,1247268,中性盘,601126,2025-10-17 22:59:07
10:07:33,26.93,0.06,2253,6059463,买盘,601126,2025-10-17 22:59:07
10:07:36,26.95,0.02,362,975161,买盘,601126,2025-10-17 22:59:07
10:07:39,26.95,0.0,1234,3325436,买盘,601126,2025-10-17 22:59:07
10:07:42,26.97,0.02,290,781751,买盘,601126,2025-10-17 22:59:07
10:07:45,26.96,-0.01,194,522969,卖盘,601126,2025-10-17 22:59:07
10:07:48,26.95,-0.01,463,1247720,卖盘,601126,2025-10-17 22:59:07
10:07:52,26.94,-0.01,117,315237,中性盘,601126,2025-10-17 22:59:07
10:07:54,26.93,-0.01,186,501073,卖盘,601126,2025-10-17 22:59:07
10:07:57,26.9,-0.03,185,497794,卖盘,601126,2025-10-17 22:59:07
10:08:00,26.89,-0.01,483,1299012,卖盘,601126,2025-10-17 22:59:07
10:08:03,26.86,-0.03,117,314410,卖盘,601126,2025-10-17 22:59:07
10:08:06,26.87,0.01,111,298201,中性盘,601126,2025-10-17 22:59:07
10:08:09,26.83,-0.04,122,327734,卖盘,601126,2025-10-17 22:59:07
10:08:12,26.93,0.1,1319,3547979,买盘,601126,2025-10-17 22:59:07
10:08:15,26.95,0.02,745,2008839,买盘,601126,2025-10-17 22:59:07
10:08:18,26.95,0.0,181,487967,卖盘,601126,2025-10-17 22:59:07
10:08:21,26.96,0.01,564,1521354,买盘,601126,2025-10-17 22:59:07
10:08:24,26.96,0.0,215,580193,卖盘,601126,2025-10-17 22:59:07
10:08:27,26.95,-0.01,544,1466578,卖盘,601126,2025-10-17 22:59:07
10:08:30,26.93,-0.02,169,455442,卖盘,601126,2025-10-17 22:59:07
10:08:33,26.95,0.02,83,223659,中性盘,601126,2025-10-17 22:59:07
10:08:36,26.93,-0.02,148,398784,中性盘,601126,2025-10-17 22:59:07
10:08:39,26.89,-0.04,63,169573,卖盘,601126,2025-10-17 22:59:07
10:08:42,26.9,0.01,55,147939,中性盘,601126,2025-10-17 22:59:07
10:08:45,26.88,-0.02,341,917582,卖盘,601126,2025-10-17 22:59:07
10:08:49,26.85,-0.03,113,303656,卖盘,601126,2025-10-17 22:59:07
10:08:51,26.83,-0.02,521,1400184,卖盘,601126,2025-10-17 22:59:07
10:08:54,26.83,0.0,430,1154932,卖盘,601126,2025-10-17 22:59:07
10:08:58,26.87,0.04,670,1800479,买盘,601126,2025-10-17 22:59:07
10:09:00,26.94,0.07,684,1840861,买盘,601126,2025-10-17 22:59:07
10:09:03,27.0,0.06,2106,5679597,买盘,601126,2025-10-17 22:59:07
10:09:06,26.95,-0.05,2439,6585938,卖盘,601126,2025-10-17 22:59:07
10:09:09,27.0,0.05,61,164628,买盘,601126,2025-10-17 22:59:07
10:09:12,26.99,-0.01,446,1203382,中性盘,601126,2025-10-17 22:59:07
10:09:15,26.99,0.0,312,842512,买盘,601126,2025-10-17 22:59:07
10:09:18,27.0,0.01,242,653181,买盘,601126,2025-10-17 22:59:07
10:09:21,26.99,-0.01,1511,4079755,卖盘,601126,2025-10-17 22:59:07
10:09:24,26.98,-0.01,288,777276,中性盘,601126,2025-10-17 22:59:07
10:09:28,26.99,0.01,71,191622,买盘,601126,2025-10-17 22:59:07
10:09:31,26.97,-0.02,477,1287543,卖盘,601126,2025-10-17 22:59:07
10:09:33,26.98,0.01,293,790713,中性盘,601126,2025-10-17 22:59:07
10:09:36,26.95,-0.03,144,388322,卖盘,601126,2025-10-17 22:59:07
10:09:39,26.95,0.0,235,633568,买盘,601126,2025-10-17 22:59:07
10:09:42,26.93,-0.02,409,1102821,卖盘,601126,2025-10-17 22:59:07
10:09:45,26.96,0.03,321,865004,买盘,601126,2025-10-17 22:59:07
10:09:48,26.99,0.03,355,957783,买盘,601126,2025-10-17 22:59:07
10:09:51,26.96,-0.03,461,1244261,卖盘,601126,2025-10-17 22:59:07
10:09:54,26.97,0.01,613,1653827,买盘,601126,2025-10-17 22:59:07
10:09:58,26.97,0.0,164,442273,买盘,601126,2025-10-17 22:59:07
10:10:00,26.97,0.0,218,588138,买盘,601126,2025-10-17 22:59:07
10:10:03,27.0,0.03,414,1117351,买盘,601126,2025-10-17 22:59:07
10:10:06,27.01,0.01,232,626426,买盘,601126,2025-10-17 22:59:07
10:10:09,26.97,-0.04,541,1460040,卖盘,601126,2025-10-17 22:59:07
10:10:13,26.96,-0.01,1601,4321475,卖盘,601126,2025-10-17 22:59:07
10:10:15,26.88,-0.08,408,1099184,卖盘,601126,2025-10-17 22:59:07
10:10:18,26.88,0.0,37,99586,卖盘,601126,2025-10-17 22:59:07
10:10:21,26.88,0.0,199,535643,卖盘,601126,2025-10-17 22:59:07
10:10:24,26.88,0.0,216,580693,卖盘,601126,2025-10-17 22:59:07
10:10:27,26.88,0.0,118,317192,卖盘,601126,2025-10-17 22:59:07
10:10:30,26.88,0.0,112,300970,卖盘,601126,2025-10-17 22:59:07
10:10:33,26.88,0.0,443,1190909,买盘,601126,2025-10-17 22:59:07
10:10:36,26.85,-0.03,299,803334,卖盘,601126,2025-10-17 22:59:07
10:10:39,26.87,0.02,247,663381,买盘,601126,2025-10-17 22:59:07
10:10:42,26.87,0.0,132,354684,卖盘,601126,2025-10-17 22:59:07
10:10:45,26.88,0.01,185,496944,买盘,601126,2025-10-17 22:59:07
10:10:48,26.84,-0.04,92,246954,卖盘,601126,2025-10-17 22:59:07
10:10:51,26.85,0.01,124,332978,中性盘,601126,2025-10-17 22:59:07
10:10:54,26.84,-0.01,129,346240,卖盘,601126,2025-10-17 22:59:07
10:10:57,26.84,0.0,87,233488,卖盘,601126,2025-10-17 22:59:07
10:11:00,26.84,0.0,173,464371,买盘,601126,2025-10-17 22:59:07
10:11:03,26.84,0.0,259,695152,卖盘,601126,2025-10-17 22:59:07
10:11:06,26.88,0.04,530,1423947,买盘,601126,2025-10-17 22:59:07
10:11:09,26.9,0.02,193,519052,买盘,601126,2025-10-17 22:59:07
10:11:12,26.97,0.07,1431,3857904,买盘,601126,2025-10-17 22:59:07
10:11:15,26.97,0.0,316,852817,卖盘,601126,2025-10-17 22:59:07
10:11:18,26.99,0.02,488,1317034,买盘,601126,2025-10-17 22:59:07
10:11:21,26.97,-0.02,188,507472,卖盘,601126,2025-10-17 22:59:07
10:11:24,26.99,0.02,276,744954,买盘,601126,2025-10-17 22:59:07
10:11:27,27.0,0.01,1068,2883495,买盘,601126,2025-10-17 22:59:07
10:11:30,27.05,0.05,348,939778,买盘,601126,2025-10-17 22:59:07
10:11:33,27.04,-0.01,90,243220,中性盘,601126,2025-10-17 22:59:07
10:11:36,27.04,0.0,224,605632,买盘,601126,2025-10-17 22:59:07
10:11:39,27.05,0.01,182,492070,买盘,601126,2025-10-17 22:59:07
10:11:42,27.06,0.01,99,267875,买盘,601126,2025-10-17 22:59:07
10:11:45,27.07,0.01,157,424970,买盘,601126,2025-10-17 22:59:07
10:11:48,27.08,0.01,157,425053,买盘,601126,2025-10-17 22:59:07
10:11:52,27.07,-0.01,220,595516,买盘,601126,2025-10-17 22:59:07
10:11:54,27.06,-0.01,356,963743,卖盘,601126,2025-10-17 22:59:07
10:11:57,27.01,-0.05,500,1352061,卖盘,601126,2025-10-17 22:59:07
10:12:00,27.01,0.0,94,253966,卖盘,601126,2025-10-17 22:59:07
10:12:03,26.98,-0.03,797,2152675,卖盘,601126,2025-10-17 22:59:07
10:12:06,26.97,-0.01,982,2647696,卖盘,601126,2025-10-17 22:59:07
10:12:09,26.89,-0.08,220,591938,卖盘,601126,2025-10-17 22:59:07
10:12:12,26.98,0.09,208,559616,买盘,601126,2025-10-17 22:59:07
10:12:15,26.84,-0.14,167,449001,卖盘,601126,2025-10-17 22:59:07
10:12:18,26.83,-0.01,66,177281,卖盘,601126,2025-10-17 22:59:07
10:12:22,26.84,0.01,57,153046,买盘,601126,2025-10-17 22:59:07
10:12:24,27.0,0.16,285,768359,买盘,601126,2025-10-17 22:59:07
10:12:27,27.02,0.02,123,332167,买盘,601126,2025-10-17 22:59:07
10:12:30,27.03,0.01,476,1286089,买盘,601126,2025-10-17 22:59:07
10:12:33,27.03,0.0,99,267567,买盘,601126,2025-10-17 22:59:07
10:12:36,27.04,0.01,202,545977,买盘,601126,2025-10-17 22:59:07
10:12:39,27.04,0.0,205,554137,买盘,601126,2025-10-17 22:59:07
10:12:42,27.03,-0.01,170,459584,中性盘,601126,2025-10-17 22:59:07
10:12:45,27.0,-0.03,1056,2852401,卖盘,601126,2025-10-17 22:59:07
10:12:48,26.99,-0.01,322,869983,卖盘,601126,2025-10-17 22:59:07
10:12:51,27.02,0.03,16,43225,买盘,601126,2025-10-17 22:59:07
10:12:54,27.01,-0.01,90,243095,卖盘,601126,2025-10-17 22:59:07
10:12:57,27.01,0.0,48,129657,卖盘,601126,2025-10-17 22:59:07
10:13:00,27.02,0.01,1650,4457813,买盘,601126,2025-10-17 22:59:07
10:13:03,27.03,0.01,79,213527,买盘,601126,2025-10-17 22:59:07
10:13:06,27.06,0.03,349,943815,买盘,601126,2025-10-17 22:59:07
10:13:09,27.06,0.0,309,835678,买盘,601126,2025-10-17 22:59:07
10:13:12,27.06,0.0,241,652152,买盘,601126,2025-10-17 22:59:07
10:13:16,27.08,0.02,163,441153,买盘,601126,2025-10-17 22:59:07
10:13:19,27.07,-0.01,103,278824,中性盘,601126,2025-10-17 22:59:07
10:13:21,27.08,0.01,247,668757,买盘,601126,2025-10-17 22:59:07
10:13:24,27.08,0.0,41,111028,卖盘,601126,2025-10-17 22:59:07
10:13:27,27.0,-0.08,1356,3667308,卖盘,601126,2025-10-17 22:59:07
10:13:30,27.08,0.08,113,305379,买盘,601126,2025-10-17 22:59:07
10:13:33,27.02,-0.06,152,411043,买盘,601126,2025-10-17 22:59:07
10:13:36,27.08,0.06,188,508697,买盘,601126,2025-10-17 22:59:07
10:13:39,27.08,0.0,134,362442,买盘,601126,2025-10-17 22:59:07
10:13:42,27.04,-0.04,21,56843,卖盘,601126,2025-10-17 22:59:07
10:13:45,27.05,0.01,37,100091,买盘,601126,2025-10-17 22:59:07
10:13:48,27.06,0.01,380,1028253,买盘,601126,2025-10-17 22:59:07
10:13:51,27.07,0.01,68,184053,买盘,601126,2025-10-17 22:59:07
10:13:54,27.08,0.01,96,259863,买盘,601126,2025-10-17 22:59:07
10:13:57,27.08,0.0,57,154324,买盘,601126,2025-10-17 22:59:07
10:14:00,27.07,-0.01,200,541586,卖盘,601126,2025-10-17 22:59:07
10:14:03,27.09,0.02,137,371039,买盘,601126,2025-10-17 22:59:07
10:14:06,27.09,0.0,81,219398,买盘,601126,2025-10-17 22:59:07
10:14:09,27.1,0.01,176,476812,买盘,601126,2025-10-17 22:59:07
10:14:12,27.05,-0.05,947,2564979,卖盘,601126,2025-10-17 22:59:07
10:14:15,27.1,0.05,216,584860,买盘,601126,2025-10-17 22:59:07
10:14:18,27.09,-0.01,73,197744,卖盘,601126,2025-10-17 22:59:07
10:14:21,27.1,0.01,71,192387,买盘,601126,2025-10-17 22:59:07
10:14:24,27.1,0.0,39,105720,卖盘,601126,2025-10-17 22:59:07
10:14:27,27.1,0.0,103,279182,卖盘,601126,2025-10-17 22:59:07
10:14:30,27.12,0.02,118,319933,买盘,601126,2025-10-17 22:59:07
10:14:33,27.13,0.01,92,249589,买盘,601126,2025-10-17 22:59:07
10:14:36,27.12,-0.01,510,1383194,卖盘,601126,2025-10-17 22:59:07
10:14:39,27.12,0.0,273,740374,买盘,601126,2025-10-17 22:59:07
10:14:42,27.12,0.0,113,306470,买盘,601126,2025-10-17 22:59:07
10:14:45,27.12,0.0,122,330976,卖盘,601126,2025-10-17 22:59:07
10:14:48,27.15,0.03,95,257847,买盘,601126,2025-10-17 22:59:07
10:14:51,27.12,-0.03,677,1836007,卖盘,601126,2025-10-17 22:59:07
10:14:54,27.11,-0.01,396,1073810,卖盘,601126,2025-10-17 22:59:07
10:14:57,27.11,0.0,288,780551,买盘,601126,2025-10-17 22:59:07
10:15:00,27.07,-0.04,454,1230151,卖盘,601126,2025-10-17 22:59:07
10:15:03,27.09,0.02,225,609723,中性盘,601126,2025-10-17 22:59:07
10:15:06,27.09,0.0,79,213870,买盘,601126,2025-10-17 22:59:07
10:15:09,27.05,-0.04,83,224561,卖盘,601126,2025-10-17 22:59:07
10:15:12,27.05,0.0,660,1788018,卖盘,601126,2025-10-17 22:59:07
10:15:15,27.06,0.01,134,362534,买盘,601126,2025-10-17 22:59:07
10:15:18,27.07,0.01,5,13532,买盘,601126,2025-10-17 22:59:07
10:15:21,27.09,0.02,145,392522,买盘,601126,2025-10-17 22:59:07
10:15:24,27.07,-0.02,409,1107302,卖盘,601126,2025-10-17 22:59:07
10:15:27,27.08,0.01,105,284329,买盘,601126,2025-10-17 22:59:07
10:15:30,27.09,0.01,60,162445,买盘,601126,2025-10-17 22:59:07
10:15:33,27.07,-0.02,77,208453,卖盘,601126,2025-10-17 22:59:07
10:15:36,27.07,0.0,182,492936,卖盘,601126,2025-10-17 22:59:07
10:15:39,27.07,0.0,107,289822,卖盘,601126,2025-10-17 22:59:07
10:15:42,27.06,-0.01,167,452072,卖盘,601126,2025-10-17 22:59:07
10:15:45,27.05,-0.01,58,156956,卖盘,601126,2025-10-17 22:59:07
10:15:48,27.05,0.0,18,48691,卖盘,601126,2025-10-17 22:59:07
10:15:51,27.05,0.0,132,357060,卖盘,601126,2025-10-17 22:59:07
10:15:54,27.04,-0.01,112,302951,卖盘,601126,2025-10-17 22:59:07
10:15:57,27.05,0.01,27,73026,中性盘,601126,2025-10-17 22:59:07
10:16:00,27.03,-0.02,60,162182,卖盘,601126,2025-10-17 22:59:07
10:16:03,27.03,0.0,32,86490,卖盘,601126,2025-10-17 22:59:07
10:16:07,27.0,-0.03,199,537333,卖盘,601126,2025-10-17 22:59:07
10:16:10,26.98,-0.02,149,402210,卖盘,601126,2025-10-17 22:59:07
10:16:12,26.91,-0.07,80,215731,卖盘,601126,2025-10-17 22:59:07
10:16:15,26.95,0.04,30,80769,买盘,601126,2025-10-17 22:59:07
10:16:19,26.95,0.0,175,471638,买盘,601126,2025-10-17 22:59:07
10:16:21,26.96,0.01,36,97072,买盘,601126,2025-10-17 22:59:07
10:16:24,26.95,-0.01,243,655276,卖盘,601126,2025-10-17 22:59:07
10:16:27,26.92,-0.03,265,713994,卖盘,601126,2025-10-17 22:59:07
10:16:30,26.94,0.02,91,244822,中性盘,601126,2025-10-17 22:59:07
10:16:33,26.9,-0.04,109,293179,买盘,601126,2025-10-17 22:59:07
10:16:36,26.92,0.02,40,107656,买盘,601126,2025-10-17 22:59:07
10:16:39,27.03,0.11,1820,4910161,买盘,601126,2025-10-17 22:59:07
10:16:42,27.04,0.01,126,340772,买盘,601126,2025-10-17 22:59:07
10:16:45,27.07,0.03,160,432945,买盘,601126,2025-10-17 22:59:07
10:16:48,27.08,0.01,14,37907,买盘,601126,2025-10-17 22:59:07
10:16:51,27.1,0.02,139,376564,买盘,601126,2025-10-17 22:59:07
10:16:54,27.11,0.01,207,560984,买盘,601126,2025-10-17 22:59:07
10:16:57,27.12,0.01,73,197972,买盘,601126,2025-10-17 22:59:07
10:17:00,27.13,0.01,16,43392,买盘,601126,2025-10-17 22:59:07
10:17:03,27.13,0.0,27,73261,卖盘,601126,2025-10-17 22:59:07
10:17:06,27.13,0.0,308,835600,卖盘,601126,2025-10-17 22:59:07
10:17:10,27.12,-0.01,64,173657,卖盘,601126,2025-10-17 22:59:07
10:17:12,27.09,-0.03,110,297981,卖盘,601126,2025-10-17 22:59:07
10:17:15,27.05,-0.04,245,663191,卖盘,601126,2025-10-17 22:59:07
10:17:18,27.05,0.0,298,805786,卖盘,601126,2025-10-17 22:59:07
10:17:21,27.02,-0.03,38,102679,中性盘,601126,2025-10-17 22:59:07
10:17:24,27.03,0.01,12,32427,买盘,601126,2025-10-17 22:59:07
10:17:27,27.0,-0.03,73,197204,卖盘,601126,2025-10-17 22:59:07
10:17:30,27.0,0.0,97,261952,卖盘,601126,2025-10-17 22:59:07
10:17:33,27.0,0.0,168,453728,买盘,601126,2025-10-17 22:59:07
10:17:36,27.02,0.02,100,270141,买盘,601126,2025-10-17 22:59:07
10:17:39,27.01,-0.01,62,167497,中性盘,601126,2025-10-17 22:59:07
10:17:42,27.01,0.0,23,62144,卖盘,601126,2025-10-17 22:59:07
10:17:45,27.05,0.04,82,221717,买盘,601126,2025-10-17 22:59:07
10:17:48,27.06,0.01,47,127113,买盘,601126,2025-10-17 22:59:07
10:17:51,27.02,-0.04,378,1021934,卖盘,601126,2025-10-17 22:59:07
10:17:54,27.0,-0.02,44,118801,卖盘,601126,2025-10-17 22:59:07
10:17:57,27.0,0.0,109,294285,卖盘,601126,2025-10-17 22:59:07
10:18:00,26.98,-0.02,49,132278,卖盘,601126,2025-10-17 22:59:07
10:18:03,26.95,-0.03,22,59323,卖盘,601126,2025-10-17 22:59:07
10:18:06,26.96,0.01,11,29656,中性盘,601126,2025-10-17 22:59:07
10:18:09,26.99,0.03,23,62061,买盘,601126,2025-10-17 22:59:07
10:18:12,26.99,0.0,13,35081,买盘,601126,2025-10-17 22:59:07
10:18:15,27.0,0.01,407,1098894,买盘,601126,2025-10-17 22:59:07
10:18:18,27.03,0.03,37,99921,买盘,601126,2025-10-17 22:59:07
10:18:21,27.05,0.02,154,416578,买盘,601126,2025-10-17 22:59:07
10:18:24,27.06,0.01,170,459877,买盘,601126,2025-10-17 22:59:07
10:18:27,27.06,0.0,57,154231,买盘,601126,2025-10-17 22:59:07
10:18:30,27.07,0.01,145,392462,买盘,601126,2025-10-17 22:59:07
10:18:33,27.08,0.01,51,138076,买盘,601126,2025-10-17 22:59:07
10:18:36,27.05,-0.03,200,541364,卖盘,601126,2025-10-17 22:59:07
10:18:39,27.05,0.0,24,64922,卖盘,601126,2025-10-17 22:59:07
10:18:42,27.05,0.0,31,83811,买盘,601126,2025-10-17 22:59:07
10:18:45,27.05,0.0,77,208013,买盘,601126,2025-10-17 22:59:07
10:18:48,27.04,-0.01,51,137725,中性盘,601126,2025-10-17 22:59:07
10:18:51,27.0,-0.04,81,218700,卖盘,601126,2025-10-17 22:59:07
10:18:54,27.02,0.02,33,89103,买盘,601126,2025-10-17 22:59:07
10:18:57,27.03,0.01,26,70216,买盘,601126,2025-10-17 22:59:07
10:19:00,27.02,-0.01,50,135118,卖盘,601126,2025-10-17 22:59:07
10:19:03,27.01,-0.01,256,691809,卖盘,601126,2025-10-17 22:59:07
10:19:06,27.01,0.0,54,145893,卖盘,601126,2025-10-17 22:59:07
10:19:09,27.01,0.0,50,135050,卖盘,601126,2025-10-17 22:59:07
10:19:12,27.01,0.0,45,121545,卖盘,601126,2025-10-17 22:59:07
10:19:15,27.02,0.01,75,202632,买盘,601126,2025-10-17 22:59:07
10:19:18,27.02,0.0,47,126952,买盘,601126,2025-10-17 22:59:07
10:19:21,27.02,0.0,45,121586,买盘,601126,2025-10-17 22:59:07
10:19:24,27.01,-0.01,6,16207,卖盘,601126,2025-10-17 22:59:07
10:19:27,27.01,0.0,108,291724,卖盘,601126,2025-10-17 22:59:07
10:19:30,27.01,0.0,84,226950,买盘,601126,2025-10-17 22:59:07
10:19:33,27.0,-0.01,74,199824,卖盘,601126,2025-10-17 22:59:07
10:19:36,27.0,0.0,15,40502,买盘,601126,2025-10-17 22:59:07
10:19:39,27.0,0.0,201,542742,卖盘,601126,2025-10-17 22:59:07
10:19:42,27.0,0.0,413,1115098,买盘,601126,2025-10-17 22:59:07
10:19:45,27.01,0.01,57,153949,买盘,601126,2025-10-17 22:59:07
10:19:48,27.01,0.0,103,278295,卖盘,601126,2025-10-17 22:59:07
10:19:51,27.01,0.0,60,162066,卖盘,601126,2025-10-17 22:59:07
10:19:54,27.02,0.01,93,251286,买盘,601126,2025-10-17 22:59:07
10:19:57,27.02,0.0,335,905556,卖盘,601126,2025-10-17 22:59:07
10:20:00,27.03,0.01,177,478551,中性盘,601126,2025-10-17 22:59:07
10:20:03,27.0,-0.03,330,891909,卖盘,601126,2025-10-17 22:59:07
10:20:06,26.99,-0.01,60,161950,卖盘,601126,2025-10-17 22:59:07
10:20:09,26.99,0.0,82,221348,买盘,601126,2025-10-17 22:59:07
10:20:12,26.97,-0.02,67,180752,卖盘,601126,2025-10-17 22:59:07
10:20:15,26.97,0.0,71,191515,中性盘,601126,2025-10-17 22:59:07
10:20:18,26.95,-0.02,41,110531,卖盘,601126,2025-10-17 22:59:07
10:20:21,26.95,0.0,5,13475,卖盘,601126,2025-10-17 22:59:07
10:20:24,26.95,0.0,40,107811,卖盘,601126,2025-10-17 22:59:07
10:20:27,26.95,0.0,82,220901,卖盘,601126,2025-10-17 22:59:07
10:20:30,26.88,-0.07,114,306928,卖盘,601126,2025-10-17 22:59:07
10:20:33,26.93,0.05,166,446318,买盘,601126,2025-10-17 22:59:07
10:20:36,26.93,0.0,170,456760,卖盘,601126,2025-10-17 22:59:07
10:20:39,26.88,-0.05,53,142653,中性盘,601126,2025-10-17 22:59:07
10:20:42,26.93,0.05,10,26918,买盘,601126,2025-10-17 22:59:07
10:20:45,26.89,-0.04,65,174997,卖盘,601126,2025-10-17 22:59:07
10:20:48,26.89,0.0,20,53820,卖盘,601126,2025-10-17 22:59:07
10:20:51,26.89,0.0,85,228576,卖盘,601126,2025-10-17 22:59:07
10:20:54,26.89,0.0,40,107560,卖盘,601126,2025-10-17 22:59:07
10:20:57,26.87,-0.02,66,177439,卖盘,601126,2025-10-17 22:59:07
10:21:00,26.88,0.01,82,220418,卖盘,601126,2025-10-17 22:59:07
10:21:03,26.85,-0.03,110,295625,卖盘,601126,2025-10-17 22:59:07
10:21:06,26.85,0.0,12,32222,买盘,601126,2025-10-17 22:59:07
10:21:09,26.85,0.0,25,67140,卖盘,601126,2025-10-17 22:59:07
10:21:12,26.87,0.02,69,185330,买盘,601126,2025-10-17 22:59:07
10:21:15,26.87,0.0,34,91361,买盘,601126,2025-10-17 22:59:07
10:21:18,26.88,0.01,140,376321,买盘,601126,2025-10-17 22:59:07
10:21:21,26.9,0.02,90,241992,买盘,601126,2025-10-17 22:59:07
10:21:24,26.91,0.01,64,172176,买盘,601126,2025-10-17 22:59:07
10:21:27,26.92,0.01,159,427700,买盘,601126,2025-10-17 22:59:07
10:21:30,26.92,0.0,7,18841,买盘,601126,2025-10-17 22:59:07
10:21:33,26.92,0.0,44,118454,卖盘,601126,2025-10-17 22:59:07
10:21:36,26.94,0.02,30,80810,买盘,601126,2025-10-17 22:59:07
10:21:39,26.95,0.01,60,161667,买盘,601126,2025-10-17 22:59:07
10:21:42,26.96,0.01,41,110497,买盘,601126,2025-10-17 22:59:07
10:21:45,26.95,-0.01,24,64702,卖盘,601126,2025-10-17 22:59:07
10:21:48,26.97,0.02,58,156412,中性盘,601126,2025-10-17 22:59:07
10:21:51,26.95,-0.02,84,226474,卖盘,601126,2025-10-17 22:59:07
10:21:54,26.95,0.0,79,212938,卖盘,601126,2025-10-17 22:59:07
10:21:57,26.96,0.01,115,309963,买盘,601126,2025-10-17 22:59:07
10:22:00,26.94,-0.02,40,107789,卖盘,601126,2025-10-17 22:59:07
10:22:03,26.95,0.01,57,153565,中性盘,601126,2025-10-17 22:59:07
10:22:06,26.96,0.01,75,202148,买盘,601126,2025-10-17 22:59:07
10:22:09,26.97,0.01,15,40449,买盘,601126,2025-10-17 22:59:07
10:22:13,26.97,0.0,17,45842,买盘,601126,2025-10-17 22:59:07
10:22:15,26.96,-0.01,93,250774,卖盘,601126,2025-10-17 22:59:07
10:22:18,26.97,0.01,147,396382,买盘,601126,2025-10-17 22:59:07
10:22:21,26.97,0.0,27,72818,买盘,601126,2025-10-17 22:59:07
10:22:24,26.98,0.01,91,245526,买盘,601126,2025-10-17 22:59:07
10:22:27,26.99,0.01,80,215849,买盘,601126,2025-10-17 22:59:07
10:22:30,27.0,0.01,34,91772,买盘,601126,2025-10-17 22:59:07
10:22:33,26.99,-0.01,49,132224,买盘,601126,2025-10-17 22:59:07
10:22:36,26.99,0.0,125,337372,买盘,601126,2025-10-17 22:59:07
10:22:39,26.98,-0.01,223,601873,卖盘,601126,2025-10-17 22:59:07
10:22:42,27.0,0.02,155,418625,买盘,601126,2025-10-17 22:59:07
10:22:45,27.02,0.02,34,91868,买盘,601126,2025-10-17 22:59:07
10:22:48,27.01,-0.01,541,1460987,卖盘,601126,2025-10-17 22:59:07
10:22:51,27.03,0.02,146,394564,买盘,601126,2025-10-17 22:59:07
10:22:55,27.04,0.01,28,75713,买盘,601126,2025-10-17 22:59:07
10:22:57,27.0,-0.04,1144,3091180,卖盘,601126,2025-10-17 22:59:07
10:23:00,27.04,0.04,1076,2908043,买盘,601126,2025-10-17 22:59:07
10:23:03,26.96,-0.08,116,312746,卖盘,601126,2025-10-17 22:59:07
10:23:06,26.93,-0.03,585,1577636,卖盘,601126,2025-10-17 22:59:07
10:23:09,26.92,-0.01,85,229222,卖盘,601126,2025-10-17 22:59:07
10:23:13,26.98,0.06,38,102408,买盘,601126,2025-10-17 22:59:07
10:23:15,27.0,0.02,112,302286,买盘,601126,2025-10-17 22:59:07
10:23:18,27.05,0.05,211,570033,买盘,601126,2025-10-17 22:59:07
10:23:21,27.05,0.0,283,765743,买盘,601126,2025-10-17 22:59:07
10:23:24,27.07,0.02,127,344017,中性盘,601126,2025-10-17 22:59:07
10:23:27,27.07,0.0,5,13539,买盘,601126,2025-10-17 22:59:07
10:23:30,27.11,0.04,245,664080,买盘,601126,2025-10-17 22:59:07
10:23:33,27.11,0.0,178,482315,买盘,601126,2025-10-17 22:59:07
10:23:36,27.1,-0.01,45,122001,卖盘,601126,2025-10-17 22:59:07
10:23:39,27.14,0.04,115,311997,买盘,601126,2025-10-17 22:59:07
10:23:42,27.14,0.0,154,417952,买盘,601126,2025-10-17 22:59:07
10:23:45,27.15,0.01,239,648537,买盘,601126,2025-10-17 22:59:07
10:23:48,27.18,0.03,297,807012,买盘,601126,2025-10-17 22:59:07
10:23:51,27.23,0.05,1480,4034953,买盘,601126,2025-10-17 22:59:07
10:23:54,27.25,0.02,175,477203,卖盘,601126,2025-10-17 22:59:07
10:23:57,27.28,0.03,79,215548,买盘,601126,2025-10-17 22:59:07
10:24:00,27.3,0.02,231,630258,买盘,601126,2025-10-17 22:59:07
10:24:03,27.3,0.0,454,1239043,买盘,601126,2025-10-17 22:59:07
10:24:06,27.33,0.03,347,947353,买盘,601126,2025-10-17 22:59:07
10:24:09,27.29,-0.04,283,773336,卖盘,601126,2025-10-17 22:59:07
10:24:12,27.33,0.04,212,578762,买盘,601126,2025-10-17 22:59:07
10:24:15,27.29,-0.04,153,417723,卖盘,601126,2025-10-17 22:59:07
10:24:18,27.3,0.01,222,605949,买盘,601126,2025-10-17 22:59:07
10:24:21,27.34,0.04,112,306066,买盘,601126,2025-10-17 22:59:07
10:24:24,27.35,0.01,188,514042,买盘,601126,2025-10-17 22:59:07
10:24:27,27.36,0.01,130,355619,买盘,601126,2025-10-17 22:59:07
10:24:30,27.38,0.02,119,325598,买盘,601126,2025-10-17 22:59:07
10:24:33,27.35,-0.03,533,1458003,卖盘,601126,2025-10-17 22:59:07
10:24:36,27.34,-0.01,225,615220,卖盘,601126,2025-10-17 22:59:07
10:24:39,27.36,0.02,111,303572,买盘,601126,2025-10-17 22:59:07
10:24:42,27.38,0.02,500,1368736,买盘,601126,2025-10-17 22:59:07
10:24:45,27.37,-0.01,138,377809,卖盘,601126,2025-10-17 22:59:07
10:24:48,27.41,0.04,252,690466,买盘,601126,2025-10-17 22:59:07
10:24:51,27.35,-0.06,795,2176437,卖盘,601126,2025-10-17 22:59:07
10:24:54,27.39,0.04,536,1467501,买盘,601126,2025-10-17 22:59:07
10:24:57,27.35,-0.04,123,336619,卖盘,601126,2025-10-17 22:59:07
10:25:00,27.35,0.0,72,196987,卖盘,601126,2025-10-17 22:59:07
10:25:03,27.32,-0.03,376,1028334,卖盘,601126,2025-10-17 22:59:07
10:25:06,27.32,0.0,405,1106735,买盘,601126,2025-10-17 22:59:07
10:25:09,27.27,-0.05,298,813762,卖盘,601126,2025-10-17 22:59:07
10:25:12,27.27,0.0,366,998694,中性盘,601126,2025-10-17 22:59:07
10:25:15,27.19,-0.08,85,231320,卖盘,601126,2025-10-17 22:59:07
10:25:18,27.26,0.07,20,54401,买盘,601126,2025-10-17 22:59:07
10:25:24,27.19,-0.07,64,174194,卖盘,601126,2025-10-17 22:59:07
10:25:27,27.21,0.02,54,146844,中性盘,601126,2025-10-17 22:59:07
10:25:31,27.19,-0.02,61,165799,卖盘,601126,2025-10-17 22:59:07
10:25:33,27.14,-0.05,73,198206,卖盘,601126,2025-10-17 22:59:07
10:25:36,27.15,0.01,41,111305,买盘,601126,2025-10-17 22:59:07
10:25:39,27.15,0.0,54,146608,买盘,601126,2025-10-17 22:59:07
10:25:42,27.19,0.04,69,187468,买盘,601126,2025-10-17 22:59:07
10:25:45,27.19,0.0,44,119598,买盘,601126,2025-10-17 22:59:07
10:25:48,27.21,0.02,48,130485,买盘,601126,2025-10-17 22:59:07
10:25:51,27.21,0.0,12,32651,买盘,601126,2025-10-17 22:59:07
10:25:54,27.24,0.03,17,46294,买盘,601126,2025-10-17 22:59:07
10:25:57,27.22,-0.02,461,1254429,中性盘,601126,2025-10-17 22:59:07
10:26:00,27.25,0.03,74,201536,买盘,601126,2025-10-17 22:59:07
10:26:03,27.2,-0.05,116,315631,卖盘,601126,2025-10-17 22:59:07
10:26:06,27.12,-0.08,1298,3526441,卖盘,601126,2025-10-17 22:59:07
10:26:09,27.1,-0.02,35,94912,卖盘,601126,2025-10-17 22:59:07
10:26:12,27.19,0.09,30,81453,买盘,601126,2025-10-17 22:59:07
10:26:15,27.18,-0.01,156,423643,中性盘,601126,2025-10-17 22:59:07
10:26:18,27.19,0.01,22,59806,买盘,601126,2025-10-17 22:59:07
10:26:21,27.18,-0.01,47,127770,中性盘,601126,2025-10-17 22:59:07
10:26:24,27.2,0.02,161,437628,买盘,601126,2025-10-17 22:59:07
10:26:27,27.21,0.01,37,100663,买盘,601126,2025-10-17 22:59:07
10:26:30,27.23,0.02,46,125230,买盘,601126,2025-10-17 22:59:07
10:26:33,27.25,0.02,126,343108,买盘,601126,2025-10-17 22:59:07
10:26:36,27.26,0.01,91,247984,买盘,601126,2025-10-17 22:59:07
10:26:39,27.27,0.01,39,106348,买盘,601126,2025-10-17 22:59:07
10:26:42,27.3,0.03,91,248294,买盘,601126,2025-10-17 22:59:07
10:26:45,27.3,0.0,70,191056,买盘,601126,2025-10-17 22:59:07
10:26:48,27.31,0.01,23,62808,买盘,601126,2025-10-17 22:59:07
10:26:51,27.31,0.0,62,169370,买盘,601126,2025-10-17 22:59:07
10:26:54,27.31,0.0,40,109255,卖盘,601126,2025-10-17 22:59:07
10:26:57,27.28,-0.03,899,2455138,卖盘,601126,2025-10-17 22:59:07
10:27:00,27.3,0.02,147,401224,买盘,601126,2025-10-17 22:59:07
10:27:03,27.31,0.01,192,524182,买盘,601126,2025-10-17 22:59:07
10:27:06,27.31,0.0,52,142049,买盘,601126,2025-10-17 22:59:07
10:27:09,27.32,0.01,76,207605,买盘,601126,2025-10-17 22:59:07
10:27:12,27.33,0.01,19,51924,买盘,601126,2025-10-17 22:59:07
10:27:15,27.35,0.02,98,267926,买盘,601126,2025-10-17 22:59:07
10:27:18,27.36,0.01,21,57449,买盘,601126,2025-10-17 22:59:07
10:27:21,27.37,0.01,84,229908,买盘,601126,2025-10-17 22:59:07
10:27:24,27.4,0.03,165,451978,买盘,601126,2025-10-17 22:59:07
10:27:27,27.43,0.03,146,400136,买盘,601126,2025-10-17 22:59:07
10:27:30,27.45,0.02,143,392362,买盘,601126,2025-10-17 22:59:07
10:27:33,27.46,0.01,188,516007,买盘,601126,2025-10-17 22:59:07
10:27:36,27.49,0.03,1181,3246086,买盘,601126,2025-10-17 22:59:07
10:27:39,27.5,0.01,248,681825,买盘,601126,2025-10-17 22:59:07
10:27:42,27.54,0.04,278,764958,买盘,601126,2025-10-17 22:59:07
10:27:45,27.53,-0.01,286,787240,买盘,601126,2025-10-17 22:59:07
10:27:48,27.51,-0.02,402,1107054,卖盘,601126,2025-10-17 22:59:07
10:27:51,27.53,0.02,419,1153864,卖盘,601126,2025-10-17 22:59:07
10:27:54,27.51,-0.02,616,1695109,卖盘,601126,2025-10-17 22:59:07
10:27:57,27.5,-0.01,499,1372408,卖盘,601126,2025-10-17 22:59:07
10:28:00,27.46,-0.04,413,1135737,卖盘,601126,2025-10-17 22:59:07
10:28:03,27.49,0.03,336,922761,买盘,601126,2025-10-17 22:59:07
10:28:06,27.5,0.01,220,604727,买盘,601126,2025-10-17 22:59:07
10:28:09,27.51,0.01,538,1481605,买盘,601126,2025-10-17 22:59:07
10:28:12,27.53,0.02,306,842955,中性盘,601126,2025-10-17 22:59:07
10:28:15,27.54,0.01,246,677557,中性盘,601126,2025-10-17 22:59:07
10:28:18,27.56,0.02,350,964148,买盘,601126,2025-10-17 22:59:07
10:28:21,27.54,-0.02,217,598004,卖盘,601126,2025-10-17 22:59:07
10:28:24,27.54,0.0,747,2057865,卖盘,601126,2025-10-17 22:59:07
10:28:28,27.54,0.0,325,895162,卖盘,601126,2025-10-17 22:59:07
10:28:30,27.51,-0.03,1186,3267259,卖盘,601126,2025-10-17 22:59:07
10:28:33,27.46,-0.05,839,2307543,卖盘,601126,2025-10-17 22:59:07
10:28:36,27.49,0.03,462,1271405,买盘,601126,2025-10-17 22:59:07
10:28:39,27.49,0.0,178,489417,卖盘,601126,2025-10-17 22:59:07
10:28:42,27.51,0.02,274,753496,买盘,601126,2025-10-17 22:59:07
10:28:45,27.51,0.0,92,253070,卖盘,601126,2025-10-17 22:59:07
10:28:48,27.51,0.0,284,781511,买盘,601126,2025-10-17 22:59:07
10:28:51,27.54,0.03,112,308291,买盘,601126,2025-10-17 22:59:07
10:28:54,27.51,-0.03,157,432139,卖盘,601126,2025-10-17 22:59:07
10:28:58,27.52,0.01,99,272465,中性盘,601126,2025-10-17 22:59:07
10:29:01,27.45,-0.07,820,2254128,卖盘,601126,2025-10-17 22:59:07
10:29:03,27.45,0.0,235,645727,卖盘,601126,2025-10-17 22:59:07
10:29:06,27.48,0.03,359,986832,买盘,601126,2025-10-17 22:59:07
10:29:09,27.45,-0.03,120,329468,卖盘,601126,2025-10-17 22:59:07
10:29:12,27.43,-0.02,527,1446147,卖盘,601126,2025-10-17 22:59:07
10:29:15,27.4,-0.03,150,411067,卖盘,601126,2025-10-17 22:59:07
10:29:18,27.36,-0.04,331,906497,卖盘,601126,2025-10-17 22:59:07
10:29:21,27.3,-0.06,779,2128949,卖盘,601126,2025-10-17 22:59:07
10:29:24,27.31,0.01,312,852703,买盘,601126,2025-10-17 22:59:07
10:29:27,27.31,0.0,79,215749,卖盘,601126,2025-10-17 22:59:07
10:29:30,27.35,0.04,72,196857,买盘,601126,2025-10-17 22:59:07
10:29:33,27.29,-0.06,228,622655,卖盘,601126,2025-10-17 22:59:07
10:29:36,27.25,-0.04,165,450061,卖盘,601126,2025-10-17 22:59:07
10:29:39,27.23,-0.02,100,272790,卖盘,601126,2025-10-17 22:59:07
10:29:42,27.24,0.01,170,463435,买盘,601126,2025-10-17 22:59:07
10:29:45,27.22,-0.02,96,261420,卖盘,601126,2025-10-17 22:59:07
10:29:48,27.22,0.0,46,125306,买盘,601126,2025-10-17 22:59:07
10:29:51,27.22,0.0,247,672315,买盘,601126,2025-10-17 22:59:07
10:29:54,27.2,-0.02,324,881343,卖盘,601126,2025-10-17 22:59:07
10:29:57,27.17,-0.03,239,650066,中性盘,601126,2025-10-17 22:59:07
10:30:00,27.22,0.05,751,2042513,买盘,601126,2025-10-17 22:59:07
10:30:04,27.22,0.0,298,811157,卖盘,601126,2025-10-17 22:59:07
10:30:06,27.23,0.01,210,572181,买盘,601126,2025-10-17 22:59:07
10:30:09,27.23,0.0,9,24507,中性盘,601126,2025-10-17 22:59:07
10:30:12,27.23,0.0,99,269679,中性盘,601126,2025-10-17 22:59:07
10:30:15,27.27,0.04,382,1043038,买盘,601126,2025-10-17 22:59:07
10:30:18,27.36,0.09,250,682976,中性盘,601126,2025-10-17 22:59:07
10:30:21,27.34,-0.02,13,35542,中性盘,601126,2025-10-17 22:59:07
10:30:24,27.35,0.01,107,292646,买盘,601126,2025-10-17 22:59:07
10:30:27,27.35,0.0,47,128532,卖盘,601126,2025-10-17 22:59:07
10:30:30,27.31,-0.04,33,90199,卖盘,601126,2025-10-17 22:59:07
10:30:33,27.31,0.0,95,259293,买盘,601126,2025-10-17 22:59:07
10:30:36,27.27,-0.04,154,420511,中性盘,601126,2025-10-17 22:59:07
10:30:39,27.3,0.03,114,310836,买盘,601126,2025-10-17 22:59:07
10:30:42,27.3,0.0,31,84606,买盘,601126,2025-10-17 22:59:07
10:30:45,27.35,0.05,152,415564,买盘,601126,2025-10-17 22:59:07
10:30:48,27.37,0.02,101,276401,买盘,601126,2025-10-17 22:59:07
10:30:51,27.39,0.02,13,35603,买盘,601126,2025-10-17 22:59:07
10:30:54,27.42,0.03,29,79469,买盘,601126,2025-10-17 22:59:07
10:30:57,27.41,-0.01,101,276814,中性盘,601126,2025-10-17 22:59:07
10:31:00,27.42,0.01,120,329033,买盘,601126,2025-10-17 22:59:07
10:31:03,27.41,-0.01,205,561830,卖盘,601126,2025-10-17 22:59:07
10:31:07,27.42,0.01,194,531728,买盘,601126,2025-10-17 22:59:07
10:31:09,27.42,0.0,61,167295,买盘,601126,2025-10-17 22:59:07
10:31:13,27.4,-0.02,248,679850,卖盘,601126,2025-10-17 22:59:07
10:31:15,27.36,-0.04,317,868887,卖盘,601126,2025-10-17 22:59:07
10:31:19,27.36,0.0,72,197242,卖盘,601126,2025-10-17 22:59:07
10:31:22,27.37,0.01,59,161467,买盘,601126,2025-10-17 22:59:07
10:31:25,27.39,0.02,87,238208,买盘,601126,2025-10-17 22:59:07
10:31:27,27.44,0.05,309,847142,买盘,601126,2025-10-17 22:59:07
10:31:30,27.43,-0.01,158,434231,卖盘,601126,2025-10-17 22:59:07
10:31:33,27.48,0.05,109,299372,买盘,601126,2025-10-17 22:59:07
10:31:36,27.47,-0.01,119,326554,买盘,601126,2025-10-17 22:59:07
10:31:39,27.49,0.02,111,305106,买盘,601126,2025-10-17 22:59:07
10:31:42,27.46,-0.03,321,882411,卖盘,601126,2025-10-17 22:59:07
10:31:45,27.49,0.03,224,615872,卖盘,601126,2025-10-17 22:59:07
10:31:48,27.49,0.0,29,79709,买盘,601126,2025-10-17 22:59:07
10:31:51,27.49,0.0,82,225427,买盘,601126,2025-10-17 22:59:07
10:31:54,27.5,0.01,506,1390996,买盘,601126,2025-10-17 22:59:07
10:31:57,27.5,0.0,322,885655,卖盘,601126,2025-10-17 22:59:07
10:32:00,27.52,0.02,158,434693,买盘,601126,2025-10-17 22:59:07
10:32:03,27.51,-0.01,179,492313,中性盘,601126,2025-10-17 22:59:07
10:32:06,27.46,-0.05,558,1534077,卖盘,601126,2025-10-17 22:59:07
10:32:09,27.45,-0.01,254,697429,卖盘,601126,2025-10-17 22:59:07
10:32:12,27.46,0.01,43,118062,买盘,601126,2025-10-17 22:59:07
10:32:15,27.47,0.01,37,101615,买盘,601126,2025-10-17 22:59:07
10:32:18,27.45,-0.02,20,54909,卖盘,601126,2025-10-17 22:59:07
10:32:21,27.45,0.0,74,203072,买盘,601126,2025-10-17 22:59:07
10:32:24,27.45,0.0,173,474873,买盘,601126,2025-10-17 22:59:07
10:32:27,27.45,0.0,107,293744,卖盘,601126,2025-10-17 22:59:07
10:32:30,27.46,0.01,53,145517,买盘,601126,2025-10-17 22:59:07
10:32:33,27.48,0.02,62,170317,买盘,601126,2025-10-17 22:59:07
10:32:36,27.48,0.0,216,593651,买盘,601126,2025-10-17 22:59:07
10:32:39,27.5,0.02,173,475720,买盘,601126,2025-10-17 22:59:07
10:32:42,27.52,0.02,272,748166,买盘,601126,2025-10-17 22:59:07
10:32:45,27.51,-0.01,263,723522,卖盘,601126,2025-10-17 22:59:07
10:32:48,27.52,0.01,303,833582,买盘,601126,2025-10-17 22:59:07
10:32:51,27.54,0.02,286,787323,买盘,601126,2025-10-17 22:59:07
10:32:54,27.55,0.01,231,636087,买盘,601126,2025-10-17 22:59:07
10:32:57,27.55,0.0,335,922961,卖盘,601126,2025-10-17 22:59:07
10:33:00,27.57,0.02,284,782709,买盘,601126,2025-10-17 22:59:07
10:33:03,27.56,-0.01,400,1102444,卖盘,601126,2025-10-17 22:59:07
10:33:06,27.56,0.0,480,1322403,买盘,601126,2025-10-17 22:59:07
10:33:09,27.54,-0.02,174,479165,卖盘,601126,2025-10-17 22:59:07
10:33:12,27.54,0.0,313,861931,买盘,601126,2025-10-17 22:59:07
10:33:15,27.54,0.0,244,671985,卖盘,601126,2025-10-17 22:59:07
10:33:18,27.55,0.01,290,798869,买盘,601126,2025-10-17 22:59:07
10:33:21,27.55,0.0,234,644590,卖盘,601126,2025-10-17 22:59:07
10:33:24,27.54,-0.01,166,457203,卖盘,601126,2025-10-17 22:59:07
10:33:27,27.54,0.0,655,1806173,卖盘,601126,2025-10-17 22:59:07
10:33:30,27.56,0.02,115,317290,中性盘,601126,2025-10-17 22:59:07
10:33:34,27.56,0.0,121,333697,卖盘,601126,2025-10-17 22:59:07
10:33:37,27.57,0.01,222,611984,买盘,601126,2025-10-17 22:59:07
10:33:39,27.57,0.0,185,509998,卖盘,601126,2025-10-17 22:59:07
10:33:42,27.58,0.01,81,223348,买盘,601126,2025-10-17 22:59:07
10:33:45,27.58,0.0,96,264789,卖盘,601126,2025-10-17 22:59:07
10:33:48,27.58,0.0,761,2100068,卖盘,601126,2025-10-17 22:59:07
10:33:51,27.59,0.01,370,1021127,中性盘,601126,2025-10-17 22:59:07
10:33:54,27.59,0.0,115,317382,卖盘,601126,2025-10-17 22:59:07
10:33:57,27.6,0.01,218,601554,买盘,601126,2025-10-17 22:59:07
10:34:00,27.6,0.0,510,1408283,卖盘,601126,2025-10-17 22:59:07
10:34:03,27.61,0.01,313,864009,买盘,601126,2025-10-17 22:59:07
10:34:06,27.62,0.01,316,872540,买盘,601126,2025-10-17 22:59:07
10:34:09,27.62,0.0,279,770368,买盘,601126,2025-10-17 22:59:07
10:34:12,27.62,0.0,310,856137,买盘,601126,2025-10-17 22:59:07
10:34:15,27.62,0.0,294,811995,卖盘,601126,2025-10-17 22:59:07
10:34:18,27.63,0.01,466,1287707,买盘,601126,2025-10-17 22:59:07
10:34:21,27.64,0.01,279,770934,买盘,601126,2025-10-17 22:59:07
10:34:24,27.64,0.0,339,937081,买盘,601126,2025-10-17 22:59:07
10:34:27,27.65,0.01,244,674607,买盘,601126,2025-10-17 22:59:07
10:34:30,27.65,0.0,400,1106231,卖盘,601126,2025-10-17 22:59:07
10:34:33,27.66,0.01,222,614137,中性盘,601126,2025-10-17 22:59:07
10:34:36,27.67,0.01,361,998980,买盘,601126,2025-10-17 22:59:07
10:34:39,27.69,0.02,139,384747,买盘,601126,2025-10-17 22:59:07
10:34:42,27.69,0.0,394,1091179,中性盘,601126,2025-10-17 22:59:07
10:34:45,27.7,0.01,209,578983,买盘,601126,2025-10-17 22:59:07
10:34:48,27.69,-0.01,198,548611,卖盘,601126,2025-10-17 22:59:07
10:34:51,27.7,0.01,1082,2997122,买盘,601126,2025-10-17 22:59:07
10:34:54,27.68,-0.02,249,689361,卖盘,601126,2025-10-17 22:59:07
10:34:57,27.68,0.0,545,1508142,买盘,601126,2025-10-17 22:59:07
10:35:00,27.68,0.0,295,816843,卖盘,601126,2025-10-17 22:59:07
10:35:03,27.69,0.01,341,943921,买盘,601126,2025-10-17 22:59:07
10:35:06,27.7,0.01,256,708801,买盘,601126,2025-10-17 22:59:07
10:35:09,27.7,0.0,264,731065,买盘,601126,2025-10-17 22:59:07
10:35:12,27.69,-0.01,422,1168829,卖盘,601126,2025-10-17 22:59:07
10:35:15,27.69,0.0,1284,3551560,买盘,601126,2025-10-17 22:59:07
10:35:18,27.67,-0.02,382,1057173,中性盘,601126,2025-10-17 22:59:07
10:35:21,27.65,-0.02,201,555714,中性盘,601126,2025-10-17 22:59:07
10:35:24,27.64,-0.01,102,281877,中性盘,601126,2025-10-17 22:59:07
10:35:28,27.62,-0.02,103,284533,卖盘,601126,2025-10-17 22:59:07
10:35:30,27.61,-0.01,319,880545,卖盘,601126,2025-10-17 22:59:07
10:35:33,27.62,0.01,177,488725,买盘,601126,2025-10-17 22:59:07
10:35:37,27.6,-0.02,285,786468,买盘,601126,2025-10-17 22:59:07
10:35:39,27.57,-0.03,52,143430,卖盘,601126,2025-10-17 22:59:07
10:35:42,27.58,0.01,178,491000,卖盘,601126,2025-10-17 22:59:07
10:35:45,27.59,0.01,587,1619974,买盘,601126,2025-10-17 22:59:07
10:35:48,27.59,0.0,79,217937,买盘,601126,2025-10-17 22:59:07
10:35:51,27.61,0.02,132,364208,买盘,601126,2025-10-17 22:59:07
10:35:54,27.61,0.0,153,422563,买盘,601126,2025-10-17 22:59:07
10:35:57,27.62,0.01,79,218202,中性盘,601126,2025-10-17 22:59:07
10:36:00,27.62,0.0,413,1140654,中性盘,601126,2025-10-17 22:59:07
10:36:03,27.65,0.03,493,1362237,买盘,601126,2025-10-17 22:59:07
10:36:06,27.68,0.03,236,652940,买盘,601126,2025-10-17 22:59:07
10:36:09,27.67,-0.01,183,506644,卖盘,601126,2025-10-17 22:59:07
10:36:12,27.7,0.03,490,1356946,买盘,601126,2025-10-17 22:59:07
10:36:15,27.7,0.0,638,1767430,买盘,601126,2025-10-17 22:59:07
10:36:18,27.73,0.03,206,571189,买盘,601126,2025-10-17 22:59:07
10:36:21,27.73,0.0,159,440781,买盘,601126,2025-10-17 22:59:07
10:36:24,27.74,0.01,188,521399,买盘,601126,2025-10-17 22:59:07
10:36:27,27.74,0.0,570,1581181,卖盘,601126,2025-10-17 22:59:07
10:36:30,27.73,-0.01,342,948575,卖盘,601126,2025-10-17 22:59:07
10:36:33,27.76,0.03,751,2085002,买盘,601126,2025-10-17 22:59:07
10:36:36,27.76,0.0,190,527447,卖盘,601126,2025-10-17 22:59:07
10:36:39,27.77,0.01,270,749920,买盘,601126,2025-10-17 22:59:07
10:36:42,27.78,0.01,389,1080514,买盘,601126,2025-10-17 22:59:07
10:36:45,27.81,0.03,301,836722,买盘,601126,2025-10-17 22:59:07
10:36:48,27.81,0.0,588,1635113,买盘,601126,2025-10-17 22:59:07
10:36:51,27.83,0.02,179,497876,买盘,601126,2025-10-17 22:59:07
10:36:54,27.81,-0.02,575,1598892,卖盘,601126,2025-10-17 22:59:07
10:36:57,27.86,0.05,1016,2828518,买盘,601126,2025-10-17 22:59:07
10:37:00,27.89,0.03,452,1259495,买盘,601126,2025-10-17 22:59:07
10:37:03,27.9,0.01,457,1275285,买盘,601126,2025-10-17 22:59:07
10:37:06,27.95,0.05,432,1206810,买盘,601126,2025-10-17 22:59:07
10:37:09,27.96,0.01,532,1486937,买盘,601126,2025-10-17 22:59:07
10:37:12,27.97,0.01,415,1160559,买盘,601126,2025-10-17 22:59:07
10:37:16,27.99,0.02,837,2341810,买盘,601126,2025-10-17 22:59:07
10:37:18,27.99,0.0,1002,2804541,买盘,601126,2025-10-17 22:59:07
10:37:21,27.99,0.0,2235,6256298,买盘,601126,2025-10-17 22:59:07
10:37:24,28.04,0.05,475,1330019,买盘,601126,2025-10-17 22:59:07
10:37:27,28.03,-0.01,533,1496306,卖盘,601126,2025-10-17 22:59:07
10:37:30,28.11,0.08,185,519795,买盘,601126,2025-10-17 22:59:07
10:37:33,28.14,0.03,319,898931,买盘,601126,2025-10-17 22:59:07
10:37:36,28.12,-0.02,1701,4785098,卖盘,601126,2025-10-17 22:59:07
10:37:39,28.12,0.0,1962,5508693,买盘,601126,2025-10-17 22:59:07
10:37:42,28.11,-0.01,2098,5883838,买盘,601126,2025-10-17 22:59:07
10:37:46,28.11,0.0,867,2437409,买盘,601126,2025-10-17 22:59:07
10:37:48,28.16,0.05,616,1732434,买盘,601126,2025-10-17 22:59:07
10:37:51,28.17,0.01,506,1425710,买盘,601126,2025-10-17 22:59:07
10:37:54,28.18,0.01,320,901792,买盘,601126,2025-10-17 22:59:07
10:37:57,28.23,0.05,1066,3003112,买盘,601126,2025-10-17 22:59:07
10:38:00,28.23,0.0,666,1879762,买盘,601126,2025-10-17 22:59:07
10:38:03,28.23,0.0,1878,5297749,卖盘,601126,2025-10-17 22:59:07
10:38:06,28.18,-0.05,793,2237978,卖盘,601126,2025-10-17 22:59:07
10:38:09,28.11,-0.07,919,2592914,卖盘,601126,2025-10-17 22:59:07
10:38:13,28.13,0.02,397,1116765,中性盘,601126,2025-10-17 22:59:07
10:38:15,28.2,0.07,598,1682645,买盘,601126,2025-10-17 22:59:07
10:38:18,28.2,0.0,248,697945,买盘,601126,2025-10-17 22:59:07
10:38:21,28.21,0.01,471,1328592,买盘,601126,2025-10-17 22:59:07
10:38:24,28.25,0.04,242,683064,买盘,601126,2025-10-17 22:59:07
10:38:27,28.25,0.0,77,217555,买盘,601126,2025-10-17 22:59:07
10:38:30,28.26,0.01,200,565490,中性盘,601126,2025-10-17 22:59:07
10:38:33,28.3,0.04,514,1453939,买盘,601126,2025-10-17 22:59:07
10:38:36,28.37,0.07,234,663317,买盘,601126,2025-10-17 22:59:07
10:38:39,28.37,0.0,271,768968,买盘,601126,2025-10-17 22:59:07
10:38:42,28.42,0.05,439,1245920,买盘,601126,2025-10-17 22:59:07
10:38:45,28.38,-0.04,1620,4594031,卖盘,601126,2025-10-17 22:59:07
10:38:48,28.36,-0.02,596,1689485,中性盘,601126,2025-10-17 22:59:07
10:38:51,28.38,0.02,888,2519905,买盘,601126,2025-10-17 22:59:07
10:38:54,28.39,0.01,241,684145,买盘,601126,2025-10-17 22:59:07
10:38:57,28.43,0.04,87,247314,买盘,601126,2025-10-17 22:59:07
10:39:01,28.43,0.0,400,1137377,卖盘,601126,2025-10-17 22:59:07
10:39:03,28.44,0.01,1161,3298226,中性盘,601126,2025-10-17 22:59:07
10:39:06,28.32,-0.12,1146,3249615,卖盘,601126,2025-10-17 22:59:07
10:39:09,28.31,-0.01,782,2213419,中性盘,601126,2025-10-17 22:59:07
10:39:13,28.33,0.02,1682,4764261,买盘,601126,2025-10-17 22:59:07
10:39:15,28.34,0.01,323,914884,买盘,601126,2025-10-17 22:59:07
10:39:18,28.34,0.0,324,918595,买盘,601126,2025-10-17 22:59:07
10:39:21,28.36,0.02,278,788861,买盘,601126,2025-10-17 22:59:07
10:39:24,28.36,0.0,243,689172,卖盘,601126,2025-10-17 22:59:07
10:39:28,28.36,0.0,737,2087503,卖盘,601126,2025-10-17 22:59:07
10:39:30,28.3,-0.06,127,359744,卖盘,601126,2025-10-17 22:59:07
10:39:33,28.31,0.01,276,781851,中性盘,601126,2025-10-17 22:59:07
10:39:36,28.33,0.02,370,1048404,中性盘,601126,2025-10-17 22:59:07
10:39:39,28.29,-0.04,573,1621609,卖盘,601126,2025-10-17 22:59:07
10:39:42,28.27,-0.02,172,486645,卖盘,601126,2025-10-17 22:59:07
10:39:45,28.27,0.0,288,814110,卖盘,601126,2025-10-17 22:59:07
10:39:48,28.21,-0.06,227,641230,卖盘,601126,2025-10-17 22:59:07
10:39:51,28.13,-0.08,600,1690906,卖盘,601126,2025-10-17 22:59:07
10:39:54,28.15,0.02,375,1056302,买盘,601126,2025-10-17 22:59:07
10:39:57,28.15,0.0,169,475946,卖盘,601126,2025-10-17 22:59:07
10:40:00,28.19,0.04,210,591268,买盘,601126,2025-10-17 22:59:07
10:40:03,28.16,-0.03,178,501986,卖盘,601126,2025-10-17 22:59:07
10:40:06,28.27,0.11,389,1098787,买盘,601126,2025-10-17 22:59:07
10:40:09,28.2,-0.07,1009,2846551,卖盘,601126,2025-10-17 22:59:07
10:40:12,28.2,0.0,284,800850,买盘,601126,2025-10-17 22:59:07
10:40:15,28.22,0.02,205,578342,买盘,601126,2025-10-17 22:59:07
10:40:18,28.1,-0.12,851,2396968,卖盘,601126,2025-10-17 22:59:07
10:40:21,28.07,-0.03,213,598155,卖盘,601126,2025-10-17 22:59:07
10:40:25,28.02,-0.05,168,471488,卖盘,601126,2025-10-17 22:59:07
10:40:27,28.04,0.02,81,227095,中性盘,601126,2025-10-17 22:59:07
10:40:30,28.01,-0.03,107,299722,卖盘,601126,2025-10-17 22:59:07
10:40:33,27.97,-0.04,141,394693,卖盘,601126,2025-10-17 22:59:07
10:40:36,27.95,-0.02,328,917438,卖盘,601126,2025-10-17 22:59:07
10:40:39,27.99,0.04,1037,2908785,买盘,601126,2025-10-17 22:59:07
10:40:42,28.01,0.02,309,864217,买盘,601126,2025-10-17 22:59:07
10:40:45,28.1,0.09,222,622290,买盘,601126,2025-10-17 22:59:07
10:40:48,28.1,0.0,192,538600,买盘,601126,2025-10-17 22:59:07
10:40:51,28.09,-0.01,379,1065078,买盘,601126,2025-10-17 22:59:07
10:40:54,28.07,-0.02,196,550349,卖盘,601126,2025-10-17 22:59:07
10:40:57,28.02,-0.05,589,1650725,卖盘,601126,2025-10-17 22:59:07
10:41:01,27.99,-0.03,468,1310355,卖盘,601126,2025-10-17 22:59:07
10:41:04,27.99,0.0,181,506502,买盘,601126,2025-10-17 22:59:07
10:41:07,27.97,-0.02,101,282769,中性盘,601126,2025-10-17 22:59:07
10:41:09,28.05,0.08,222,621869,买盘,601126,2025-10-17 22:59:07
10:41:12,28.09,0.04,336,943616,买盘,601126,2025-10-17 22:59:07
10:41:15,28.19,0.1,531,1495223,买盘,601126,2025-10-17 22:59:07
10:41:18,28.25,0.06,727,2051548,买盘,601126,2025-10-17 22:59:07
10:41:21,28.3,0.05,400,1131140,买盘,601126,2025-10-17 22:59:07
10:41:24,28.39,0.09,710,2014196,买盘,601126,2025-10-17 22:59:07
10:41:27,28.41,0.02,840,2385904,买盘,601126,2025-10-17 22:59:07
10:41:30,28.4,-0.01,1063,3015938,中性盘,601126,2025-10-17 22:59:07
10:41:33,28.43,0.03,851,2415369,买盘,601126,2025-10-17 22:59:07
10:41:36,28.44,0.01,364,1034784,买盘,601126,2025-10-17 22:59:07
10:41:39,28.4,-0.04,713,2026869,卖盘,601126,2025-10-17 22:59:07
10:41:42,28.39,-0.01,617,1752849,卖盘,601126,2025-10-17 22:59:07
10:41:45,28.3,-0.09,1761,4988311,卖盘,601126,2025-10-17 22:59:07
10:41:48,28.29,-0.01,915,2595403,卖盘,601126,2025-10-17 22:59:07
10:41:51,28.3,0.01,394,1115092,买盘,601126,2025-10-17 22:59:07
10:41:54,28.3,0.0,112,317343,卖盘,601126,2025-10-17 22:59:07
10:41:57,28.34,0.04,319,903210,买盘,601126,2025-10-17 22:59:07
10:42:00,28.34,0.0,1331,3763694,买盘,601126,2025-10-17 22:59:07
10:42:03,28.34,0.0,363,1028990,卖盘,601126,2025-10-17 22:59:07
10:42:06,28.35,0.01,1192,3375644,买盘,601126,2025-10-17 22:59:07
10:42:09,28.21,-0.14,208,588993,卖盘,601126,2025-10-17 22:59:07
10:42:12,28.26,0.05,157,443954,中性盘,601126,2025-10-17 22:59:07
10:42:15,28.22,-0.04,453,1277975,中性盘,601126,2025-10-17 22:59:07
10:42:18,28.17,-0.05,95,267709,中性盘,601126,2025-10-17 22:59:07
10:42:21,28.17,0.0,122,343424,买盘,601126,2025-10-17 22:59:07
10:42:24,28.17,0.0,205,577683,卖盘,601126,2025-10-17 22:59:07
10:42:27,28.19,0.02,299,844480,中性盘,601126,2025-10-17 22:59:07
10:42:30,28.2,0.01,180,507735,中性盘,601126,2025-10-17 22:59:07
10:42:33,28.22,0.02,23,64875,买盘,601126,2025-10-17 22:59:07
10:42:36,28.24,0.02,417,1177060,买盘,601126,2025-10-17 22:59:07
10:42:40,28.21,-0.03,208,587116,卖盘,601126,2025-10-17 22:59:07
10:42:42,28.27,0.06,223,629390,买盘,601126,2025-10-17 22:59:07
10:42:46,28.24,-0.03,150,424125,卖盘,601126,2025-10-17 22:59:07
10:42:48,28.26,0.02,89,251498,买盘,601126,2025-10-17 22:59:07
10:42:51,28.24,-0.02,257,726583,卖盘,601126,2025-10-17 22:59:07
10:42:54,28.24,0.0,897,2538440,卖盘,601126,2025-10-17 22:59:07
10:42:57,28.26,0.02,29,81943,中性盘,601126,2025-10-17 22:59:07
10:43:01,28.2,-0.06,668,1885524,卖盘,601126,2025-10-17 22:59:07
10:43:03,28.08,-0.12,778,2190137,卖盘,601126,2025-10-17 22:59:07
10:43:06,28.03,-0.05,96,269122,卖盘,601126,2025-10-17 22:59:07
10:43:09,28.03,0.0,168,470828,买盘,601126,2025-10-17 22:59:07
10:43:13,28.03,0.0,16,44851,卖盘,601126,2025-10-17 22:59:07
10:43:15,28.02,-0.01,188,526834,卖盘,601126,2025-10-17 22:59:07
10:43:18,28.02,0.0,33,92453,买盘,601126,2025-10-17 22:59:07
10:43:21,28.02,0.0,55,154073,买盘,601126,2025-10-17 22:59:07
10:43:24,28.02,0.0,206,577313,买盘,601126,2025-10-17 22:59:07
10:43:27,28.04,0.02,89,249500,买盘,601126,2025-10-17 22:59:07
10:43:30,28.08,0.04,30,84172,买盘,601126,2025-10-17 22:59:07
10:43:33,28.09,0.01,26,73042,卖盘,601126,2025-10-17 22:59:07
10:43:36,28.09,0.0,115,322845,买盘,601126,2025-10-17 22:59:07
10:43:39,28.06,-0.03,105,294820,卖盘,601126,2025-10-17 22:59:07
10:43:42,28.06,0.0,158,443742,卖盘,601126,2025-10-17 22:59:07
10:43:45,28.09,0.03,390,1095738,买盘,601126,2025-10-17 22:59:07
10:43:48,28.09,0.0,139,390464,卖盘,601126,2025-10-17 22:59:07
10:43:51,28.07,-0.02,149,418566,卖盘,601126,2025-10-17 22:59:07
10:43:54,28.1,0.03,138,387927,买盘,601126,2025-10-17 22:59:07
10:43:57,28.1,0.0,83,233175,买盘,601126,2025-10-17 22:59:07
10:44:00,28.07,-0.03,269,755412,卖盘,601126,2025-10-17 22:59:07
10:44:03,28.1,0.03,117,328670,买盘,601126,2025-10-17 22:59:07
10:44:06,28.1,0.0,102,286595,买盘,601126,2025-10-17 22:59:07
10:44:09,28.11,0.01,20,56202,买盘,601126,2025-10-17 22:59:07
10:44:13,28.09,-0.02,218,612575,卖盘,601126,2025-10-17 22:59:07
10:44:15,28.06,-0.03,296,831241,卖盘,601126,2025-10-17 22:59:07
10:44:18,28.03,-0.03,587,1646982,卖盘,601126,2025-10-17 22:59:07
10:44:21,28.04,0.01,42,117796,中性盘,601126,2025-10-17 22:59:07
10:44:24,28.04,0.0,72,201826,买盘,601126,2025-10-17 22:59:07
10:44:27,28.04,0.0,17,47668,买盘,601126,2025-10-17 22:59:07
10:44:30,28.06,0.02,20,56088,买盘,601126,2025-10-17 22:59:07
10:44:33,28.05,-0.01,168,471232,卖盘,601126,2025-10-17 22:59:07
10:44:36,28.07,0.02,473,1326349,买盘,601126,2025-10-17 22:59:07
10:44:39,28.1,0.03,88,247097,买盘,601126,2025-10-17 22:59:07
10:44:42,28.09,-0.01,77,216297,卖盘,601126,2025-10-17 22:59:07
10:44:45,28.1,0.01,82,230389,买盘,601126,2025-10-17 22:59:07
10:44:48,28.12,0.02,119,334433,买盘,601126,2025-10-17 22:59:07
10:44:51,28.1,-0.02,135,379484,卖盘,601126,2025-10-17 22:59:07
10:44:54,28.11,0.01,58,163056,中性盘,601126,2025-10-17 22:59:07
10:44:57,28.11,0.0,303,851470,买盘,601126,2025-10-17 22:59:07
10:45:00,28.11,0.0,68,191130,买盘,601126,2025-10-17 22:59:07
10:45:03,28.1,-0.01,97,272631,卖盘,601126,2025-10-17 22:59:07
10:45:06,28.1,0.0,177,497479,卖盘,601126,2025-10-17 22:59:07
10:45:09,28.1,0.0,525,1475301,卖盘,601126,2025-10-17 22:59:07
10:45:12,28.05,-0.05,385,1080805,卖盘,601126,2025-10-17 22:59:07
10:45:15,28.01,-0.04,543,1521997,卖盘,601126,2025-10-17 22:59:07
10:45:18,28.01,0.0,158,443175,卖盘,601126,2025-10-17 22:59:07
10:45:21,28.0,-0.01,1064,2978707,卖盘,601126,2025-10-17 22:59:07
10:45:24,28.0,0.0,188,525555,买盘,601126,2025-10-17 22:59:07
10:45:27,27.96,-0.04,292,817001,中性盘,601126,2025-10-17 22:59:07
10:45:30,27.95,-0.01,331,924996,中性盘,601126,2025-10-17 22:59:07
10:45:33,27.95,0.0,61,170452,买盘,601126,2025-10-17 22:59:07
10:45:36,27.96,0.01,93,259932,买盘,601126,2025-10-17 22:59:07
10:45:39,27.91,-0.05,51,142582,卖盘,601126,2025-10-17 22:59:07
10:45:42,27.93,0.02,158,441413,买盘,601126,2025-10-17 22:59:07
10:45:45,27.95,0.02,64,178837,中性盘,601126,2025-10-17 22:59:07
10:45:48,27.95,0.0,154,430041,买盘,601126,2025-10-17 22:59:07
10:45:51,27.96,0.01,97,271038,买盘,601126,2025-10-17 22:59:07
10:45:54,27.96,0.0,109,304888,中性盘,601126,2025-10-17 22:59:07
10:45:57,27.97,0.01,17,47572,中性盘,601126,2025-10-17 22:59:07
10:46:00,28.0,0.03,97,271474,买盘,601126,2025-10-17 22:59:07
10:46:03,28.0,0.0,129,360823,买盘,601126,2025-10-17 22:59:07
10:46:06,28.0,0.0,47,131597,买盘,601126,2025-10-17 22:59:07
10:46:09,28.0,0.0,123,344326,买盘,601126,2025-10-17 22:59:07
10:46:12,28.0,0.0,97,271585,买盘,601126,2025-10-17 22:59:07
10:46:15,28.01,0.01,86,240805,买盘,601126,2025-10-17 22:59:07
10:46:18,28.01,0.0,516,1448006,买盘,601126,2025-10-17 22:59:07
10:46:21,28.02,0.01,16,44821,中性盘,601126,2025-10-17 22:59:07
10:46:24,28.03,0.01,90,252856,卖盘,601126,2025-10-17 22:59:07
10:46:27,28.12,0.09,71,199469,买盘,601126,2025-10-17 22:59:07
10:46:30,28.07,-0.05,18,50534,卖盘,601126,2025-10-17 22:59:07
10:46:33,28.1,0.03,48,134831,买盘,601126,2025-10-17 22:59:07
10:46:36,28.09,-0.01,87,244448,卖盘,601126,2025-10-17 22:59:07
10:46:39,28.1,0.01,315,885575,买盘,601126,2025-10-17 22:59:07
10:46:42,28.08,-0.02,49,137576,中性盘,601126,2025-10-17 22:59:07
10:46:45,28.1,0.02,143,401677,买盘,601126,2025-10-17 22:59:07
10:46:48,28.06,-0.04,28,78627,中性盘,601126,2025-10-17 22:59:07
10:46:51,28.09,0.03,49,137449,买盘,601126,2025-10-17 22:59:07
10:46:54,28.1,0.01,8,22462,买盘,601126,2025-10-17 22:59:07
10:46:57,28.08,-0.02,82,230323,卖盘,601126,2025-10-17 22:59:07
10:47:00,28.1,0.02,26,73044,买盘,601126,2025-10-17 22:59:07
10:47:04,28.1,0.0,85,238833,买盘,601126,2025-10-17 22:59:07
10:47:06,28.1,0.0,97,272561,买盘,601126,2025-10-17 22:59:07
10:47:09,28.1,0.0,190,533910,卖盘,601126,2025-10-17 22:59:07
10:47:12,28.11,0.01,128,359733,买盘,601126,2025-10-17 22:59:07
10:47:15,28.1,-0.01,250,702457,卖盘,601126,2025-10-17 22:59:07
10:47:18,28.08,-0.02,205,575927,卖盘,601126,2025-10-17 22:59:07
10:47:21,28.06,-0.02,617,1736277,卖盘,601126,2025-10-17 22:59:07
10:47:24,28.09,0.03,22,61816,卖盘,601126,2025-10-17 22:59:07
10:47:27,28.11,0.02,21,59013,买盘,601126,2025-10-17 22:59:07
10:47:30,28.13,0.02,82,230726,买盘,601126,2025-10-17 22:59:07
10:47:33,28.11,-0.02,135,379748,卖盘,601126,2025-10-17 22:59:07
10:47:36,28.15,0.04,189,531277,买盘,601126,2025-10-17 22:59:07
10:47:39,28.18,0.03,29,81690,买盘,601126,2025-10-17 22:59:07
10:47:42,28.19,0.01,62,174792,买盘,601126,2025-10-17 22:59:07
10:47:45,28.2,0.01,72,203030,买盘,601126,2025-10-17 22:59:07
10:47:48,28.21,0.01,21,59230,买盘,601126,2025-10-17 22:59:07
10:47:52,28.21,0.0,100,282090,卖盘,601126,2025-10-17 22:59:07
10:47:54,28.24,0.03,169,476975,买盘,601126,2025-10-17 22:59:07
10:47:57,28.24,0.0,169,476870,卖盘,601126,2025-10-17 22:59:07
10:48:00,28.19,-0.05,347,979586,卖盘,601126,2025-10-17 22:59:07
10:48:03,28.19,0.0,176,496140,卖盘,601126,2025-10-17 22:59:07
10:48:06,28.1,-0.09,955,2690454,卖盘,601126,2025-10-17 22:59:07
10:48:09,28.15,0.05,302,848661,买盘,601126,2025-10-17 22:59:07
10:48:12,28.19,0.04,223,628184,买盘,601126,2025-10-17 22:59:07
10:48:15,28.22,0.03,108,304628,买盘,601126,2025-10-17 22:59:07
10:48:18,28.24,0.02,1434,4054621,买盘,601126,2025-10-17 22:59:07
10:48:21,28.3,0.06,156,441839,买盘,601126,2025-10-17 22:59:07
10:48:24,28.3,0.0,433,1226093,卖盘,601126,2025-10-17 22:59:07
10:48:27,28.3,0.0,574,1625537,卖盘,601126,2025-10-17 22:59:07
10:48:31,28.3,0.0,341,965137,买盘,601126,2025-10-17 22:59:07
10:48:33,28.3,0.0,344,973493,买盘,601126,2025-10-17 22:59:07
10:48:36,28.3,0.0,238,673461,买盘,601126,2025-10-17 22:59:07
10:48:39,28.3,0.0,199,563135,买盘,601126,2025-10-17 22:59:07
10:48:42,28.3,0.0,320,905468,买盘,601126,2025-10-17 22:59:07
10:48:45,28.3,0.0,149,421604,买盘,601126,2025-10-17 22:59:07
10:48:48,28.3,0.0,114,322609,买盘,601126,2025-10-17 22:59:07
10:48:51,28.3,0.0,697,1970778,买盘,601126,2025-10-17 22:59:07
10:48:54,28.28,-0.02,49,138560,中性盘,601126,2025-10-17 22:59:07
10:48:57,28.3,0.02,141,398790,买盘,601126,2025-10-17 22:59:07
10:49:00,28.28,-0.02,240,679006,卖盘,601126,2025-10-17 22:59:07
10:49:03,28.15,-0.13,249,701926,卖盘,601126,2025-10-17 22:59:07
10:49:06,28.19,0.04,49,138094,中性盘,601126,2025-10-17 22:59:07
10:49:09,28.09,-0.1,114,320435,卖盘,601126,2025-10-17 22:59:07
10:49:12,28.06,-0.03,248,697575,卖盘,601126,2025-10-17 22:59:07
10:49:15,28.15,0.09,63,177258,买盘,601126,2025-10-17 22:59:07
10:49:18,28.15,0.0,32,90061,买盘,601126,2025-10-17 22:59:07
10:49:21,28.16,0.01,46,129491,买盘,601126,2025-10-17 22:59:07
10:49:25,28.16,0.0,31,87292,买盘,601126,2025-10-17 22:59:07
10:49:27,28.16,0.0,21,59150,卖盘,601126,2025-10-17 22:59:07
10:49:30,28.19,0.03,4,11267,买盘,601126,2025-10-17 22:59:07
10:49:33,28.21,0.02,324,913932,买盘,601126,2025-10-17 22:59:07
10:49:36,28.25,0.04,5,14116,买盘,601126,2025-10-17 22:59:07
10:49:39,28.28,0.03,5,14139,买盘,601126,2025-10-17 22:59:07
10:49:42,28.28,0.0,85,240369,买盘,601126,2025-10-17 22:59:07
10:49:45,28.29,0.01,13,36768,买盘,601126,2025-10-17 22:59:07
10:49:48,28.29,0.0,102,288512,买盘,601126,2025-10-17 22:59:07
10:49:51,28.3,0.01,153,432874,买盘,601126,2025-10-17 22:59:07
10:49:54,28.27,-0.03,179,506248,卖盘,601126,2025-10-17 22:59:07
10:49:57,28.29,0.02,97,274328,买盘,601126,2025-10-17 22:59:07
10:50:01,28.29,0.0,85,240466,卖盘,601126,2025-10-17 22:59:07
10:50:03,28.29,0.0,166,469761,卖盘,601126,2025-10-17 22:59:07
10:50:06,28.29,0.0,308,871264,卖盘,601126,2025-10-17 22:59:07
10:50:09,28.26,-0.03,373,1054721,卖盘,601126,2025-10-17 22:59:07
10:50:12,28.26,0.0,183,517569,卖盘,601126,2025-10-17 22:59:07
10:50:15,28.21,-0.05,247,697591,卖盘,601126,2025-10-17 22:59:07
10:50:18,28.2,-0.01,632,1783151,卖盘,601126,2025-10-17 22:59:07
10:50:21,28.18,-0.02,195,549739,卖盘,601126,2025-10-17 22:59:07
10:50:24,28.18,0.0,202,569294,卖盘,601126,2025-10-17 22:59:07
10:50:28,28.15,-0.03,574,1619726,卖盘,601126,2025-10-17 22:59:07
10:50:30,28.16,0.01,136,382932,买盘,601126,2025-10-17 22:59:07
10:50:33,28.15,-0.01,274,771739,卖盘,601126,2025-10-17 22:59:07
10:50:36,28.15,0.0,114,320921,买盘,601126,2025-10-17 22:59:07
10:50:39,28.18,0.03,175,492878,买盘,601126,2025-10-17 22:59:07
10:50:42,28.21,0.03,16,45091,买盘,601126,2025-10-17 22:59:07
10:50:45,28.18,-0.03,173,487688,卖盘,601126,2025-10-17 22:59:07
10:50:48,28.18,0.0,350,986334,买盘,601126,2025-10-17 22:59:07
10:50:51,28.18,0.0,105,295674,买盘,601126,2025-10-17 22:59:07
10:50:54,28.18,0.0,55,155009,卖盘,601126,2025-10-17 22:59:07
10:50:57,28.21,0.03,211,594979,买盘,601126,2025-10-17 22:59:07
10:51:00,28.21,0.0,146,411753,买盘,601126,2025-10-17 22:59:07
10:51:03,28.18,-0.03,483,1362218,卖盘,601126,2025-10-17 22:59:07
10:51:06,28.15,-0.03,247,696051,卖盘,601126,2025-10-17 22:59:07
10:51:09,28.16,0.01,48,135110,买盘,601126,2025-10-17 22:59:07
10:51:12,28.15,-0.01,55,154827,卖盘,601126,2025-10-17 22:59:07
10:51:15,28.12,-0.03,44,123675,卖盘,601126,2025-10-17 22:59:07
10:51:18,28.15,0.03,78,219479,买盘,601126,2025-10-17 22:59:07
10:51:21,28.12,-0.03,19,53446,卖盘,601126,2025-10-17 22:59:07
10:51:24,28.12,0.0,41,115339,买盘,601126,2025-10-17 22:59:07
10:51:27,28.08,-0.04,170,477520,卖盘,601126,2025-10-17 22:59:07
