时间,成交价,价格变动,成交量,成交额,买卖盘性质,股票代码,采集时间
09:25:03,6.03,0.0,136238,82151514,卖盘,601212,2025-10-17 22:45:13
09:30:00,6.08,0.05,7352,4446412,买盘,601212,2025-10-17 22:45:13
09:30:03,6.05,-0.03,10075,6101587,卖盘,601212,2025-10-17 22:45:13
09:30:06,6.05,0.0,17181,10408317,卖盘,601212,2025-10-17 22:45:13
09:30:09,6.06,0.01,17745,10755446,中性盘,601212,2025-10-17 22:45:13
09:30:12,6.09,0.03,9947,6039696,买盘,601212,2025-10-17 22:45:13
09:30:15,6.1,0.01,14048,8535065,买盘,601212,2025-10-17 22:45:13
09:30:18,6.08,-0.02,13740,8332782,买盘,601212,2025-10-17 22:45:13
09:30:21,6.11,0.03,15705,9573834,买盘,601212,2025-10-17 22:45:13
09:30:24,6.13,0.02,10591,6472377,买盘,601212,2025-10-17 22:45:13
09:30:27,6.11,-0.02,25520,15577384,中性盘,601212,2025-10-17 22:45:13
09:30:30,6.1,-0.01,18148,11076977,卖盘,601212,2025-10-17 22:45:13
09:30:33,6.12,0.02,24049,14698456,买盘,601212,2025-10-17 22:45:13
09:30:36,6.13,0.01,20025,12267196,卖盘,601212,2025-10-17 22:45:13
09:30:39,6.12,-0.01,27555,16866701,卖盘,601212,2025-10-17 22:45:13
09:30:42,6.12,0.0,32454,19836554,买盘,601212,2025-10-17 22:45:13
09:30:45,6.11,-0.01,25319,15514818,卖盘,601212,2025-10-17 22:45:13
09:30:48,6.12,0.01,26845,16425330,买盘,601212,2025-10-17 22:45:13
09:30:51,6.14,0.02,24228,14813207,买盘,601212,2025-10-17 22:45:13
09:30:54,6.14,0.0,13329,8193338,买盘,601212,2025-10-17 22:45:13
09:30:57,6.16,0.02,9257,5687333,买盘,601212,2025-10-17 22:45:13
09:31:00,6.17,0.01,9002,5541684,买盘,601212,2025-10-17 22:45:13
09:31:03,6.18,0.01,25117,15473011,买盘,601212,2025-10-17 22:45:13
09:31:06,6.19,0.01,14663,9057654,买盘,601212,2025-10-17 22:45:13
09:31:09,6.2,0.01,20203,12505682,买盘,601212,2025-10-17 22:45:13
09:31:12,6.2,0.0,24150,14962625,买盘,601212,2025-10-17 22:45:13
09:31:15,6.23,0.03,11391,7071702,买盘,601212,2025-10-17 22:45:13
09:31:18,6.23,0.0,6875,4277243,买盘,601212,2025-10-17 22:45:13
09:31:21,6.25,0.02,15799,9839866,买盘,601212,2025-10-17 22:45:13
09:31:24,6.25,0.0,13332,8324312,买盘,601212,2025-10-17 22:45:13
09:31:27,6.26,0.01,25748,16089148,买盘,601212,2025-10-17 22:45:13
09:31:30,6.27,0.01,9820,6145431,买盘,601212,2025-10-17 22:45:13
09:31:33,6.29,0.02,9673,6071073,买盘,601212,2025-10-17 22:45:13
09:31:36,6.29,0.0,8236,5181884,买盘,601212,2025-10-17 22:45:13
09:31:39,6.3,0.01,14246,8965229,买盘,601212,2025-10-17 22:45:13
09:31:42,6.31,0.01,11416,7205223,中性盘,601212,2025-10-17 22:45:13
09:31:45,6.28,-0.03,26866,16924003,卖盘,601212,2025-10-17 22:45:13
09:31:48,6.29,0.01,31562,19829931,中性盘,601212,2025-10-17 22:45:13
09:31:51,6.27,-0.02,17626,11051426,卖盘,601212,2025-10-17 22:45:13
09:31:54,6.24,-0.03,20642,12901005,卖盘,601212,2025-10-17 22:45:13
09:31:57,6.21,-0.03,14524,9029286,卖盘,601212,2025-10-17 22:45:13
09:32:00,6.2,-0.01,9652,5988968,卖盘,601212,2025-10-17 22:45:13
09:32:03,6.18,-0.02,14194,8788256,卖盘,601212,2025-10-17 22:45:13
09:32:06,6.16,-0.02,12861,7929815,卖盘,601212,2025-10-17 22:45:13
09:32:09,6.16,0.0,25156,15516690,买盘,601212,2025-10-17 22:45:13
09:32:12,6.16,0.0,17135,10553086,卖盘,601212,2025-10-17 22:45:13
09:32:15,6.17,0.01,16481,10157645,买盘,601212,2025-10-17 22:45:13
09:32:18,6.16,-0.01,16840,10407322,卖盘,601212,2025-10-17 22:45:13
09:32:21,6.19,0.03,17522,10846148,买盘,601212,2025-10-17 22:45:13
09:32:24,6.22,0.03,9936,6154433,买盘,601212,2025-10-17 22:45:13
09:32:27,6.24,0.02,3928,2441775,买盘,601212,2025-10-17 22:45:13
09:32:30,6.24,0.0,4668,2909521,买盘,601212,2025-10-17 22:45:13
09:32:33,6.24,0.0,6762,4219909,买盘,601212,2025-10-17 22:45:13
09:32:36,6.24,0.0,16459,10253283,卖盘,601212,2025-10-17 22:45:13
09:32:39,6.24,0.0,9981,6229187,买盘,601212,2025-10-17 22:45:13
09:32:42,6.24,0.0,12679,7909254,卖盘,601212,2025-10-17 22:45:13
09:32:45,6.21,-0.03,6885,4293397,卖盘,601212,2025-10-17 22:45:13
09:32:48,6.2,-0.01,7323,4541586,卖盘,601212,2025-10-17 22:45:13
09:32:51,6.18,-0.02,6971,4315893,卖盘,601212,2025-10-17 22:45:13
09:32:54,6.17,-0.01,5885,3637594,卖盘,601212,2025-10-17 22:45:13
09:32:57,6.17,0.0,9870,6094316,卖盘,601212,2025-10-17 22:45:13
09:33:00,6.2,0.03,6060,3743778,买盘,601212,2025-10-17 22:45:13
09:33:03,6.17,-0.03,7545,4661924,卖盘,601212,2025-10-17 22:45:13
09:33:06,6.19,0.02,7627,4712552,买盘,601212,2025-10-17 22:45:13
09:33:09,6.19,0.0,3799,2351064,买盘,601212,2025-10-17 22:45:13
09:33:12,6.2,0.01,5967,3701558,买盘,601212,2025-10-17 22:45:13
09:33:15,6.22,0.02,3394,2106028,买盘,601212,2025-10-17 22:45:13
09:33:18,6.23,0.01,3909,2426557,买盘,601212,2025-10-17 22:45:13
09:33:21,6.23,0.0,7942,4937394,买盘,601212,2025-10-17 22:45:13
09:33:24,6.23,0.0,5899,3673019,买盘,601212,2025-10-17 22:45:13
09:33:27,6.24,0.01,8921,5552825,买盘,601212,2025-10-17 22:45:13
09:33:30,6.24,0.0,8439,5262647,买盘,601212,2025-10-17 22:45:13
09:33:33,6.23,-0.01,9392,5848877,卖盘,601212,2025-10-17 22:45:13
09:33:36,6.23,0.0,10637,6621062,买盘,601212,2025-10-17 22:45:13
09:33:39,6.23,0.0,7495,4665640,买盘,601212,2025-10-17 22:45:13
09:33:42,6.23,0.0,7123,4429747,买盘,601212,2025-10-17 22:45:13
09:33:45,6.23,0.0,7687,4778115,买盘,601212,2025-10-17 22:45:13
09:33:48,6.2,-0.03,7822,4863473,卖盘,601212,2025-10-17 22:45:13
09:33:51,6.22,0.02,11981,7454165,买盘,601212,2025-10-17 22:45:13
09:33:54,6.23,0.01,3419,2125745,卖盘,601212,2025-10-17 22:45:13
09:33:57,6.23,0.0,5513,3435179,买盘,601212,2025-10-17 22:45:13
09:34:00,6.24,0.01,3030,1890842,买盘,601212,2025-10-17 22:45:13
09:34:03,6.23,-0.01,10780,6720153,卖盘,601212,2025-10-17 22:45:13
09:34:06,6.24,0.01,4325,2695105,买盘,601212,2025-10-17 22:45:13
09:34:09,6.24,0.0,5473,3412271,买盘,601212,2025-10-17 22:45:13
09:34:12,6.24,0.0,9626,5997125,买盘,601212,2025-10-17 22:45:13
09:34:15,6.23,-0.01,6447,4019933,卖盘,601212,2025-10-17 22:45:13
09:34:18,6.26,0.03,16730,10449028,买盘,601212,2025-10-17 22:45:13
09:34:21,6.29,0.03,17085,10731122,买盘,601212,2025-10-17 22:45:13
09:34:24,6.3,0.01,18818,11832761,买盘,601212,2025-10-17 22:45:13
09:34:27,6.3,0.0,4322,2723399,买盘,601212,2025-10-17 22:45:13
09:34:30,6.31,0.01,3544,2236985,买盘,601212,2025-10-17 22:45:13
09:34:33,6.33,0.02,2765,1748081,买盘,601212,2025-10-17 22:45:13
09:34:36,6.33,0.0,6434,4070018,买盘,601212,2025-10-17 22:45:13
09:34:39,6.34,0.01,6309,3996168,买盘,601212,2025-10-17 22:45:13
09:34:42,6.36,0.02,7994,5074171,买盘,601212,2025-10-17 22:45:13
09:34:45,6.35,-0.01,13402,8511829,卖盘,601212,2025-10-17 22:45:13
09:34:48,6.35,0.0,7493,4766898,买盘,601212,2025-10-17 22:45:13
09:34:51,6.37,0.02,6292,3999277,买盘,601212,2025-10-17 22:45:13
09:34:54,6.37,0.0,8633,5490840,买盘,601212,2025-10-17 22:45:13
09:34:57,6.37,0.0,10079,6425216,卖盘,601212,2025-10-17 22:45:13
09:35:00,6.37,0.0,8882,5661423,卖盘,601212,2025-10-17 22:45:13
09:35:03,6.37,0.0,9718,6188731,买盘,601212,2025-10-17 22:45:13
09:35:06,6.36,-0.01,14831,9429661,中性盘,601212,2025-10-17 22:45:13
09:35:09,6.34,-0.02,6124,3887446,卖盘,601212,2025-10-17 22:45:13
09:35:12,6.34,0.0,8994,5700077,买盘,601212,2025-10-17 22:45:13
09:35:15,6.34,0.0,12726,8072579,买盘,601212,2025-10-17 22:45:13
09:35:18,6.32,-0.02,7016,4446871,卖盘,601212,2025-10-17 22:45:13
09:35:21,6.32,0.0,9055,5725292,卖盘,601212,2025-10-17 22:45:13
09:35:24,6.31,-0.01,6999,4418691,卖盘,601212,2025-10-17 22:45:13
09:35:27,6.32,0.01,4402,2776852,买盘,601212,2025-10-17 22:45:13
09:35:30,6.34,0.02,23731,15021328,买盘,601212,2025-10-17 22:45:13
09:35:33,6.32,-0.02,3487,2209878,卖盘,601212,2025-10-17 22:45:13
09:35:36,6.34,0.02,4830,3060967,中性盘,601212,2025-10-17 22:45:13
09:35:39,6.36,0.02,6515,4129140,中性盘,601212,2025-10-17 22:45:13
09:35:42,6.36,0.0,6195,3939127,买盘,601212,2025-10-17 22:45:13
09:35:45,6.36,0.0,4100,2609161,卖盘,601212,2025-10-17 22:45:13
09:35:48,6.35,-0.01,3879,2465781,卖盘,601212,2025-10-17 22:45:13
09:35:51,6.35,0.0,6177,3924391,买盘,601212,2025-10-17 22:45:13
09:35:54,6.35,0.0,6931,4397769,买盘,601212,2025-10-17 22:45:13
09:35:57,6.35,0.0,12920,8175508,买盘,601212,2025-10-17 22:45:13
09:36:00,6.35,0.0,3939,2498904,买盘,601212,2025-10-17 22:45:13
09:36:03,6.32,-0.03,7038,4462103,卖盘,601212,2025-10-17 22:45:13
09:36:06,6.35,0.03,15057,9548267,买盘,601212,2025-10-17 22:45:13
09:36:09,6.34,-0.01,7678,4870361,卖盘,601212,2025-10-17 22:45:13
09:36:12,6.34,0.0,3952,2506579,卖盘,601212,2025-10-17 22:45:13
09:36:15,6.35,0.01,3750,2379475,买盘,601212,2025-10-17 22:45:13
09:36:18,6.35,0.0,5186,3291107,卖盘,601212,2025-10-17 22:45:13
09:36:21,6.34,-0.01,9950,6322627,卖盘,601212,2025-10-17 22:45:13
09:36:24,6.36,0.02,10410,6615168,卖盘,601212,2025-10-17 22:45:13
09:36:27,6.37,0.01,2592,1649226,买盘,601212,2025-10-17 22:45:13
09:36:30,6.37,0.0,8436,5375230,卖盘,601212,2025-10-17 22:45:13
09:36:33,6.38,0.01,4583,2926527,买盘,601212,2025-10-17 22:45:13
09:36:36,6.38,0.0,3335,2129441,卖盘,601212,2025-10-17 22:45:13
09:36:39,6.39,0.01,4412,2819947,买盘,601212,2025-10-17 22:45:13
09:36:42,6.4,0.01,6485,4149160,买盘,601212,2025-10-17 22:45:13
09:36:45,6.4,0.0,4303,2755442,买盘,601212,2025-10-17 22:45:13
09:36:48,6.4,0.0,3224,2065672,卖盘,601212,2025-10-17 22:45:13
09:36:51,6.41,0.01,4817,3087919,买盘,601212,2025-10-17 22:45:13
09:36:54,6.41,0.0,6012,3857919,买盘,601212,2025-10-17 22:45:13
09:36:57,6.42,0.01,2907,1864627,买盘,601212,2025-10-17 22:45:13
09:37:00,6.43,0.01,7307,4693908,买盘,601212,2025-10-17 22:45:13
09:37:03,6.43,0.0,9494,6102738,买盘,601212,2025-10-17 22:45:13
09:37:06,6.41,-0.02,23802,15265497,卖盘,601212,2025-10-17 22:45:13
09:37:09,6.4,-0.01,8651,5544508,卖盘,601212,2025-10-17 22:45:13
09:37:12,6.4,0.0,7683,4920681,卖盘,601212,2025-10-17 22:45:13
09:37:15,6.38,-0.02,8096,5175648,卖盘,601212,2025-10-17 22:45:13
09:37:18,6.38,0.0,9093,5802370,卖盘,601212,2025-10-17 22:45:13
09:37:21,6.4,0.02,6847,4373822,买盘,601212,2025-10-17 22:45:13
09:37:24,6.38,-0.02,3891,2483394,卖盘,601212,2025-10-17 22:45:13
09:37:27,6.38,0.0,9232,5887148,卖盘,601212,2025-10-17 22:45:13
09:37:30,6.38,0.0,6094,3886145,买盘,601212,2025-10-17 22:45:13
09:37:33,6.38,0.0,5713,3642701,买盘,601212,2025-10-17 22:45:13
09:37:36,6.38,0.0,5143,3281373,卖盘,601212,2025-10-17 22:45:13
09:37:39,6.37,-0.01,8117,5176043,卖盘,601212,2025-10-17 22:45:13
09:37:42,6.38,0.01,4285,2733081,买盘,601212,2025-10-17 22:45:13
09:37:45,6.4,0.02,3081,1966977,买盘,601212,2025-10-17 22:45:13
09:37:48,6.39,-0.01,2410,1538189,中性盘,601212,2025-10-17 22:45:13
09:37:51,6.39,0.0,11765,7508864,买盘,601212,2025-10-17 22:45:13
09:37:54,6.39,0.0,5420,3458774,买盘,601212,2025-10-17 22:45:13
09:37:57,6.38,-0.01,3382,2160651,卖盘,601212,2025-10-17 22:45:13
09:38:00,6.39,0.01,3888,2483503,买盘,601212,2025-10-17 22:45:13
09:38:03,6.39,0.0,12820,8197519,买盘,601212,2025-10-17 22:45:13
09:38:06,6.39,0.0,18469,11805410,买盘,601212,2025-10-17 22:45:13
09:38:09,6.39,0.0,11860,7570717,卖盘,601212,2025-10-17 22:45:13
09:38:12,6.39,0.0,3684,2355917,买盘,601212,2025-10-17 22:45:13
09:38:15,6.4,0.01,2865,1833621,买盘,601212,2025-10-17 22:45:13
09:38:18,6.4,0.0,5445,3482214,卖盘,601212,2025-10-17 22:45:13
09:38:21,6.38,-0.02,3331,2129431,卖盘,601212,2025-10-17 22:45:13
09:38:24,6.38,0.0,2468,1576339,买盘,601212,2025-10-17 22:45:13
09:38:27,6.38,0.0,2152,1373194,卖盘,601212,2025-10-17 22:45:13
09:38:30,6.37,-0.01,3730,2378999,卖盘,601212,2025-10-17 22:45:13
09:38:33,6.38,0.01,3028,1930937,买盘,601212,2025-10-17 22:45:13
09:38:36,6.39,0.01,6329,4036783,买盘,601212,2025-10-17 22:45:13
09:38:39,6.38,-0.01,4378,2792600,卖盘,601212,2025-10-17 22:45:13
09:38:42,6.38,0.0,7422,4734148,卖盘,601212,2025-10-17 22:45:13
09:38:45,6.38,0.0,2475,1578620,买盘,601212,2025-10-17 22:45:13
09:38:48,6.37,-0.01,10937,6957686,卖盘,601212,2025-10-17 22:45:13
09:38:51,6.37,0.0,2554,1625369,买盘,601212,2025-10-17 22:45:13
09:38:54,6.36,-0.01,3818,2429668,卖盘,601212,2025-10-17 22:45:13
09:38:57,6.36,0.0,4192,2666449,卖盘,601212,2025-10-17 22:45:13
09:39:00,6.36,0.0,3491,2217424,买盘,601212,2025-10-17 22:45:13
09:39:03,6.36,0.0,16058,10220062,买盘,601212,2025-10-17 22:45:13
09:39:06,6.36,0.0,22310,14203494,卖盘,601212,2025-10-17 22:45:13
09:39:09,6.39,0.03,10360,6620302,买盘,601212,2025-10-17 22:45:13
09:39:12,6.38,-0.01,3751,2393924,卖盘,601212,2025-10-17 22:45:13
09:39:15,6.37,-0.01,5967,3807280,卖盘,601212,2025-10-17 22:45:13
09:39:18,6.35,-0.02,7931,5042742,卖盘,601212,2025-10-17 22:45:13
09:39:21,6.34,-0.01,5560,3526317,卖盘,601212,2025-10-17 22:45:13
09:39:24,6.32,-0.02,4781,3025291,卖盘,601212,2025-10-17 22:45:13
09:39:27,6.31,-0.01,2594,1637243,卖盘,601212,2025-10-17 22:45:13
09:39:30,6.3,-0.01,4598,2897538,卖盘,601212,2025-10-17 22:45:13
09:39:33,6.29,-0.01,8625,5435737,卖盘,601212,2025-10-17 22:45:13
09:39:36,6.28,-0.01,3270,2056451,卖盘,601212,2025-10-17 22:45:13
09:39:39,6.27,-0.01,5217,3279656,卖盘,601212,2025-10-17 22:45:13
09:39:42,6.28,0.01,6314,3963695,买盘,601212,2025-10-17 22:45:13
09:39:45,6.27,-0.01,3407,2135125,卖盘,601212,2025-10-17 22:45:13
09:39:48,6.26,-0.01,9313,5837787,卖盘,601212,2025-10-17 22:45:13
09:39:51,6.26,0.0,9659,6040141,卖盘,601212,2025-10-17 22:45:13
09:39:54,6.25,-0.01,4260,2661205,卖盘,601212,2025-10-17 22:45:13
09:39:57,6.24,-0.01,2605,1627547,卖盘,601212,2025-10-17 22:45:13
09:40:00,6.24,0.0,3299,2057388,买盘,601212,2025-10-17 22:45:13
09:40:03,6.23,-0.01,7987,4983420,卖盘,601212,2025-10-17 22:45:13
09:40:06,6.22,-0.01,7532,4694385,卖盘,601212,2025-10-17 22:45:13
09:40:09,6.22,0.0,7228,4499678,卖盘,601212,2025-10-17 22:45:13
09:40:12,6.23,0.01,7774,4850235,买盘,601212,2025-10-17 22:45:13
09:40:15,6.23,0.0,5980,3729626,卖盘,601212,2025-10-17 22:45:13
09:40:18,6.28,0.05,10699,6706999,买盘,601212,2025-10-17 22:45:13
09:40:21,6.26,-0.02,10278,6443684,卖盘,601212,2025-10-17 22:45:13
09:40:24,6.25,-0.01,9128,5709304,卖盘,601212,2025-10-17 22:45:13
09:40:27,6.26,0.01,7382,4613547,买盘,601212,2025-10-17 22:45:13
09:40:30,6.25,-0.01,4683,2926906,卖盘,601212,2025-10-17 22:45:13
09:40:33,6.23,-0.02,11618,7241197,卖盘,601212,2025-10-17 22:45:13
09:40:36,6.23,0.0,3230,2013631,买盘,601212,2025-10-17 22:45:13
09:40:39,6.24,0.01,4920,3064600,买盘,601212,2025-10-17 22:45:13
09:40:42,6.24,0.0,5641,3516880,买盘,601212,2025-10-17 22:45:13
09:40:45,6.23,-0.01,5497,3426445,卖盘,601212,2025-10-17 22:45:13
09:40:48,6.23,0.0,4796,2990820,买盘,601212,2025-10-17 22:45:13
09:40:51,6.23,0.0,16008,9953502,卖盘,601212,2025-10-17 22:45:13
09:40:54,6.21,-0.02,15377,9539646,卖盘,601212,2025-10-17 22:45:13
09:40:57,6.2,-0.01,9948,6167771,卖盘,601212,2025-10-17 22:45:13
09:41:00,6.19,-0.01,5952,3684258,卖盘,601212,2025-10-17 22:45:13
09:41:03,6.18,-0.01,5851,3623192,卖盘,601212,2025-10-17 22:45:13
09:41:06,6.18,0.0,6923,4281743,卖盘,601212,2025-10-17 22:45:13
09:41:09,6.19,0.01,8333,5154076,买盘,601212,2025-10-17 22:45:13
09:41:12,6.19,0.0,14592,9036676,卖盘,601212,2025-10-17 22:45:13
09:41:15,6.22,0.03,3682,2282640,买盘,601212,2025-10-17 22:45:13
09:41:18,6.2,-0.02,3864,2401634,卖盘,601212,2025-10-17 22:45:13
09:41:21,6.21,0.01,2535,1573590,买盘,601212,2025-10-17 22:45:13
09:41:24,6.2,-0.01,3014,1869711,中性盘,601212,2025-10-17 22:45:13
09:41:27,6.22,0.02,8506,5271678,买盘,601212,2025-10-17 22:45:13
09:41:30,6.21,-0.01,5772,3578387,卖盘,601212,2025-10-17 22:45:13
09:41:33,6.21,0.0,4633,2875073,买盘,601212,2025-10-17 22:45:13
09:41:36,6.21,0.0,3297,2045626,卖盘,601212,2025-10-17 22:45:13
09:41:39,6.22,0.01,3838,2385445,买盘,601212,2025-10-17 22:45:13
09:41:42,6.22,0.0,2636,1639503,买盘,601212,2025-10-17 22:45:13
09:41:45,6.22,0.0,4124,2563331,卖盘,601212,2025-10-17 22:45:13
09:41:48,6.21,-0.01,4516,2804266,卖盘,601212,2025-10-17 22:45:13
09:41:51,6.22,0.01,3135,1949410,买盘,601212,2025-10-17 22:45:13
09:41:54,6.2,-0.02,7133,4421784,卖盘,601212,2025-10-17 22:45:13
09:41:57,6.2,0.0,4741,2936027,买盘,601212,2025-10-17 22:45:13
09:42:00,6.19,-0.01,7469,4619962,卖盘,601212,2025-10-17 22:45:13
09:42:03,6.19,0.0,13866,8567095,买盘,601212,2025-10-17 22:45:13
09:42:06,6.18,-0.01,2625,1621899,中性盘,601212,2025-10-17 22:45:13
09:42:09,6.18,0.0,3114,1922519,买盘,601212,2025-10-17 22:45:13
09:42:12,6.17,-0.01,2889,1783664,卖盘,601212,2025-10-17 22:45:13
09:42:15,6.16,-0.01,3528,2175658,卖盘,601212,2025-10-17 22:45:13
09:42:18,6.16,0.0,7830,4826561,卖盘,601212,2025-10-17 22:45:13
09:42:21,6.16,0.0,6383,3932624,买盘,601212,2025-10-17 22:45:13
09:42:24,6.17,0.01,8055,4968280,买盘,601212,2025-10-17 22:45:13
09:42:27,6.18,0.01,6394,3942107,买盘,601212,2025-10-17 22:45:13
09:42:30,6.19,0.01,4674,2893009,买盘,601212,2025-10-17 22:45:13
09:42:33,6.2,0.01,4088,2533532,买盘,601212,2025-10-17 22:45:13
09:42:36,6.21,0.01,3917,2428227,买盘,601212,2025-10-17 22:45:13
09:42:39,6.2,-0.01,2275,1412015,卖盘,601212,2025-10-17 22:45:13
09:42:42,6.2,0.0,3137,1946741,卖盘,601212,2025-10-17 22:45:13
09:42:45,6.22,0.02,5266,3272009,买盘,601212,2025-10-17 22:45:13
09:42:48,6.21,-0.01,1247,775607,卖盘,601212,2025-10-17 22:45:13
09:42:51,6.23,0.02,2296,1428137,买盘,601212,2025-10-17 22:45:13
09:42:54,6.22,-0.01,2134,1328856,卖盘,601212,2025-10-17 22:45:13
09:42:57,6.23,0.01,2662,1657099,买盘,601212,2025-10-17 22:45:13
09:43:00,6.23,0.0,3289,2048528,买盘,601212,2025-10-17 22:45:13
09:43:03,6.22,-0.01,8523,5299531,卖盘,601212,2025-10-17 22:45:13
09:43:06,6.2,-0.02,11964,7417774,卖盘,601212,2025-10-17 22:45:13
09:43:09,6.22,0.02,3592,2227362,买盘,601212,2025-10-17 22:45:13
09:43:12,6.21,-0.01,2434,1509809,卖盘,601212,2025-10-17 22:45:13
09:43:15,6.21,0.0,4105,2546529,买盘,601212,2025-10-17 22:45:13
09:43:18,6.2,-0.01,3085,1911365,卖盘,601212,2025-10-17 22:45:13
09:43:21,6.19,-0.01,2607,1615528,卖盘,601212,2025-10-17 22:45:13
09:43:24,6.19,0.0,4785,2963679,买盘,601212,2025-10-17 22:45:13
09:43:27,6.19,0.0,4034,2497351,卖盘,601212,2025-10-17 22:45:13
09:43:30,6.19,0.0,2251,1392800,买盘,601212,2025-10-17 22:45:13
09:43:33,6.19,0.0,4017,2484162,买盘,601212,2025-10-17 22:45:13
09:43:36,6.2,0.01,5710,3533259,买盘,601212,2025-10-17 22:45:13
09:43:39,6.21,0.01,6346,3929481,买盘,601212,2025-10-17 22:45:13
09:43:42,6.22,0.01,1844,1143618,买盘,601212,2025-10-17 22:45:13
09:43:45,6.21,-0.01,1148,712696,卖盘,601212,2025-10-17 22:45:13
09:43:48,6.21,0.0,1345,834602,买盘,601212,2025-10-17 22:45:13
09:43:51,6.21,0.0,1958,1215159,买盘,601212,2025-10-17 22:45:13
09:43:54,6.21,0.0,1360,844129,卖盘,601212,2025-10-17 22:45:13
09:43:57,6.21,0.0,1615,1002437,买盘,601212,2025-10-17 22:45:13
09:44:00,6.21,0.0,2252,1398722,买盘,601212,2025-10-17 22:45:13
09:44:03,6.21,0.0,7162,4449604,卖盘,601212,2025-10-17 22:45:13
09:44:06,6.22,0.01,2239,1392093,买盘,601212,2025-10-17 22:45:13
09:44:09,6.21,-0.01,1744,1084219,卖盘,601212,2025-10-17 22:45:13
09:44:12,6.21,0.0,1456,904656,卖盘,601212,2025-10-17 22:45:13
09:44:15,6.21,0.0,1869,1161415,买盘,601212,2025-10-17 22:45:13
09:44:18,6.2,-0.01,5861,3637348,卖盘,601212,2025-10-17 22:45:13
09:44:21,6.19,-0.01,6451,3992710,卖盘,601212,2025-10-17 22:45:13
09:44:24,6.18,-0.01,1178,728287,卖盘,601212,2025-10-17 22:45:13
09:44:27,6.17,-0.01,4209,2601067,卖盘,601212,2025-10-17 22:45:13
09:44:30,6.18,0.01,3365,2080104,买盘,601212,2025-10-17 22:45:13
09:44:33,6.18,0.0,4443,2744754,卖盘,601212,2025-10-17 22:45:13
09:44:36,6.17,-0.01,1997,1232638,卖盘,601212,2025-10-17 22:45:13
09:44:39,6.15,-0.02,25991,15996655,卖盘,601212,2025-10-17 22:45:13
09:44:42,6.14,-0.01,3587,2203344,卖盘,601212,2025-10-17 22:45:13
09:44:45,6.14,0.0,5057,3106277,卖盘,601212,2025-10-17 22:45:13
09:44:48,6.13,-0.01,3901,2394311,卖盘,601212,2025-10-17 22:45:13
09:44:51,6.14,0.01,8535,5241968,买盘,601212,2025-10-17 22:45:13
09:44:54,6.13,-0.01,6282,3853529,卖盘,601212,2025-10-17 22:45:13
09:44:57,6.13,0.0,4930,3023008,卖盘,601212,2025-10-17 22:45:13
09:45:00,6.1,-0.03,29804,18197491,卖盘,601212,2025-10-17 22:45:13
09:45:03,6.09,-0.01,4401,2682442,卖盘,601212,2025-10-17 22:45:13
09:45:06,6.08,-0.01,16430,10014752,卖盘,601212,2025-10-17 22:45:13
09:45:09,6.08,0.0,9505,5783655,卖盘,601212,2025-10-17 22:45:13
09:45:12,6.08,0.0,12751,7762667,卖盘,601212,2025-10-17 22:45:13
09:45:15,6.08,0.0,13992,8518061,买盘,601212,2025-10-17 22:45:13
09:45:18,6.1,0.02,6654,4046020,买盘,601212,2025-10-17 22:45:13
09:45:21,6.1,0.0,5557,3381728,买盘,601212,2025-10-17 22:45:13
09:45:24,6.08,-0.02,5389,3282019,卖盘,601212,2025-10-17 22:45:13
09:45:27,6.08,0.0,3884,2367603,卖盘,601212,2025-10-17 22:45:13
09:45:30,6.11,0.03,4988,3040201,买盘,601212,2025-10-17 22:45:13
09:45:33,6.11,0.0,3329,2028514,买盘,601212,2025-10-17 22:45:13
09:45:36,6.11,0.0,1886,1151412,买盘,601212,2025-10-17 22:45:13
09:45:39,6.11,0.0,2525,1542413,买盘,601212,2025-10-17 22:45:13
09:45:42,6.12,0.01,3828,2341132,买盘,601212,2025-10-17 22:45:13
09:45:45,6.12,0.0,3444,2107431,卖盘,601212,2025-10-17 22:45:13
09:45:48,6.13,0.01,2143,1314954,卖盘,601212,2025-10-17 22:45:13
09:45:51,6.14,0.01,1726,1061875,中性盘,601212,2025-10-17 22:45:13
09:45:54,6.16,0.02,1304,801497,买盘,601212,2025-10-17 22:45:13
09:45:57,6.17,0.01,1286,791591,买盘,601212,2025-10-17 22:45:13
09:46:00,6.14,-0.03,3878,2387069,卖盘,601212,2025-10-17 22:45:13
09:46:03,6.16,0.02,4855,2985639,买盘,601212,2025-10-17 22:45:13
09:46:06,6.15,-0.01,7905,4852746,卖盘,601212,2025-10-17 22:45:13
09:46:09,6.14,-0.01,2606,1601927,卖盘,601212,2025-10-17 22:45:13
09:46:12,6.14,0.0,5555,3413361,买盘,601212,2025-10-17 22:45:13
09:46:15,6.13,-0.01,3216,1973083,卖盘,601212,2025-10-17 22:45:13
09:46:18,6.13,0.0,3219,1971863,买盘,601212,2025-10-17 22:45:13
09:46:21,6.12,-0.01,3152,1929693,卖盘,601212,2025-10-17 22:45:13
09:46:24,6.12,0.0,5245,3208312,买盘,601212,2025-10-17 22:45:13
09:46:27,6.12,0.0,4500,2751240,买盘,601212,2025-10-17 22:45:13
09:46:30,6.12,0.0,6419,3924762,买盘,601212,2025-10-17 22:45:13
09:46:33,6.13,0.01,4398,2692654,买盘,601212,2025-10-17 22:45:13
09:46:36,6.13,0.0,2790,1706716,买盘,601212,2025-10-17 22:45:13
09:46:39,6.14,0.01,1878,1150556,买盘,601212,2025-10-17 22:45:13
09:46:42,6.14,0.0,1592,977374,买盘,601212,2025-10-17 22:45:13
09:46:45,6.14,0.0,1635,1003297,卖盘,601212,2025-10-17 22:45:13
09:46:48,6.14,0.0,1878,1154195,卖盘,601212,2025-10-17 22:45:13
09:46:51,6.14,0.0,1222,750998,买盘,601212,2025-10-17 22:45:13
09:46:54,6.14,0.0,1860,1142231,卖盘,601212,2025-10-17 22:45:13
09:46:57,6.15,0.01,1502,924062,卖盘,601212,2025-10-17 22:45:13
09:47:00,6.15,0.0,1461,899017,卖盘,601212,2025-10-17 22:45:13
09:47:03,6.17,0.02,4668,2878256,买盘,601212,2025-10-17 22:45:13
09:47:06,6.15,-0.02,3092,1903485,卖盘,601212,2025-10-17 22:45:13
09:47:09,6.16,0.01,3719,2290406,买盘,601212,2025-10-17 22:45:13
09:47:12,6.18,0.02,1604,989555,买盘,601212,2025-10-17 22:45:13
09:47:15,6.16,-0.02,2075,1282310,卖盘,601212,2025-10-17 22:45:13
09:47:18,6.17,0.01,2203,1359914,卖盘,601212,2025-10-17 22:45:13
09:47:21,6.19,0.02,2455,1515960,买盘,601212,2025-10-17 22:45:13
09:47:24,6.19,0.0,658,406808,买盘,601212,2025-10-17 22:45:13
09:47:27,6.19,0.0,2723,1683936,买盘,601212,2025-10-17 22:45:13
09:47:30,6.19,0.0,1338,828219,买盘,601212,2025-10-17 22:45:13
09:47:33,6.19,0.0,1391,861186,卖盘,601212,2025-10-17 22:45:13
09:47:36,6.2,0.01,1944,1204714,买盘,601212,2025-10-17 22:45:13
09:47:39,6.2,0.0,12319,7636529,买盘,601212,2025-10-17 22:45:13
09:47:42,6.2,0.0,3818,2366849,买盘,601212,2025-10-17 22:45:13
09:47:45,6.2,0.0,5584,3463821,买盘,601212,2025-10-17 22:45:13
09:47:48,6.22,0.02,783,486589,买盘,601212,2025-10-17 22:45:13
09:47:51,6.22,0.0,6828,4236069,买盘,601212,2025-10-17 22:45:13
09:47:54,6.23,0.01,7767,4828720,买盘,601212,2025-10-17 22:45:13
09:47:57,6.23,0.0,1539,958093,买盘,601212,2025-10-17 22:45:13
09:48:00,6.24,0.01,4134,2576148,买盘,601212,2025-10-17 22:45:13
09:48:03,6.23,-0.01,4589,2858544,卖盘,601212,2025-10-17 22:45:13
09:48:06,6.23,0.0,3912,2438942,买盘,601212,2025-10-17 22:45:13
09:48:09,6.24,0.01,2389,1488757,买盘,601212,2025-10-17 22:45:13
09:48:12,6.24,0.0,2189,1364791,买盘,601212,2025-10-17 22:45:13
09:48:15,6.24,0.0,1900,1185406,买盘,601212,2025-10-17 22:45:13
09:48:18,6.24,0.0,2068,1290443,买盘,601212,2025-10-17 22:45:13
09:48:21,6.25,0.01,1805,1126523,买盘,601212,2025-10-17 22:45:13
09:48:24,6.24,-0.01,4098,2557980,卖盘,601212,2025-10-17 22:45:13
09:48:27,6.24,0.0,3601,2249294,卖盘,601212,2025-10-17 22:45:13
09:48:30,6.24,0.0,2975,1857125,卖盘,601212,2025-10-17 22:45:13
09:48:33,6.23,-0.01,4510,2814217,卖盘,601212,2025-10-17 22:45:13
09:48:36,6.24,0.01,3383,2109713,买盘,601212,2025-10-17 22:45:13
09:48:39,6.23,-0.01,3377,2104354,卖盘,601212,2025-10-17 22:45:13
09:48:42,6.23,0.0,2007,1250019,买盘,601212,2025-10-17 22:45:13
09:48:45,6.23,0.0,3875,2412679,买盘,601212,2025-10-17 22:45:13
09:48:48,6.25,0.02,7088,4418308,买盘,601212,2025-10-17 22:45:13
09:48:51,6.28,0.03,12725,7967138,买盘,601212,2025-10-17 22:45:13
09:48:54,6.28,0.0,5498,3460921,卖盘,601212,2025-10-17 22:45:13
09:48:57,6.28,0.0,1504,945326,卖盘,601212,2025-10-17 22:45:13
09:49:00,6.3,0.02,2282,1434369,买盘,601212,2025-10-17 22:45:13
09:49:03,6.3,0.0,2531,1595265,卖盘,601212,2025-10-17 22:45:13
09:49:06,6.3,0.0,2715,1710056,买盘,601212,2025-10-17 22:45:13
09:49:09,6.3,0.0,2094,1317366,买盘,601212,2025-10-17 22:45:13
09:49:12,6.29,-0.01,1589,999322,卖盘,601212,2025-10-17 22:45:13
09:49:15,6.3,0.01,12393,7805506,买盘,601212,2025-10-17 22:45:13
09:49:18,6.29,-0.01,3285,2069333,卖盘,601212,2025-10-17 22:45:13
09:49:21,6.3,0.01,2454,1545172,中性盘,601212,2025-10-17 22:45:13
09:49:24,6.29,-0.01,3082,1939095,中性盘,601212,2025-10-17 22:45:13
09:49:27,6.3,0.01,2647,1664097,买盘,601212,2025-10-17 22:45:13
09:49:30,6.28,-0.02,2353,1480886,卖盘,601212,2025-10-17 22:45:13
09:49:33,6.29,0.01,1371,861653,买盘,601212,2025-10-17 22:45:13
09:49:36,6.28,-0.01,3322,2088324,中性盘,601212,2025-10-17 22:45:13
09:49:39,6.29,0.01,2177,1369277,买盘,601212,2025-10-17 22:45:13
09:49:42,6.29,0.0,3215,2022539,卖盘,601212,2025-10-17 22:45:13
09:49:45,6.28,-0.01,3444,2166240,卖盘,601212,2025-10-17 22:45:13
09:49:48,6.28,0.0,2454,1543447,卖盘,601212,2025-10-17 22:45:13
09:49:51,6.28,0.0,2270,1427819,卖盘,601212,2025-10-17 22:45:13
09:49:54,6.28,0.0,2620,1646412,卖盘,601212,2025-10-17 22:45:13
09:49:57,6.28,0.0,3946,2481819,卖盘,601212,2025-10-17 22:45:13
09:50:00,6.28,0.0,1786,1121877,买盘,601212,2025-10-17 22:45:13
09:50:03,6.3,0.02,21604,13596172,买盘,601212,2025-10-17 22:45:13
09:50:06,6.3,0.0,9095,5731999,买盘,601212,2025-10-17 22:45:13
09:50:09,6.34,0.04,5507,3491263,买盘,601212,2025-10-17 22:45:13
09:50:12,6.35,0.01,2657,1686561,买盘,601212,2025-10-17 22:45:13
09:50:15,6.35,0.0,825,523674,买盘,601212,2025-10-17 22:45:13
09:50:18,6.34,-0.01,6824,4324040,卖盘,601212,2025-10-17 22:45:13
09:50:21,6.35,0.01,1366,866340,买盘,601212,2025-10-17 22:45:13
09:50:24,6.35,0.0,4055,2573046,买盘,601212,2025-10-17 22:45:13
09:50:27,6.34,-0.01,2657,1684874,卖盘,601212,2025-10-17 22:45:13
09:50:30,6.33,-0.01,2418,1532534,卖盘,601212,2025-10-17 22:45:13
09:50:33,6.33,0.0,3444,2182377,卖盘,601212,2025-10-17 22:45:13
09:50:36,6.34,0.01,2447,1550296,卖盘,601212,2025-10-17 22:45:13
09:50:39,6.34,0.0,1648,1043879,买盘,601212,2025-10-17 22:45:13
09:50:42,6.34,0.0,2662,1687001,买盘,601212,2025-10-17 22:45:13
09:50:45,6.34,0.0,1737,1101173,卖盘,601212,2025-10-17 22:45:13
09:50:48,6.34,0.0,4796,3040494,卖盘,601212,2025-10-17 22:45:13
09:50:51,6.34,0.0,1383,876333,买盘,601212,2025-10-17 22:45:13
09:50:54,6.33,-0.01,1361,862178,卖盘,601212,2025-10-17 22:45:13
09:50:57,6.33,0.0,2762,1749096,卖盘,601212,2025-10-17 22:45:13
09:51:00,6.34,0.01,7843,4972453,买盘,601212,2025-10-17 22:45:13
09:51:03,6.34,0.0,5325,3380525,卖盘,601212,2025-10-17 22:45:13
09:51:06,6.34,0.0,6865,4361791,卖盘,601212,2025-10-17 22:45:13
09:51:09,6.35,0.01,2871,1823177,中性盘,601212,2025-10-17 22:45:13
09:51:12,6.35,0.0,5180,3301026,卖盘,601212,2025-10-17 22:45:13
09:51:15,6.36,0.01,784,498430,买盘,601212,2025-10-17 22:45:13
09:51:18,6.37,0.01,1266,806160,买盘,601212,2025-10-17 22:45:13
09:51:21,6.34,-0.03,6128,3890204,卖盘,601212,2025-10-17 22:45:13
09:51:24,6.33,-0.01,1255,795418,卖盘,601212,2025-10-17 22:45:13
09:51:27,6.34,0.01,2107,1334989,买盘,601212,2025-10-17 22:45:13
09:51:30,6.34,0.0,2349,1487599,买盘,601212,2025-10-17 22:45:13
09:51:33,6.34,0.0,4176,2647042,买盘,601212,2025-10-17 22:45:13
09:51:36,6.34,0.0,2135,1354055,卖盘,601212,2025-10-17 22:45:13
09:51:39,6.34,0.0,1429,905886,卖盘,601212,2025-10-17 22:45:13
09:51:42,6.33,-0.01,2118,1341527,卖盘,601212,2025-10-17 22:45:13
09:51:45,6.33,0.0,2805,1773558,卖盘,601212,2025-10-17 22:45:13
09:51:48,6.32,-0.01,3387,2137435,买盘,601212,2025-10-17 22:45:13
09:51:51,6.32,0.0,3163,1998113,买盘,601212,2025-10-17 22:45:13
09:51:54,6.32,0.0,3282,2071006,买盘,601212,2025-10-17 22:45:13
09:51:57,6.31,-0.01,2780,1754887,卖盘,601212,2025-10-17 22:45:13
09:52:00,6.31,0.0,1104,695975,买盘,601212,2025-10-17 22:45:13
09:52:03,6.29,-0.02,4282,2700653,卖盘,601212,2025-10-17 22:45:13
09:52:06,6.29,0.0,7577,4776277,卖盘,601212,2025-10-17 22:45:13
09:52:09,6.29,0.0,5468,3439868,卖盘,601212,2025-10-17 22:45:13
09:52:12,6.28,-0.01,5135,3229195,卖盘,601212,2025-10-17 22:45:13
09:52:15,6.28,0.0,2760,1732678,卖盘,601212,2025-10-17 22:45:13
09:52:18,6.28,0.0,3620,2271983,买盘,601212,2025-10-17 22:45:13
09:52:21,6.27,-0.01,6421,4037955,卖盘,601212,2025-10-17 22:45:13
09:52:24,6.27,0.0,1624,1018334,卖盘,601212,2025-10-17 22:45:13
09:52:27,6.27,0.0,980,614114,买盘,601212,2025-10-17 22:45:13
09:52:30,6.26,-0.01,2878,1803089,卖盘,601212,2025-10-17 22:45:13
09:52:33,6.25,-0.01,2024,1267134,卖盘,601212,2025-10-17 22:45:13
09:52:36,6.25,0.0,3051,1909511,卖盘,601212,2025-10-17 22:45:13
09:52:39,6.24,-0.01,2591,1620352,卖盘,601212,2025-10-17 22:45:13
09:52:42,6.25,0.01,1799,1123868,买盘,601212,2025-10-17 22:45:13
09:52:45,6.23,-0.02,2338,1459355,卖盘,601212,2025-10-17 22:45:13
09:52:48,6.23,0.0,1613,1006037,卖盘,601212,2025-10-17 22:45:13
09:52:51,6.24,0.01,1124,700629,买盘,601212,2025-10-17 22:45:13
09:52:54,6.24,0.0,1277,796153,卖盘,601212,2025-10-17 22:45:13
09:52:57,6.24,0.0,1032,643672,买盘,601212,2025-10-17 22:45:13
09:53:00,6.23,-0.01,2048,1277424,卖盘,601212,2025-10-17 22:45:13
09:53:03,6.23,0.0,7218,4509061,卖盘,601212,2025-10-17 22:45:13
09:53:06,6.27,0.04,4192,2626503,买盘,601212,2025-10-17 22:45:13
09:53:09,6.25,-0.02,4170,2609547,卖盘,601212,2025-10-17 22:45:13
09:53:12,6.27,0.02,2224,1395171,买盘,601212,2025-10-17 22:45:13
09:53:15,6.27,0.0,1060,664905,买盘,601212,2025-10-17 22:45:13
09:53:18,6.27,0.0,1407,882063,卖盘,601212,2025-10-17 22:45:13
09:53:21,6.26,-0.01,2202,1380483,卖盘,601212,2025-10-17 22:45:13
09:53:24,6.28,0.02,6690,4196035,买盘,601212,2025-10-17 22:45:13
09:53:27,6.25,-0.03,2683,1678963,卖盘,601212,2025-10-17 22:45:13
09:53:30,6.26,0.01,3948,2470364,买盘,601212,2025-10-17 22:45:13
09:53:33,6.26,0.0,1401,876580,买盘,601212,2025-10-17 22:45:13
09:53:36,6.26,0.0,1191,745317,买盘,601212,2025-10-17 22:45:13
09:53:39,6.27,0.01,630,394443,买盘,601212,2025-10-17 22:45:13
09:53:42,6.27,0.0,785,492052,买盘,601212,2025-10-17 22:45:13
09:53:45,6.28,0.01,398,249729,买盘,601212,2025-10-17 22:45:13
09:53:48,6.28,0.0,408,255969,买盘,601212,2025-10-17 22:45:13
09:53:51,6.27,-0.01,1846,1157910,卖盘,601212,2025-10-17 22:45:13
09:53:54,6.27,0.0,1775,1114762,卖盘,601212,2025-10-17 22:45:13
09:53:57,6.28,0.01,1462,917478,买盘,601212,2025-10-17 22:45:13
09:54:00,6.28,0.0,1388,871468,卖盘,601212,2025-10-17 22:45:13
09:54:03,6.29,0.01,5373,3381397,买盘,601212,2025-10-17 22:45:13
09:54:06,6.29,0.0,1619,1018030,卖盘,601212,2025-10-17 22:45:13
09:54:09,6.29,0.0,503,316253,买盘,601212,2025-10-17 22:45:13
09:54:12,6.28,-0.01,1508,947583,卖盘,601212,2025-10-17 22:45:13
09:54:15,6.28,0.0,630,395628,买盘,601212,2025-10-17 22:45:13
09:54:18,6.28,0.0,1128,708736,买盘,601212,2025-10-17 22:45:13
09:54:21,6.28,0.0,243,152646,卖盘,601212,2025-10-17 22:45:13
09:54:24,6.29,0.01,868,545689,买盘,601212,2025-10-17 22:45:13
09:54:27,6.29,0.0,1978,1242090,卖盘,601212,2025-10-17 22:45:13
09:54:30,6.26,-0.03,8150,5105382,卖盘,601212,2025-10-17 22:45:13
09:54:33,6.23,-0.03,4456,2783359,卖盘,601212,2025-10-17 22:45:13
09:54:36,6.24,0.01,1649,1028387,买盘,601212,2025-10-17 22:45:13
09:54:39,6.25,0.01,4475,2792946,买盘,601212,2025-10-17 22:45:13
09:54:42,6.24,-0.01,2393,1495748,卖盘,601212,2025-10-17 22:45:13
09:54:45,6.24,0.0,1299,810985,卖盘,601212,2025-10-17 22:45:13
09:54:48,6.24,0.0,1745,1089228,卖盘,601212,2025-10-17 22:45:13
09:54:51,6.24,0.0,634,395548,买盘,601212,2025-10-17 22:45:13
09:54:54,6.23,-0.01,2141,1334561,卖盘,601212,2025-10-17 22:45:13
09:54:57,6.24,0.01,1006,627234,买盘,601212,2025-10-17 22:45:13
09:55:00,6.23,-0.01,1143,712263,卖盘,601212,2025-10-17 22:45:13
09:55:03,6.23,0.0,19919,12427930,买盘,601212,2025-10-17 22:45:13
09:55:06,6.24,0.01,3342,2085965,买盘,601212,2025-10-17 22:45:13
09:55:09,6.25,0.01,1112,695668,中性盘,601212,2025-10-17 22:45:13
09:55:12,6.25,0.0,635,397513,卖盘,601212,2025-10-17 22:45:13
09:55:15,6.27,0.02,1027,643382,买盘,601212,2025-10-17 22:45:13
09:55:18,6.27,0.0,1631,1020367,卖盘,601212,2025-10-17 22:45:13
09:55:21,6.28,0.01,437,274263,买盘,601212,2025-10-17 22:45:13
09:55:24,6.28,0.0,657,412267,买盘,601212,2025-10-17 22:45:13
09:55:27,6.27,-0.01,1874,1175670,卖盘,601212,2025-10-17 22:45:13
09:55:30,6.27,0.0,756,473830,买盘,601212,2025-10-17 22:45:13
09:55:33,6.26,-0.01,1600,1002829,卖盘,601212,2025-10-17 22:45:13
09:55:36,6.26,0.0,1417,887228,卖盘,601212,2025-10-17 22:45:13
09:55:39,6.26,0.0,750,469709,买盘,601212,2025-10-17 22:45:13
09:55:42,6.26,0.0,965,603814,买盘,601212,2025-10-17 22:45:13
09:55:45,6.26,0.0,775,484805,买盘,601212,2025-10-17 22:45:13
09:55:48,6.26,0.0,4998,3128895,买盘,601212,2025-10-17 22:45:13
09:55:51,6.27,0.01,2289,1436989,中性盘,601212,2025-10-17 22:45:13
09:55:54,6.28,0.01,2441,1533666,卖盘,601212,2025-10-17 22:45:13
09:55:57,6.29,0.01,898,564554,买盘,601212,2025-10-17 22:45:13
09:56:00,6.29,0.0,650,408595,买盘,601212,2025-10-17 22:45:13
09:56:03,6.29,0.0,5956,3748051,买盘,601212,2025-10-17 22:45:13
09:56:06,6.29,0.0,3475,2183032,卖盘,601212,2025-10-17 22:45:13
09:56:09,6.29,0.0,533,335129,买盘,601212,2025-10-17 22:45:13
09:56:12,6.28,-0.01,1367,858676,卖盘,601212,2025-10-17 22:45:13
09:56:15,6.28,0.0,1204,756332,买盘,601212,2025-10-17 22:45:13
09:56:18,6.27,-0.01,3039,1908455,卖盘,601212,2025-10-17 22:45:13
09:56:21,6.27,0.0,963,604314,买盘,601212,2025-10-17 22:45:13
09:56:24,6.27,0.0,954,597872,卖盘,601212,2025-10-17 22:45:13
09:56:27,6.26,-0.01,1822,1141258,卖盘,601212,2025-10-17 22:45:13
09:56:30,6.27,0.01,439,274996,买盘,601212,2025-10-17 22:45:13
09:56:33,6.26,-0.01,454,284383,卖盘,601212,2025-10-17 22:45:13
09:56:36,6.26,0.0,1520,951536,卖盘,601212,2025-10-17 22:45:13
09:56:39,6.26,0.0,1556,975279,卖盘,601212,2025-10-17 22:45:13
09:56:42,6.26,0.0,2143,1342807,卖盘,601212,2025-10-17 22:45:13
09:56:45,6.25,-0.01,2799,1750084,卖盘,601212,2025-10-17 22:45:13
09:56:48,6.25,0.0,817,510627,买盘,601212,2025-10-17 22:45:13
09:56:51,6.24,-0.01,802,500757,卖盘,601212,2025-10-17 22:45:13
09:56:54,6.26,0.02,816,510127,买盘,601212,2025-10-17 22:45:13
09:56:57,6.26,0.0,2869,1792731,买盘,601212,2025-10-17 22:45:13
09:57:00,6.26,0.0,2113,1323726,买盘,601212,2025-10-17 22:45:13
09:57:03,6.28,0.02,2877,1804613,买盘,601212,2025-10-17 22:45:13
09:57:06,6.28,0.0,1042,653818,卖盘,601212,2025-10-17 22:45:13
09:57:09,6.27,-0.01,920,577552,卖盘,601212,2025-10-17 22:45:13
09:57:12,6.27,0.0,412,258399,卖盘,601212,2025-10-17 22:45:13
09:57:15,6.27,0.0,324,203113,买盘,601212,2025-10-17 22:45:13
09:57:18,6.27,0.0,988,619326,买盘,601212,2025-10-17 22:45:13
09:57:21,6.27,0.0,340,213148,买盘,601212,2025-10-17 22:45:13
09:57:24,6.26,-0.01,2000,1252536,卖盘,601212,2025-10-17 22:45:13
09:57:27,6.26,0.0,787,492480,买盘,601212,2025-10-17 22:45:13
09:57:30,6.25,-0.01,1798,1125368,卖盘,601212,2025-10-17 22:45:13
09:57:33,6.25,0.0,2047,1279429,卖盘,601212,2025-10-17 22:45:13
09:57:36,6.25,0.0,1129,705615,买盘,601212,2025-10-17 22:45:13
09:57:39,6.25,0.0,1278,798847,买盘,601212,2025-10-17 22:45:13
09:57:42,6.25,0.0,1558,973948,卖盘,601212,2025-10-17 22:45:13
09:57:45,6.25,0.0,1437,898244,卖盘,601212,2025-10-17 22:45:13
09:57:48,6.24,-0.01,978,610693,卖盘,601212,2025-10-17 22:45:13
09:57:51,6.25,0.01,3016,1884116,买盘,601212,2025-10-17 22:45:13
09:57:54,6.25,0.0,2035,1270270,买盘,601212,2025-10-17 22:45:13
09:57:57,6.24,-0.01,903,564006,卖盘,601212,2025-10-17 22:45:13
09:58:00,6.24,0.0,1635,1020461,卖盘,601212,2025-10-17 22:45:13
09:58:03,6.24,0.0,8515,5323750,买盘,601212,2025-10-17 22:45:13
09:58:06,6.24,0.0,5045,3148159,买盘,601212,2025-10-17 22:45:13
09:58:09,6.24,0.0,1219,760825,买盘,601212,2025-10-17 22:45:13
09:58:12,6.25,0.01,1445,901801,买盘,601212,2025-10-17 22:45:13
09:58:15,6.26,0.01,3084,1924135,买盘,601212,2025-10-17 22:45:13
09:58:18,6.26,0.0,566,353836,卖盘,601212,2025-10-17 22:45:13
09:58:21,6.26,0.0,422,264368,卖盘,601212,2025-10-17 22:45:13
09:58:24,6.26,0.0,1189,743472,买盘,601212,2025-10-17 22:45:13
09:58:27,6.24,-0.02,331,206907,卖盘,601212,2025-10-17 22:45:13
09:58:30,6.25,0.01,947,591848,买盘,601212,2025-10-17 22:45:13
09:58:33,6.25,0.0,941,587571,买盘,601212,2025-10-17 22:45:13
09:58:36,6.25,0.0,1066,666127,买盘,601212,2025-10-17 22:45:13
09:58:39,6.25,0.0,1162,725822,买盘,601212,2025-10-17 22:45:13
09:58:42,6.24,-0.01,419,261799,卖盘,601212,2025-10-17 22:45:13
09:58:45,6.24,0.0,863,539074,卖盘,601212,2025-10-17 22:45:13
09:58:48,6.23,-0.01,3301,2060353,卖盘,601212,2025-10-17 22:45:13
09:58:51,6.24,0.01,707,441112,买盘,601212,2025-10-17 22:45:13
09:58:54,6.24,0.0,528,329378,买盘,601212,2025-10-17 22:45:13
09:58:57,6.24,0.0,582,362816,买盘,601212,2025-10-17 22:45:13
09:59:00,6.24,0.0,759,473316,买盘,601212,2025-10-17 22:45:13
09:59:03,6.23,-0.01,12529,7825115,卖盘,601212,2025-10-17 22:45:13
09:59:06,6.24,0.01,872,543983,买盘,601212,2025-10-17 22:45:13
09:59:09,6.24,0.0,2630,1641175,买盘,601212,2025-10-17 22:45:13
09:59:12,6.27,0.03,2343,1467483,买盘,601212,2025-10-17 22:45:13
09:59:15,6.27,0.0,299,187478,卖盘,601212,2025-10-17 22:45:13
09:59:18,6.28,0.01,2794,1754181,买盘,601212,2025-10-17 22:45:13
09:59:21,6.29,0.01,1785,1121102,买盘,601212,2025-10-17 22:45:13
09:59:24,6.28,-0.01,1515,949465,卖盘,601212,2025-10-17 22:45:13
09:59:27,6.29,0.01,3398,2134856,买盘,601212,2025-10-17 22:45:13
09:59:30,6.28,-0.01,1096,688616,卖盘,601212,2025-10-17 22:45:13
09:59:33,6.28,0.0,877,550383,买盘,601212,2025-10-17 22:45:13
09:59:36,6.27,-0.01,726,455168,买盘,601212,2025-10-17 22:45:13
09:59:39,6.27,0.0,796,499073,买盘,601212,2025-10-17 22:45:13
09:59:42,6.26,-0.01,1926,1205675,卖盘,601212,2025-10-17 22:45:13
09:59:45,6.27,0.01,568,355699,买盘,601212,2025-10-17 22:45:13
09:59:48,6.26,-0.01,405,253484,中性盘,601212,2025-10-17 22:45:13
09:59:51,6.25,-0.01,1215,760331,卖盘,601212,2025-10-17 22:45:13
09:59:54,6.24,-0.01,3372,2109299,卖盘,601212,2025-10-17 22:45:13
09:59:57,6.25,0.01,999,624724,中性盘,601212,2025-10-17 22:45:13
10:00:00,6.25,0.0,1913,1196445,卖盘,601212,2025-10-17 22:45:13
10:00:03,6.27,0.02,6336,3968535,买盘,601212,2025-10-17 22:45:13
10:00:06,6.27,0.0,1068,669384,买盘,601212,2025-10-17 22:45:13
10:00:09,6.25,-0.02,3167,1982639,卖盘,601212,2025-10-17 22:45:13
10:00:12,6.27,0.02,1391,870166,买盘,601212,2025-10-17 22:45:13
10:00:15,6.24,-0.03,3299,2059991,卖盘,601212,2025-10-17 22:45:13
10:00:18,6.25,0.01,3100,1936405,买盘,601212,2025-10-17 22:45:13
10:00:21,6.26,0.01,3094,1934536,买盘,601212,2025-10-17 22:45:13
10:00:24,6.25,-0.01,2686,1680229,卖盘,601212,2025-10-17 22:45:13
10:00:27,6.25,0.0,181,113098,买盘,601212,2025-10-17 22:45:13
10:00:30,6.25,0.0,1047,654538,买盘,601212,2025-10-17 22:45:13
10:00:33,6.25,0.0,966,604070,卖盘,601212,2025-10-17 22:45:13
10:00:36,6.25,0.0,2717,1695824,卖盘,601212,2025-10-17 22:45:13
10:00:39,6.24,-0.01,625,390441,卖盘,601212,2025-10-17 22:45:13
10:00:42,6.25,0.01,1251,781409,买盘,601212,2025-10-17 22:45:13
10:00:45,6.23,-0.02,7707,4801979,卖盘,601212,2025-10-17 22:45:13
10:00:48,6.23,0.0,1252,780155,买盘,601212,2025-10-17 22:45:13
10:00:51,6.23,0.0,2738,1705629,卖盘,601212,2025-10-17 22:45:13
10:00:54,6.23,0.0,954,594199,买盘,601212,2025-10-17 22:45:13
10:00:57,6.23,0.0,1015,632399,买盘,601212,2025-10-17 22:45:13
10:01:00,6.23,0.0,1729,1077241,买盘,601212,2025-10-17 22:45:13
10:01:03,6.24,0.01,4895,3056142,买盘,601212,2025-10-17 22:45:13
10:01:06,6.25,0.01,757,472442,买盘,601212,2025-10-17 22:45:13
10:01:09,6.24,-0.01,840,524354,卖盘,601212,2025-10-17 22:45:13
10:01:12,6.24,0.0,764,476844,卖盘,601212,2025-10-17 22:45:13
10:01:15,6.24,0.0,813,507244,买盘,601212,2025-10-17 22:45:13
10:01:18,6.24,0.0,4157,2589563,买盘,601212,2025-10-17 22:45:13
10:01:21,6.23,-0.01,2007,1250617,卖盘,601212,2025-10-17 22:45:13
10:01:24,6.24,0.01,824,513655,买盘,601212,2025-10-17 22:45:13
10:01:27,6.23,-0.01,687,428425,卖盘,601212,2025-10-17 22:45:13
10:01:30,6.23,0.0,707,440337,买盘,601212,2025-10-17 22:45:13
10:01:33,6.23,0.0,800,498367,买盘,601212,2025-10-17 22:45:13
10:01:36,6.22,-0.01,6176,3841801,卖盘,601212,2025-10-17 22:45:13
10:01:39,6.22,0.0,1006,625654,买盘,601212,2025-10-17 22:45:13
10:01:42,6.21,-0.01,1486,923686,卖盘,601212,2025-10-17 22:45:13
10:01:45,6.21,0.0,4673,2901870,卖盘,601212,2025-10-17 22:45:13
10:01:48,6.2,-0.01,1394,865494,卖盘,601212,2025-10-17 22:45:13
10:01:51,6.2,0.0,1860,1153555,卖盘,601212,2025-10-17 22:45:13
10:01:54,6.2,0.0,4827,2994747,卖盘,601212,2025-10-17 22:45:13
10:01:57,6.2,0.0,2255,1398230,卖盘,601212,2025-10-17 22:45:13
10:02:00,6.2,0.0,3723,2308571,卖盘,601212,2025-10-17 22:45:13
10:02:03,6.21,0.01,15275,9504934,买盘,601212,2025-10-17 22:45:13
10:02:06,6.22,0.01,4234,2633011,中性盘,601212,2025-10-17 22:45:13
10:02:09,6.23,0.01,1516,944866,中性盘,601212,2025-10-17 22:45:13
10:02:12,6.24,0.01,1657,1033145,买盘,601212,2025-10-17 22:45:13
10:02:15,6.24,0.0,382,238153,买盘,601212,2025-10-17 22:45:13
10:02:18,6.24,0.0,3160,1970484,买盘,601212,2025-10-17 22:45:13
10:02:21,6.23,-0.01,1051,655120,卖盘,601212,2025-10-17 22:45:13
10:02:24,6.23,0.0,595,370680,买盘,601212,2025-10-17 22:45:13
10:02:27,6.23,0.0,1019,635045,卖盘,601212,2025-10-17 22:45:13
10:02:30,6.23,0.0,1317,820438,买盘,601212,2025-10-17 22:45:13
10:02:33,6.23,0.0,933,581213,买盘,601212,2025-10-17 22:45:13
10:02:36,6.23,0.0,835,519946,买盘,601212,2025-10-17 22:45:13
10:02:39,6.23,0.0,942,586728,买盘,601212,2025-10-17 22:45:13
10:02:42,6.23,0.0,1576,981594,买盘,601212,2025-10-17 22:45:13
10:02:45,6.23,0.0,614,382319,买盘,601212,2025-10-17 22:45:13
10:02:48,6.22,-0.01,2731,1701416,卖盘,601212,2025-10-17 22:45:13
10:02:51,6.23,0.01,1999,1246104,买盘,601212,2025-10-17 22:45:13
10:02:54,6.22,-0.01,1802,1121448,卖盘,601212,2025-10-17 22:45:13
10:02:57,6.23,0.01,623,388085,买盘,601212,2025-10-17 22:45:13
10:03:00,6.22,-0.01,821,511219,卖盘,601212,2025-10-17 22:45:13
10:03:03,6.24,0.02,10646,6644656,买盘,601212,2025-10-17 22:45:13
10:03:06,6.26,0.02,2331,1453975,买盘,601212,2025-10-17 22:45:13
10:03:09,6.26,0.0,540,337732,买盘,601212,2025-10-17 22:45:13
10:03:12,6.25,-0.01,754,471862,卖盘,601212,2025-10-17 22:45:13
10:03:15,6.26,0.01,900,563112,买盘,601212,2025-10-17 22:45:13
10:03:18,6.26,0.0,1126,704648,买盘,601212,2025-10-17 22:45:13
10:03:21,6.26,0.0,1475,922420,买盘,601212,2025-10-17 22:45:13
10:03:24,6.25,-0.01,895,559325,中性盘,601212,2025-10-17 22:45:13
10:03:27,6.24,-0.01,1279,798727,卖盘,601212,2025-10-17 22:45:13
10:03:30,6.24,0.0,1055,658309,买盘,601212,2025-10-17 22:45:13
10:03:33,6.24,0.0,1109,691878,买盘,601212,2025-10-17 22:45:13
10:03:36,6.24,0.0,2684,1674870,卖盘,601212,2025-10-17 22:45:13
10:03:39,6.23,-0.01,451,281252,卖盘,601212,2025-10-17 22:45:13
10:03:42,6.23,0.0,611,381164,卖盘,601212,2025-10-17 22:45:13
10:03:45,6.24,0.01,901,562141,买盘,601212,2025-10-17 22:45:13
10:03:48,6.24,0.0,779,485879,买盘,601212,2025-10-17 22:45:13
10:03:51,6.24,0.0,932,580904,买盘,601212,2025-10-17 22:45:13
10:03:54,6.24,0.0,748,466689,买盘,601212,2025-10-17 22:45:13
10:03:57,6.24,0.0,5281,3295139,买盘,601212,2025-10-17 22:45:13
10:04:00,6.24,0.0,633,394919,买盘,601212,2025-10-17 22:45:13
10:04:03,6.24,0.0,7742,4838104,买盘,601212,2025-10-17 22:45:13
10:04:06,6.24,0.0,969,605023,卖盘,601212,2025-10-17 22:45:13
10:04:09,6.25,0.01,709,442909,买盘,601212,2025-10-17 22:45:13
10:04:12,6.25,0.0,497,310540,买盘,601212,2025-10-17 22:45:13
10:04:15,6.25,0.0,367,229452,卖盘,601212,2025-10-17 22:45:13
10:04:18,6.25,0.0,225,140714,卖盘,601212,2025-10-17 22:45:13
10:04:21,6.26,0.01,325,203246,买盘,601212,2025-10-17 22:45:13
10:04:24,6.26,0.0,573,358452,买盘,601212,2025-10-17 22:45:13
10:04:27,6.26,0.0,695,434966,买盘,601212,2025-10-17 22:45:13
10:04:30,6.26,0.0,667,417471,买盘,601212,2025-10-17 22:45:13
10:04:33,6.26,0.0,864,540619,买盘,601212,2025-10-17 22:45:13
10:04:36,6.25,-0.01,4776,2990628,卖盘,601212,2025-10-17 22:45:13
10:04:39,6.25,0.0,1671,1044555,卖盘,601212,2025-10-17 22:45:13
10:04:42,6.25,0.0,883,551816,买盘,601212,2025-10-17 22:45:13
10:04:45,6.25,0.0,631,394353,买盘,601212,2025-10-17 22:45:13
10:04:48,6.25,0.0,519,324333,买盘,601212,2025-10-17 22:45:13
10:04:51,6.25,0.0,421,263003,买盘,601212,2025-10-17 22:45:13
10:04:54,6.25,0.0,388,242405,买盘,601212,2025-10-17 22:45:13
10:04:57,6.25,0.0,8579,5363863,买盘,601212,2025-10-17 22:45:13
10:05:00,6.25,0.0,440,275021,卖盘,601212,2025-10-17 22:45:13
10:05:03,6.26,0.01,6492,4073419,买盘,601212,2025-10-17 22:45:13
10:05:06,6.26,0.0,836,523317,买盘,601212,2025-10-17 22:45:13
10:05:09,6.26,0.0,2149,1345287,中性盘,601212,2025-10-17 22:45:13
10:05:12,6.27,0.01,581,364605,买盘,601212,2025-10-17 22:45:13
10:05:15,6.27,0.0,956,599375,卖盘,601212,2025-10-17 22:45:13
10:05:18,6.26,-0.01,1123,703667,卖盘,601212,2025-10-17 22:45:13
10:05:21,6.27,0.01,1095,686476,买盘,601212,2025-10-17 22:45:13
10:05:24,6.27,0.0,1199,751765,买盘,601212,2025-10-17 22:45:13
10:05:27,6.27,0.0,572,358526,买盘,601212,2025-10-17 22:45:13
10:05:30,6.27,0.0,744,466428,买盘,601212,2025-10-17 22:45:13
10:05:33,6.27,0.0,476,298184,买盘,601212,2025-10-17 22:45:13
10:05:36,6.26,-0.01,2700,1690840,卖盘,601212,2025-10-17 22:45:13
10:05:39,6.25,-0.01,1402,877989,卖盘,601212,2025-10-17 22:45:13
10:05:42,6.27,0.02,244,152938,买盘,601212,2025-10-17 22:45:13
10:05:45,6.27,0.0,1949,1220442,买盘,601212,2025-10-17 22:45:13
10:05:48,6.27,0.0,1447,906825,买盘,601212,2025-10-17 22:45:13
10:05:51,6.27,0.0,502,314723,买盘,601212,2025-10-17 22:45:13
10:05:54,6.27,0.0,1487,931943,买盘,601212,2025-10-17 22:45:13
10:05:57,6.27,0.0,1226,768594,买盘,601212,2025-10-17 22:45:13
10:06:00,6.27,0.0,1837,1151714,买盘,601212,2025-10-17 22:45:13
10:06:03,6.26,-0.01,8445,5302081,卖盘,601212,2025-10-17 22:45:13
10:06:06,6.27,0.01,1287,806712,买盘,601212,2025-10-17 22:45:13
10:06:09,6.26,-0.01,1862,1165908,卖盘,601212,2025-10-17 22:45:13
10:06:12,6.26,0.0,1067,668422,买盘,601212,2025-10-17 22:45:13
10:06:15,6.27,0.01,449,281152,买盘,601212,2025-10-17 22:45:13
10:06:18,6.26,-0.01,786,492617,卖盘,601212,2025-10-17 22:45:13
10:06:21,6.26,0.0,361,226109,卖盘,601212,2025-10-17 22:45:13
10:06:24,6.26,0.0,1565,979774,卖盘,601212,2025-10-17 22:45:13
10:06:27,6.26,0.0,767,480092,买盘,601212,2025-10-17 22:45:13
10:06:30,6.26,0.0,6175,3860597,买盘,601212,2025-10-17 22:45:13
10:06:33,6.27,0.01,368,230388,买盘,601212,2025-10-17 22:45:13
10:06:36,6.26,-0.01,3539,2217150,卖盘,601212,2025-10-17 22:45:13
10:06:39,6.26,0.0,986,617235,买盘,601212,2025-10-17 22:45:13
10:06:42,6.26,0.0,512,320398,买盘,601212,2025-10-17 22:45:13
10:06:45,6.26,0.0,328,205195,买盘,601212,2025-10-17 22:45:13
10:06:48,6.25,-0.01,1116,698510,卖盘,601212,2025-10-17 22:45:13
10:06:51,6.25,0.0,1660,1037936,卖盘,601212,2025-10-17 22:45:13
10:06:54,6.25,0.0,891,556858,买盘,601212,2025-10-17 22:45:13
10:06:57,6.25,0.0,1021,638066,买盘,601212,2025-10-17 22:45:13
10:07:00,6.25,0.0,602,376153,买盘,601212,2025-10-17 22:45:13
10:07:03,6.26,0.01,7194,4503220,买盘,601212,2025-10-17 22:45:13
10:07:06,6.26,0.0,1168,732183,卖盘,601212,2025-10-17 22:45:13
10:07:09,6.27,0.01,1109,695671,买盘,601212,2025-10-17 22:45:13
10:07:12,6.28,0.01,688,432057,买盘,601212,2025-10-17 22:45:13
10:07:15,6.28,0.0,149,93586,卖盘,601212,2025-10-17 22:45:13
10:07:18,6.28,0.0,828,520341,卖盘,601212,2025-10-17 22:45:13
10:07:21,6.28,0.0,980,615725,买盘,601212,2025-10-17 22:45:13
10:07:24,6.29,0.01,432,271350,买盘,601212,2025-10-17 22:45:13
10:07:27,6.29,0.0,2776,1744402,买盘,601212,2025-10-17 22:45:13
10:07:30,6.28,-0.01,1458,916614,卖盘,601212,2025-10-17 22:45:13
10:07:33,6.29,0.01,716,450276,买盘,601212,2025-10-17 22:45:13
10:07:36,6.28,-0.01,1914,1202034,卖盘,601212,2025-10-17 22:45:13
10:07:39,6.28,0.0,2646,1660094,买盘,601212,2025-10-17 22:45:13
10:07:42,6.28,0.0,1416,889209,买盘,601212,2025-10-17 22:45:13
10:07:45,6.28,0.0,1220,765959,买盘,601212,2025-10-17 22:45:13
10:07:48,6.28,0.0,2608,1637477,买盘,601212,2025-10-17 22:45:13
10:07:51,6.29,0.01,326,204862,买盘,601212,2025-10-17 22:45:13
10:07:54,6.28,-0.01,1060,666209,卖盘,601212,2025-10-17 22:45:13
10:07:57,6.28,0.0,711,446892,卖盘,601212,2025-10-17 22:45:13
10:08:00,6.28,0.0,2100,1319526,卖盘,601212,2025-10-17 22:45:13
10:08:03,6.29,0.01,1619,1018365,买盘,601212,2025-10-17 22:45:13
10:08:06,6.29,0.0,633,398260,卖盘,601212,2025-10-17 22:45:13
10:08:09,6.3,0.01,968,609752,买盘,601212,2025-10-17 22:45:13
10:08:12,6.3,0.0,247,155466,买盘,601212,2025-10-17 22:45:13
10:08:15,6.3,0.0,475,299208,买盘,601212,2025-10-17 22:45:13
10:08:18,6.29,-0.01,1265,796856,卖盘,601212,2025-10-17 22:45:13
10:08:21,6.3,0.01,2158,1358605,买盘,601212,2025-10-17 22:45:13
10:08:24,6.29,-0.01,3291,2071709,卖盘,601212,2025-10-17 22:45:13
10:08:27,6.28,-0.01,2945,1850294,卖盘,601212,2025-10-17 22:45:13
10:08:30,6.28,0.0,1147,720739,买盘,601212,2025-10-17 22:45:13
10:08:33,6.28,0.0,553,347273,买盘,601212,2025-10-17 22:45:13
10:08:36,6.28,0.0,637,399839,买盘,601212,2025-10-17 22:45:13
10:08:39,6.28,0.0,821,515470,买盘,601212,2025-10-17 22:45:13
10:08:42,6.28,0.0,2299,1443741,买盘,601212,2025-10-17 22:45:13
10:08:45,6.28,0.0,732,459518,买盘,601212,2025-10-17 22:45:13
10:08:48,6.28,0.0,630,395321,买盘,601212,2025-10-17 22:45:13
10:08:51,6.27,-0.01,951,597088,卖盘,601212,2025-10-17 22:45:13
10:08:54,6.28,0.01,1282,804184,买盘,601212,2025-10-17 22:45:13
10:08:57,6.27,-0.01,992,622676,卖盘,601212,2025-10-17 22:45:13
10:09:00,6.27,0.0,368,231051,卖盘,601212,2025-10-17 22:45:13
10:09:03,6.29,0.02,7258,4560595,买盘,601212,2025-10-17 22:45:13
10:09:06,6.29,0.0,514,323163,卖盘,601212,2025-10-17 22:45:13
10:09:09,6.29,0.0,402,252610,买盘,601212,2025-10-17 22:45:13
10:09:12,6.28,-0.01,705,443420,卖盘,601212,2025-10-17 22:45:13
10:09:15,6.29,0.01,757,476124,买盘,601212,2025-10-17 22:45:13
10:09:18,6.29,0.0,392,246531,买盘,601212,2025-10-17 22:45:13
10:09:21,6.29,0.0,753,473574,买盘,601212,2025-10-17 22:45:13
10:09:24,6.29,0.0,363,228274,买盘,601212,2025-10-17 22:45:13
10:09:27,6.28,-0.01,2196,1379270,卖盘,601212,2025-10-17 22:45:13
10:09:30,6.28,0.0,2180,1370959,卖盘,601212,2025-10-17 22:45:13
10:09:33,6.29,0.01,404,254067,买盘,601212,2025-10-17 22:45:13
10:09:36,6.28,-0.01,2405,1510833,卖盘,601212,2025-10-17 22:45:13
10:09:39,6.28,0.0,537,337191,买盘,601212,2025-10-17 22:45:13
10:09:42,6.27,-0.01,521,327019,卖盘,601212,2025-10-17 22:45:13
10:09:45,6.28,0.01,240,150672,买盘,601212,2025-10-17 22:45:13
10:09:48,6.28,0.0,2128,1334740,买盘,601212,2025-10-17 22:45:13
10:09:51,6.28,0.0,3717,2334162,买盘,601212,2025-10-17 22:45:13
10:09:54,6.29,0.01,283,177710,买盘,601212,2025-10-17 22:45:13
10:09:57,6.28,-0.01,130,81689,卖盘,601212,2025-10-17 22:45:13
10:10:00,6.29,0.01,210,132060,买盘,601212,2025-10-17 22:45:13
10:10:03,6.29,0.0,8569,5395462,买盘,601212,2025-10-17 22:45:13
10:10:06,6.31,0.02,10113,6372058,买盘,601212,2025-10-17 22:45:13
10:10:09,6.3,-0.01,1052,663189,卖盘,601212,2025-10-17 22:45:13
10:10:12,6.3,0.0,899,566346,买盘,601212,2025-10-17 22:45:13
10:10:15,6.3,0.0,810,510714,买盘,601212,2025-10-17 22:45:13
10:10:18,6.31,0.01,974,614319,买盘,601212,2025-10-17 22:45:13
10:10:21,6.31,0.0,1404,885720,卖盘,601212,2025-10-17 22:45:13
10:10:24,6.31,0.0,845,533093,买盘,601212,2025-10-17 22:45:13
10:10:27,6.31,0.0,1569,989819,买盘,601212,2025-10-17 22:45:13
10:10:30,6.31,0.0,276,174227,买盘,601212,2025-10-17 22:45:13
10:10:33,6.31,0.0,476,300459,卖盘,601212,2025-10-17 22:45:13
10:10:36,6.32,0.01,1658,1047547,买盘,601212,2025-10-17 22:45:13
10:10:39,6.32,0.0,748,472615,买盘,601212,2025-10-17 22:45:13
10:10:42,6.33,0.01,1665,1052570,买盘,601212,2025-10-17 22:45:13
10:10:45,6.33,0.0,1427,902101,买盘,601212,2025-10-17 22:45:13
10:10:48,6.34,0.01,5058,3201736,买盘,601212,2025-10-17 22:45:13
10:10:51,6.34,0.0,434,275096,买盘,601212,2025-10-17 22:45:13
10:10:54,6.34,0.0,4205,2663123,买盘,601212,2025-10-17 22:45:13
10:10:57,6.34,0.0,2511,1590621,买盘,601212,2025-10-17 22:45:13
10:11:00,6.32,-0.02,2007,1269984,卖盘,601212,2025-10-17 22:45:13
10:11:03,6.33,0.01,1326,839121,买盘,601212,2025-10-17 22:45:13
10:11:06,6.33,0.0,2428,1535723,买盘,601212,2025-10-17 22:45:13
10:11:09,6.32,-0.01,756,477767,卖盘,601212,2025-10-17 22:45:13
10:11:12,6.32,0.0,718,453667,买盘,601212,2025-10-17 22:45:13
10:11:15,6.32,0.0,717,453008,买盘,601212,2025-10-17 22:45:13
10:11:18,6.32,0.0,1042,658356,买盘,601212,2025-10-17 22:45:13
10:11:21,6.32,0.0,2116,1336460,买盘,601212,2025-10-17 22:45:13
10:11:24,6.32,0.0,1410,890914,买盘,601212,2025-10-17 22:45:13
10:11:27,6.32,0.0,693,437633,买盘,601212,2025-10-17 22:45:13
10:11:30,6.32,0.0,1094,690614,买盘,601212,2025-10-17 22:45:13
10:11:33,6.31,-0.01,606,382563,卖盘,601212,2025-10-17 22:45:13
10:11:36,6.31,0.0,837,528398,买盘,601212,2025-10-17 22:45:13
10:11:39,6.31,0.0,578,364668,买盘,601212,2025-10-17 22:45:13
10:11:42,6.31,0.0,645,406884,买盘,601212,2025-10-17 22:45:13
10:11:45,6.3,-0.01,728,458964,卖盘,601212,2025-10-17 22:45:13
10:11:48,6.3,0.0,1917,1208109,卖盘,601212,2025-10-17 22:45:13
10:11:51,6.3,0.0,844,532274,卖盘,601212,2025-10-17 22:45:13
10:11:54,6.3,0.0,473,298052,买盘,601212,2025-10-17 22:45:13
10:11:57,6.3,0.0,387,243749,买盘,601212,2025-10-17 22:45:13
10:12:00,6.3,0.0,343,216017,买盘,601212,2025-10-17 22:45:13
10:12:03,6.3,0.0,1293,814553,买盘,601212,2025-10-17 22:45:13
10:12:06,6.3,0.0,3486,2194268,买盘,601212,2025-10-17 22:45:13
10:12:09,6.29,-0.01,1642,1033103,卖盘,601212,2025-10-17 22:45:13
10:12:12,6.28,-0.01,948,596099,卖盘,601212,2025-10-17 22:45:13
10:12:15,6.29,0.01,992,623609,买盘,601212,2025-10-17 22:45:13
10:12:18,6.28,-0.01,363,228068,卖盘,601212,2025-10-17 22:45:13
10:12:21,6.29,0.01,533,335182,买盘,601212,2025-10-17 22:45:13
10:12:24,6.28,-0.01,936,588512,卖盘,601212,2025-10-17 22:45:13
10:12:27,6.3,0.02,1386,872294,买盘,601212,2025-10-17 22:45:13
10:12:30,6.29,-0.01,274,172442,卖盘,601212,2025-10-17 22:45:13
10:12:33,6.3,0.01,113,71157,买盘,601212,2025-10-17 22:45:13
10:12:36,6.3,0.0,275,173182,买盘,601212,2025-10-17 22:45:13
10:12:39,6.29,-0.01,1409,887492,卖盘,601212,2025-10-17 22:45:13
10:12:42,6.29,0.0,541,340650,卖盘,601212,2025-10-17 22:45:13
10:12:45,6.3,0.01,978,615710,买盘,601212,2025-10-17 22:45:13
10:12:48,6.3,0.0,1708,1075484,买盘,601212,2025-10-17 22:45:13
10:12:51,6.29,-0.01,335,211000,卖盘,601212,2025-10-17 22:45:13
10:12:54,6.3,0.01,586,369129,买盘,601212,2025-10-17 22:45:13
10:12:57,6.3,0.0,732,461165,卖盘,601212,2025-10-17 22:45:13
10:13:00,6.3,0.0,1022,643986,卖盘,601212,2025-10-17 22:45:13
10:13:03,6.3,0.0,1984,1251657,卖盘,601212,2025-10-17 22:45:13
10:13:06,6.31,0.01,4114,2597916,买盘,601212,2025-10-17 22:45:13
10:13:09,6.32,0.01,618,390007,买盘,601212,2025-10-17 22:45:13
10:13:12,6.32,0.0,469,296386,买盘,601212,2025-10-17 22:45:13
10:13:15,6.33,0.01,617,390284,买盘,601212,2025-10-17 22:45:13
10:13:18,6.32,-0.01,1260,797305,卖盘,601212,2025-10-17 22:45:13
10:13:21,6.32,0.0,583,368887,卖盘,601212,2025-10-17 22:45:13
10:13:24,6.32,0.0,490,309971,卖盘,601212,2025-10-17 22:45:13
10:13:27,6.33,0.01,1793,1134646,买盘,601212,2025-10-17 22:45:13
10:13:30,6.32,-0.01,468,296081,卖盘,601212,2025-10-17 22:45:13
10:13:33,6.33,0.01,792,500867,买盘,601212,2025-10-17 22:45:13
10:13:36,6.33,0.0,1014,641610,买盘,601212,2025-10-17 22:45:13
10:13:39,6.33,0.0,679,429750,买盘,601212,2025-10-17 22:45:13
10:13:42,6.33,0.0,1541,975336,买盘,601212,2025-10-17 22:45:13
10:13:45,6.32,-0.01,311,196783,卖盘,601212,2025-10-17 22:45:13
10:13:48,6.33,0.01,334,211350,买盘,601212,2025-10-17 22:45:13
10:13:51,6.33,0.0,1216,769528,买盘,601212,2025-10-17 22:45:13
10:13:54,6.33,0.0,587,371413,买盘,601212,2025-10-17 22:45:13
10:13:57,6.33,0.0,661,418233,买盘,601212,2025-10-17 22:45:13
10:14:00,6.32,-0.01,414,262000,卖盘,601212,2025-10-17 22:45:13
10:14:03,6.33,0.01,442,279757,买盘,601212,2025-10-17 22:45:13
10:14:06,6.32,-0.01,1053,666216,卖盘,601212,2025-10-17 22:45:13
10:14:09,6.32,0.0,2164,1367962,卖盘,601212,2025-10-17 22:45:13
10:14:12,6.32,0.0,2110,1331497,买盘,601212,2025-10-17 22:45:13
10:14:15,6.31,-0.01,791,499270,卖盘,601212,2025-10-17 22:45:13
10:14:18,6.31,0.0,1156,729423,买盘,601212,2025-10-17 22:45:13
10:14:21,6.31,0.0,579,365051,买盘,601212,2025-10-17 22:45:13
10:14:24,6.3,-0.01,663,417922,卖盘,601212,2025-10-17 22:45:13
10:14:27,6.31,0.01,604,381071,买盘,601212,2025-10-17 22:45:13
10:14:30,6.3,-0.01,3934,2478940,卖盘,601212,2025-10-17 22:45:13
10:14:33,6.3,0.0,1382,869974,卖盘,601212,2025-10-17 22:45:13
10:14:36,6.29,-0.01,1154,725833,卖盘,601212,2025-10-17 22:45:13
10:14:39,6.29,0.0,188,118211,买盘,601212,2025-10-17 22:45:13
10:14:42,6.29,0.0,407,255944,买盘,601212,2025-10-17 22:45:13
10:14:45,6.29,0.0,421,264630,买盘,601212,2025-10-17 22:45:13
10:14:48,6.29,0.0,667,419208,买盘,601212,2025-10-17 22:45:13
10:14:51,6.29,0.0,696,437759,买盘,601212,2025-10-17 22:45:13
10:14:54,6.29,0.0,468,294024,买盘,601212,2025-10-17 22:45:13
10:14:57,6.29,0.0,339,213197,买盘,601212,2025-10-17 22:45:13
10:15:00,6.29,0.0,301,189313,买盘,601212,2025-10-17 22:45:13
10:15:03,6.29,0.0,345,216760,买盘,601212,2025-10-17 22:45:13
10:15:06,6.29,0.0,519,326232,买盘,601212,2025-10-17 22:45:13
10:15:09,6.28,-0.01,3445,2163765,卖盘,601212,2025-10-17 22:45:13
10:15:12,6.28,0.0,515,323417,买盘,601212,2025-10-17 22:45:13
10:15:15,6.27,-0.01,498,312668,卖盘,601212,2025-10-17 22:45:13
10:15:18,6.28,0.01,148,92908,买盘,601212,2025-10-17 22:45:13
10:15:21,6.27,-0.01,2848,1785795,卖盘,601212,2025-10-17 22:45:13
10:15:24,6.27,0.0,391,245157,买盘,601212,2025-10-17 22:45:13
10:15:27,6.28,0.01,1095,686883,买盘,601212,2025-10-17 22:45:13
10:15:30,6.28,0.0,1133,710929,买盘,601212,2025-10-17 22:45:13
10:15:33,6.28,0.0,1041,653676,买盘,601212,2025-10-17 22:45:13
10:15:36,6.28,0.0,459,288245,买盘,601212,2025-10-17 22:45:13
10:15:39,6.28,0.0,1008,633895,卖盘,601212,2025-10-17 22:45:13
10:15:42,6.29,0.01,606,380983,买盘,601212,2025-10-17 22:45:13
10:15:45,6.29,0.0,872,548383,买盘,601212,2025-10-17 22:45:13
10:15:48,6.29,0.0,173,108841,卖盘,601212,2025-10-17 22:45:13
10:15:51,6.29,0.0,362,227801,卖盘,601212,2025-10-17 22:45:13
10:15:54,6.29,0.0,819,515134,卖盘,601212,2025-10-17 22:45:13
10:15:57,6.28,-0.01,1067,670495,卖盘,601212,2025-10-17 22:45:13
10:16:00,6.28,0.0,1522,956280,卖盘,601212,2025-10-17 22:45:13
10:16:03,6.27,-0.01,1104,693763,卖盘,601212,2025-10-17 22:45:13
10:16:06,6.27,0.0,1002,629057,卖盘,601212,2025-10-17 22:45:13
10:16:09,6.28,0.01,568,356463,买盘,601212,2025-10-17 22:45:13
10:16:12,6.27,-0.01,3695,2317373,卖盘,601212,2025-10-17 22:45:13
10:16:15,6.27,0.0,1134,711521,卖盘,601212,2025-10-17 22:45:13
10:16:18,6.27,0.0,718,450650,卖盘,601212,2025-10-17 22:45:13
10:16:21,6.28,0.01,522,327392,买盘,601212,2025-10-17 22:45:13
10:16:24,6.27,-0.01,304,190512,卖盘,601212,2025-10-17 22:45:13
10:16:27,6.27,0.0,201,126125,卖盘,601212,2025-10-17 22:45:13
10:16:30,6.28,0.01,732,459028,买盘,601212,2025-10-17 22:45:13
10:16:33,6.27,-0.01,4014,2513377,卖盘,601212,2025-10-17 22:45:13
10:16:36,6.27,0.0,622,389907,买盘,601212,2025-10-17 22:45:13
10:16:39,6.26,-0.01,139,87135,卖盘,601212,2025-10-17 22:45:13
10:16:42,6.26,0.0,460,288127,卖盘,601212,2025-10-17 22:45:13
10:16:45,6.27,0.01,269,168593,买盘,601212,2025-10-17 22:45:13
10:16:48,6.26,-0.01,732,458416,卖盘,601212,2025-10-17 22:45:13
10:16:51,6.26,0.0,580,363224,卖盘,601212,2025-10-17 22:45:13
10:16:54,6.26,0.0,733,459044,卖盘,601212,2025-10-17 22:45:13
10:16:57,6.26,0.0,870,544945,卖盘,601212,2025-10-17 22:45:13
10:17:00,6.26,0.0,152,95148,买盘,601212,2025-10-17 22:45:13
10:17:03,6.25,-0.01,1900,1189255,卖盘,601212,2025-10-17 22:45:13
10:17:06,6.27,0.02,886,554474,买盘,601212,2025-10-17 22:45:13
10:17:09,6.27,0.0,1817,1138985,买盘,601212,2025-10-17 22:45:13
10:17:12,6.27,0.0,1433,898657,买盘,601212,2025-10-17 22:45:13
10:17:15,6.27,0.0,976,611845,买盘,601212,2025-10-17 22:45:13
10:17:18,6.27,0.0,1042,653159,买盘,601212,2025-10-17 22:45:13
10:17:21,6.27,0.0,978,613139,买盘,601212,2025-10-17 22:45:13
10:17:24,6.27,0.0,1040,652150,买盘,601212,2025-10-17 22:45:13
10:17:27,6.27,0.0,147,92205,卖盘,601212,2025-10-17 22:45:13
10:17:30,6.27,0.0,1163,730206,卖盘,601212,2025-10-17 22:45:13
10:17:33,6.28,0.01,154,96675,买盘,601212,2025-10-17 22:45:13
10:17:36,6.28,0.0,1559,978972,买盘,601212,2025-10-17 22:45:13
10:17:39,6.28,0.0,1006,631311,买盘,601212,2025-10-17 22:45:13
10:17:42,6.29,0.01,75,47150,买盘,601212,2025-10-17 22:45:13
10:17:45,6.28,-0.01,542,340646,卖盘,601212,2025-10-17 22:45:13
10:17:48,6.29,0.01,340,213769,买盘,601212,2025-10-17 22:45:13
10:17:51,6.29,0.0,280,175992,卖盘,601212,2025-10-17 22:45:13
10:17:54,6.28,-0.01,1269,797147,卖盘,601212,2025-10-17 22:45:13
10:17:57,6.28,0.0,372,233616,买盘,601212,2025-10-17 22:45:13
10:18:00,6.28,0.0,448,281281,买盘,601212,2025-10-17 22:45:13
10:18:03,6.29,0.01,2958,1859502,买盘,601212,2025-10-17 22:45:13
10:18:06,6.29,0.0,88,55349,买盘,601212,2025-10-17 22:45:13
10:18:09,6.29,0.0,427,268316,买盘,601212,2025-10-17 22:45:13
10:18:12,6.29,0.0,140,88022,买盘,601212,2025-10-17 22:45:13
10:18:15,6.29,0.0,280,176097,买盘,601212,2025-10-17 22:45:13
10:18:18,6.28,-0.01,1344,844155,卖盘,601212,2025-10-17 22:45:13
10:18:21,6.28,0.0,359,225457,买盘,601212,2025-10-17 22:45:13
10:18:24,6.27,-0.01,712,447402,卖盘,601212,2025-10-17 22:45:13
10:18:27,6.28,0.01,550,345360,买盘,601212,2025-10-17 22:45:13
10:18:30,6.27,-0.01,1996,1251739,卖盘,601212,2025-10-17 22:45:13
10:18:33,6.27,0.0,290,181829,买盘,601212,2025-10-17 22:45:13
10:18:36,6.27,0.0,689,431782,买盘,601212,2025-10-17 22:45:13
10:18:39,6.27,0.0,234,146688,买盘,601212,2025-10-17 22:45:13
10:18:42,6.27,0.0,477,298762,买盘,601212,2025-10-17 22:45:13
10:18:45,6.27,0.0,347,217564,买盘,601212,2025-10-17 22:45:13
10:18:48,6.27,0.0,2517,1577937,买盘,601212,2025-10-17 22:45:13
10:18:51,6.27,0.0,449,281498,买盘,601212,2025-10-17 22:45:13
10:18:54,6.27,0.0,4406,2758267,买盘,601212,2025-10-17 22:45:13
10:18:57,6.28,0.01,437,274181,买盘,601212,2025-10-17 22:45:13
10:19:00,6.28,0.0,1069,671230,买盘,601212,2025-10-17 22:45:13
10:19:03,6.28,0.0,138,86588,买盘,601212,2025-10-17 22:45:13
10:19:06,6.28,0.0,391,245501,买盘,601212,2025-10-17 22:45:13
10:19:09,6.28,0.0,1303,819301,买盘,601212,2025-10-17 22:45:13
10:19:12,6.28,0.0,79,49614,卖盘,601212,2025-10-17 22:45:13
10:19:15,6.28,0.0,420,263835,卖盘,601212,2025-10-17 22:45:13
10:19:18,6.28,0.0,253,158856,买盘,601212,2025-10-17 22:45:13
10:19:21,6.27,-0.01,499,313082,卖盘,601212,2025-10-17 22:45:13
10:19:24,6.27,0.0,398,249693,卖盘,601212,2025-10-17 22:45:13
10:19:27,6.27,0.0,2236,1403562,卖盘,601212,2025-10-17 22:45:13
10:19:30,6.28,0.01,144,90343,买盘,601212,2025-10-17 22:45:13
10:19:33,6.28,0.0,330,207057,买盘,601212,2025-10-17 22:45:13
10:19:36,6.28,0.0,279,175096,买盘,601212,2025-10-17 22:45:13
10:19:39,6.27,-0.01,475,298280,卖盘,601212,2025-10-17 22:45:13
10:19:42,6.28,0.01,345,216543,买盘,601212,2025-10-17 22:45:13
10:19:45,6.28,0.0,614,385592,买盘,601212,2025-10-17 22:45:13
10:19:48,6.28,0.0,317,199066,买盘,601212,2025-10-17 22:45:13
10:19:51,6.28,0.0,330,207227,买盘,601212,2025-10-17 22:45:13
10:19:54,6.28,0.0,203,127484,买盘,601212,2025-10-17 22:45:13
10:19:57,6.28,0.0,68,42704,卖盘,601212,2025-10-17 22:45:13
10:20:00,6.28,0.0,75,47100,卖盘,601212,2025-10-17 22:45:13
10:20:03,6.28,0.0,1081,679233,卖盘,601212,2025-10-17 22:45:13
10:20:06,6.28,0.0,325,204142,买盘,601212,2025-10-17 22:45:13
10:20:09,6.28,0.0,227,142542,买盘,601212,2025-10-17 22:45:13
10:20:12,6.27,-0.01,1220,764960,卖盘,601212,2025-10-17 22:45:13
10:20:15,6.27,0.0,638,400055,买盘,601212,2025-10-17 22:45:13
10:20:18,6.26,-0.01,4156,2602072,卖盘,601212,2025-10-17 22:45:13
10:20:21,6.26,0.0,140,87651,卖盘,601212,2025-10-17 22:45:13
10:20:24,6.26,0.0,176,110136,买盘,601212,2025-10-17 22:45:13
10:20:27,6.26,0.0,551,345062,买盘,601212,2025-10-17 22:45:13
10:20:30,6.26,0.0,866,541805,买盘,601212,2025-10-17 22:45:13
10:20:33,6.26,0.0,256,160171,卖盘,601212,2025-10-17 22:45:13
10:20:36,6.26,0.0,2118,1324355,买盘,601212,2025-10-17 22:45:13
10:20:39,6.25,-0.01,321,200864,卖盘,601212,2025-10-17 22:45:13
10:20:42,6.26,0.01,713,446152,买盘,601212,2025-10-17 22:45:13
10:20:45,6.26,0.0,592,370656,卖盘,601212,2025-10-17 22:45:13
10:20:48,6.26,0.0,795,497817,卖盘,601212,2025-10-17 22:45:13
10:20:51,6.26,0.0,833,522096,卖盘,601212,2025-10-17 22:45:13
10:20:54,6.26,0.0,465,291101,卖盘,601212,2025-10-17 22:45:13
10:20:57,6.26,0.0,513,321316,买盘,601212,2025-10-17 22:45:13
10:21:00,6.26,0.0,330,206610,卖盘,601212,2025-10-17 22:45:13
10:21:03,6.26,0.0,1432,897860,卖盘,601212,2025-10-17 22:45:13
10:21:06,6.27,0.01,223,139630,买盘,601212,2025-10-17 22:45:13
10:21:09,6.27,0.0,369,231054,买盘,601212,2025-10-17 22:45:13
10:21:12,6.27,0.0,803,502854,买盘,601212,2025-10-17 22:45:13
10:21:15,6.26,-0.01,593,371240,卖盘,601212,2025-10-17 22:45:13
10:21:18,6.26,0.0,130,81380,买盘,601212,2025-10-17 22:45:13
10:21:21,6.26,0.0,963,602651,买盘,601212,2025-10-17 22:45:13
10:21:24,6.25,-0.01,359,224714,卖盘,601212,2025-10-17 22:45:13
10:21:27,6.26,0.01,221,138321,买盘,601212,2025-10-17 22:45:13
10:21:30,6.26,0.0,684,427796,买盘,601212,2025-10-17 22:45:13
10:21:33,6.27,0.01,2679,1677135,买盘,601212,2025-10-17 22:45:13
10:21:36,6.27,0.0,149,93316,买盘,601212,2025-10-17 22:45:13
10:21:39,6.26,-0.01,880,550961,卖盘,601212,2025-10-17 22:45:13
10:21:42,6.27,0.01,183,114592,买盘,601212,2025-10-17 22:45:13
10:21:45,6.27,0.0,285,178456,买盘,601212,2025-10-17 22:45:13
10:21:48,6.27,0.0,500,313167,买盘,601212,2025-10-17 22:45:13
10:21:51,6.27,0.0,2726,1709088,买盘,601212,2025-10-17 22:45:13
10:21:54,6.27,0.0,287,179889,买盘,601212,2025-10-17 22:45:13
10:21:57,6.27,0.0,266,166742,买盘,601212,2025-10-17 22:45:13
10:22:00,6.27,0.0,261,163563,买盘,601212,2025-10-17 22:45:13
10:22:03,6.27,0.0,175,109735,买盘,601212,2025-10-17 22:45:13
10:22:06,6.27,0.0,88,55185,卖盘,601212,2025-10-17 22:45:13
10:22:09,6.27,0.0,247,154880,卖盘,601212,2025-10-17 22:45:13
10:22:12,6.28,0.01,75,47044,买盘,601212,2025-10-17 22:45:13
10:22:15,6.28,0.0,1477,926931,买盘,601212,2025-10-17 22:45:13
10:22:18,6.27,-0.01,206,129329,卖盘,601212,2025-10-17 22:45:13
10:22:21,6.28,0.01,168,105502,买盘,601212,2025-10-17 22:45:13
10:22:24,6.27,-0.01,263,165024,卖盘,601212,2025-10-17 22:45:13
10:22:27,6.28,0.01,3203,2011378,买盘,601212,2025-10-17 22:45:13
10:22:30,6.28,0.0,276,173336,卖盘,601212,2025-10-17 22:45:13
10:22:33,6.29,0.01,188,118069,买盘,601212,2025-10-17 22:45:13
10:22:36,6.28,-0.01,349,219142,卖盘,601212,2025-10-17 22:45:13
10:22:39,6.28,0.0,134,84147,买盘,601212,2025-10-17 22:45:13
10:22:42,6.28,0.0,405,254307,买盘,601212,2025-10-17 22:45:13
10:22:45,6.28,0.0,473,297040,买盘,601212,2025-10-17 22:45:13
10:22:48,6.29,0.01,903,567131,买盘,601212,2025-10-17 22:45:13
10:22:51,6.28,-0.01,152,95489,卖盘,601212,2025-10-17 22:45:13
10:22:54,6.29,0.01,2017,1268715,买盘,601212,2025-10-17 22:45:13
10:22:57,6.3,0.01,442,278097,买盘,601212,2025-10-17 22:45:13
10:23:00,6.29,-0.01,3236,2037988,卖盘,601212,2025-10-17 22:45:13
10:23:03,6.3,0.01,3828,2411640,买盘,601212,2025-10-17 22:45:13
10:23:06,6.31,0.01,253,159408,买盘,601212,2025-10-17 22:45:13
10:23:09,6.31,0.0,121,76310,买盘,601212,2025-10-17 22:45:13
10:23:12,6.3,-0.01,4552,2867645,卖盘,601212,2025-10-17 22:45:13
10:23:15,6.28,-0.02,2673,1679313,卖盘,601212,2025-10-17 22:45:13
10:23:18,6.28,0.0,381,239222,买盘,601212,2025-10-17 22:45:13
10:23:21,6.28,0.0,463,290753,买盘,601212,2025-10-17 22:45:13
10:23:24,6.28,0.0,277,173951,买盘,601212,2025-10-17 22:45:13
10:23:27,6.28,0.0,216,135641,买盘,601212,2025-10-17 22:45:13
10:23:30,6.27,-0.01,485,304539,卖盘,601212,2025-10-17 22:45:13
10:23:33,6.27,0.0,2791,1750163,卖盘,601212,2025-10-17 22:45:13
10:23:36,6.27,0.0,470,295019,卖盘,601212,2025-10-17 22:45:13
10:23:39,6.27,0.0,337,211321,买盘,601212,2025-10-17 22:45:13
10:23:42,6.26,-0.01,3541,2216942,卖盘,601212,2025-10-17 22:45:13
10:23:45,6.26,0.0,912,570912,买盘,601212,2025-10-17 22:45:13
10:23:48,6.26,0.0,404,252852,买盘,601212,2025-10-17 22:45:13
10:23:51,6.26,0.0,1144,716013,买盘,601212,2025-10-17 22:45:13
10:23:54,6.26,0.0,1103,690408,买盘,601212,2025-10-17 22:45:13
10:23:57,6.25,-0.01,360,225283,卖盘,601212,2025-10-17 22:45:13
10:24:00,6.26,0.01,545,340918,买盘,601212,2025-10-17 22:45:13
10:24:03,6.26,0.0,1343,841946,卖盘,601212,2025-10-17 22:45:13
10:24:06,6.26,0.0,499,312767,卖盘,601212,2025-10-17 22:45:13
10:24:09,6.27,0.01,289,181091,买盘,601212,2025-10-17 22:45:13
10:24:12,6.27,0.0,537,336548,买盘,601212,2025-10-17 22:45:13
10:24:15,6.27,0.0,59,36994,卖盘,601212,2025-10-17 22:45:13
10:24:18,6.27,0.0,210,131690,卖盘,601212,2025-10-17 22:45:13
10:24:21,6.28,0.01,404,253436,买盘,601212,2025-10-17 22:45:13
10:24:24,6.28,0.0,298,187061,买盘,601212,2025-10-17 22:45:13
10:24:27,6.28,0.0,362,227208,买盘,601212,2025-10-17 22:45:13
10:24:30,6.26,-0.02,3573,2240422,卖盘,601212,2025-10-17 22:45:13
10:24:33,6.26,0.0,1675,1048578,卖盘,601212,2025-10-17 22:45:13
10:24:36,6.26,0.0,1362,852781,买盘,601212,2025-10-17 22:45:13
10:24:39,6.25,-0.01,325,203401,卖盘,601212,2025-10-17 22:45:13
10:24:42,6.26,0.01,94,58829,中性盘,601212,2025-10-17 22:45:13
10:24:45,6.26,0.0,198,123961,卖盘,601212,2025-10-17 22:45:13
10:24:48,6.27,0.01,313,196130,买盘,601212,2025-10-17 22:45:13
10:24:51,6.27,0.0,179,112072,买盘,601212,2025-10-17 22:45:13
10:24:54,6.27,0.0,594,371884,买盘,601212,2025-10-17 22:45:13
10:24:57,6.27,0.0,279,174770,买盘,601212,2025-10-17 22:45:13
10:25:00,6.26,-0.01,628,393501,卖盘,601212,2025-10-17 22:45:13
10:25:03,6.26,0.0,375,234792,卖盘,601212,2025-10-17 22:45:13
10:25:06,6.27,0.01,106,66444,买盘,601212,2025-10-17 22:45:13
10:25:09,6.27,0.0,1140,713763,买盘,601212,2025-10-17 22:45:13
10:25:12,6.26,-0.01,250,156497,卖盘,601212,2025-10-17 22:45:13
10:25:15,6.27,0.01,196,122765,买盘,601212,2025-10-17 22:45:13
10:25:18,6.27,0.0,301,188691,买盘,601212,2025-10-17 22:45:13
10:25:21,6.27,0.0,548,343593,买盘,601212,2025-10-17 22:45:13
10:25:24,6.27,0.0,412,258182,买盘,601212,2025-10-17 22:45:13
10:25:27,6.27,0.0,368,230709,买盘,601212,2025-10-17 22:45:13
10:25:30,6.27,0.0,195,122194,买盘,601212,2025-10-17 22:45:13
10:25:33,6.28,0.01,175,109741,买盘,601212,2025-10-17 22:45:13
10:25:36,6.28,0.0,79,49603,买盘,601212,2025-10-17 22:45:13
10:25:39,6.28,0.0,1603,1006602,买盘,601212,2025-10-17 22:45:13
10:25:42,6.27,-0.01,459,288150,卖盘,601212,2025-10-17 22:45:13
10:25:45,6.28,0.01,141,88543,买盘,601212,2025-10-17 22:45:13
10:25:48,6.28,0.0,280,175669,买盘,601212,2025-10-17 22:45:13
10:25:51,6.28,0.0,431,270665,买盘,601212,2025-10-17 22:45:13
10:25:54,6.28,0.0,951,597166,买盘,601212,2025-10-17 22:45:13
10:25:57,6.27,-0.01,707,443953,卖盘,601212,2025-10-17 22:45:13
10:26:00,6.28,0.01,253,158776,买盘,601212,2025-10-17 22:45:13
10:26:03,6.27,-0.01,1640,1031177,卖盘,601212,2025-10-17 22:45:13
10:26:06,6.28,0.01,1402,879241,买盘,601212,2025-10-17 22:45:13
10:26:09,6.28,0.0,150,94184,买盘,601212,2025-10-17 22:45:13
10:26:12,6.28,0.0,256,160562,买盘,601212,2025-10-17 22:45:13
10:26:15,6.28,0.0,478,299778,买盘,601212,2025-10-17 22:45:13
10:26:18,6.28,0.0,2072,1300768,买盘,601212,2025-10-17 22:45:13
10:26:21,6.27,-0.01,159,99819,卖盘,601212,2025-10-17 22:45:13
10:26:24,6.28,0.01,479,300656,买盘,601212,2025-10-17 22:45:13
10:26:27,6.28,0.0,384,241085,买盘,601212,2025-10-17 22:45:13
10:26:30,6.28,0.0,88,55257,买盘,601212,2025-10-17 22:45:13
10:26:33,6.28,0.0,1379,865995,买盘,601212,2025-10-17 22:45:13
10:26:36,6.28,0.0,241,151339,买盘,601212,2025-10-17 22:45:13
10:26:39,6.28,0.0,370,232340,买盘,601212,2025-10-17 22:45:13
10:26:42,6.28,0.0,114,71539,买盘,601212,2025-10-17 22:45:13
10:26:45,6.28,0.0,406,254950,买盘,601212,2025-10-17 22:45:13
10:26:48,6.28,0.0,215,135007,买盘,601212,2025-10-17 22:45:13
10:26:51,6.28,0.0,290,181977,买盘,601212,2025-10-17 22:45:13
10:26:54,6.28,0.0,199,124909,买盘,601212,2025-10-17 22:45:13
10:26:57,6.28,0.0,257,161367,买盘,601212,2025-10-17 22:45:13
10:27:00,6.28,0.0,438,274747,买盘,601212,2025-10-17 22:45:13
10:27:03,6.28,0.0,1695,1064414,买盘,601212,2025-10-17 22:45:13
10:27:06,6.28,0.0,622,390540,买盘,601212,2025-10-17 22:45:13
10:27:09,6.28,0.0,263,165157,买盘,601212,2025-10-17 22:45:13
10:27:12,6.28,0.0,389,244092,买盘,601212,2025-10-17 22:45:13
10:27:15,6.28,0.0,948,595250,买盘,601212,2025-10-17 22:45:13
10:27:18,6.28,0.0,582,365486,买盘,601212,2025-10-17 22:45:13
10:27:21,6.28,0.0,90,56585,卖盘,601212,2025-10-17 22:45:13
10:27:24,6.29,0.01,248,155964,买盘,601212,2025-10-17 22:45:13
10:27:27,6.29,0.0,571,358831,买盘,601212,2025-10-17 22:45:13
10:27:30,6.29,0.0,354,222549,买盘,601212,2025-10-17 22:45:13
10:27:33,6.28,-0.01,325,204307,卖盘,601212,2025-10-17 22:45:13
10:27:36,6.28,0.0,121,76078,卖盘,601212,2025-10-17 22:45:13
10:27:39,6.29,0.01,773,486061,买盘,601212,2025-10-17 22:45:13
10:27:42,6.29,0.0,169,106281,买盘,601212,2025-10-17 22:45:13
10:27:45,6.29,0.0,162,101872,买盘,601212,2025-10-17 22:45:13
10:27:48,6.29,0.0,780,490328,买盘,601212,2025-10-17 22:45:13
10:27:51,6.29,0.0,341,214489,卖盘,601212,2025-10-17 22:45:13
10:27:54,6.29,0.0,266,167328,卖盘,601212,2025-10-17 22:45:13
10:27:57,6.3,0.01,128,80605,买盘,601212,2025-10-17 22:45:13
10:28:00,6.3,0.0,1064,669381,买盘,601212,2025-10-17 22:45:13
10:28:03,6.29,-0.01,1011,635689,卖盘,601212,2025-10-17 22:45:13
10:28:06,6.29,0.0,401,252141,买盘,601212,2025-10-17 22:45:13
10:28:09,6.29,0.0,210,131983,买盘,601212,2025-10-17 22:45:13
10:28:12,6.29,0.0,556,349307,买盘,601212,2025-10-17 22:45:13
10:28:15,6.29,0.0,1019,640757,买盘,601212,2025-10-17 22:45:13
10:28:18,6.29,0.0,852,535812,买盘,601212,2025-10-17 22:45:13
10:28:21,6.28,-0.01,216,135741,卖盘,601212,2025-10-17 22:45:13
10:28:24,6.29,0.01,319,200520,买盘,601212,2025-10-17 22:45:13
10:28:27,6.29,0.0,291,182915,买盘,601212,2025-10-17 22:45:13
10:28:30,6.28,-0.01,146,91823,卖盘,601212,2025-10-17 22:45:13
10:28:33,6.28,0.0,795,499303,卖盘,601212,2025-10-17 22:45:13
10:28:36,6.28,0.0,531,333491,买盘,601212,2025-10-17 22:45:13
10:28:39,6.28,0.0,236,148165,买盘,601212,2025-10-17 22:45:13
10:28:42,6.28,0.0,299,187674,买盘,601212,2025-10-17 22:45:13
10:28:45,6.28,0.0,346,217259,买盘,601212,2025-10-17 22:45:13
10:28:48,6.27,-0.01,75,47085,卖盘,601212,2025-10-17 22:45:13
10:28:51,6.27,0.0,390,244908,卖盘,601212,2025-10-17 22:45:13
10:28:54,6.28,0.01,220,138073,买盘,601212,2025-10-17 22:45:13
10:28:57,6.28,0.0,324,203463,买盘,601212,2025-10-17 22:45:13
10:29:00,6.28,0.0,270,169443,买盘,601212,2025-10-17 22:45:13
10:29:03,6.27,-0.01,2025,1269721,卖盘,601212,2025-10-17 22:45:13
10:29:06,6.26,-0.01,478,299434,卖盘,601212,2025-10-17 22:45:13
10:29:09,6.26,0.0,1411,883582,卖盘,601212,2025-10-17 22:45:13
10:29:12,6.27,0.01,771,482822,买盘,601212,2025-10-17 22:45:13
10:29:15,6.26,-0.01,701,439145,卖盘,601212,2025-10-17 22:45:13
10:29:18,6.26,0.0,1062,664847,卖盘,601212,2025-10-17 22:45:13
10:29:21,6.27,0.01,277,173540,买盘,601212,2025-10-17 22:45:13
10:29:24,6.26,-0.01,270,169101,卖盘,601212,2025-10-17 22:45:13
10:29:27,6.27,0.01,788,493628,买盘,601212,2025-10-17 22:45:13
10:29:30,6.27,0.0,266,166720,买盘,601212,2025-10-17 22:45:13
10:29:33,6.26,-0.01,482,301773,卖盘,601212,2025-10-17 22:45:13
10:29:36,6.27,0.01,129,80848,买盘,601212,2025-10-17 22:45:13
10:29:39,6.26,-0.01,366,229259,卖盘,601212,2025-10-17 22:45:13
10:29:42,6.27,0.01,104,65149,买盘,601212,2025-10-17 22:45:13
10:29:45,6.27,0.0,323,202463,买盘,601212,2025-10-17 22:45:13
10:29:48,6.26,-0.01,82,51363,卖盘,601212,2025-10-17 22:45:13
10:29:51,6.27,0.01,194,121623,买盘,601212,2025-10-17 22:45:13
10:29:54,6.26,-0.01,138,86510,卖盘,601212,2025-10-17 22:45:13
10:29:57,6.27,0.01,474,296909,买盘,601212,2025-10-17 22:45:13
10:30:00,6.26,-0.01,1131,708420,卖盘,601212,2025-10-17 22:45:13
10:30:03,6.26,0.0,1158,724978,卖盘,601212,2025-10-17 22:45:13
10:30:06,6.27,0.01,70,43836,买盘,601212,2025-10-17 22:45:13
10:30:09,6.26,-0.01,229,143468,卖盘,601212,2025-10-17 22:45:13
10:30:12,6.26,0.0,281,176033,卖盘,601212,2025-10-17 22:45:13
10:30:15,6.27,0.01,631,395195,买盘,601212,2025-10-17 22:45:13
10:30:18,6.26,-0.01,127,79510,卖盘,601212,2025-10-17 22:45:13
10:30:21,6.27,0.01,466,291829,买盘,601212,2025-10-17 22:45:13
10:30:24,6.27,0.0,64,40096,买盘,601212,2025-10-17 22:45:13
10:30:27,6.27,0.0,219,137200,买盘,601212,2025-10-17 22:45:13
10:30:30,6.27,0.0,227,142234,买盘,601212,2025-10-17 22:45:13
10:30:33,6.27,0.0,184,115331,买盘,601212,2025-10-17 22:45:13
10:30:36,6.26,-0.01,120,75182,卖盘,601212,2025-10-17 22:45:13
10:30:39,6.26,0.0,594,372340,卖盘,601212,2025-10-17 22:45:13
10:30:42,6.26,0.0,99,62002,卖盘,601212,2025-10-17 22:45:13
10:30:45,6.26,0.0,491,307409,卖盘,601212,2025-10-17 22:45:13
10:30:48,6.27,0.01,246,154098,买盘,601212,2025-10-17 22:45:13
10:30:51,6.27,0.0,434,271872,买盘,601212,2025-10-17 22:45:13
10:30:54,6.27,0.0,185,115891,买盘,601212,2025-10-17 22:45:13
10:30:57,6.27,0.0,250,156533,买盘,601212,2025-10-17 22:45:13
10:31:00,6.26,-0.01,128,80232,卖盘,601212,2025-10-17 22:45:13
10:31:03,6.27,0.01,125,78338,买盘,601212,2025-10-17 22:45:13
10:31:06,6.26,-0.01,348,218001,卖盘,601212,2025-10-17 22:45:13
10:31:09,6.26,0.0,4116,2580082,卖盘,601212,2025-10-17 22:45:13
10:31:12,6.27,0.01,265,166052,买盘,601212,2025-10-17 22:45:13
10:31:15,6.27,0.0,147,92163,买盘,601212,2025-10-17 22:45:13
10:31:18,6.27,0.0,144,90251,买盘,601212,2025-10-17 22:45:13
10:31:21,6.27,0.0,65,40723,买盘,601212,2025-10-17 22:45:13
10:31:24,6.26,-0.01,326,204274,卖盘,601212,2025-10-17 22:45:13
10:31:27,6.26,0.0,116,72695,卖盘,601212,2025-10-17 22:45:13
10:31:30,6.26,0.0,1974,1237646,卖盘,601212,2025-10-17 22:45:13
10:31:33,6.26,0.0,215,134765,卖盘,601212,2025-10-17 22:45:13
10:31:36,6.27,0.01,849,532108,买盘,601212,2025-10-17 22:45:13
10:31:39,6.26,-0.01,443,277614,卖盘,601212,2025-10-17 22:45:13
10:31:42,6.27,0.01,400,250527,买盘,601212,2025-10-17 22:45:13
10:31:45,6.27,0.0,81,50761,买盘,601212,2025-10-17 22:45:13
10:31:48,6.27,0.0,180,112815,买盘,601212,2025-10-17 22:45:13
10:31:51,6.27,0.0,57,35709,买盘,601212,2025-10-17 22:45:13
10:31:54,6.27,0.0,78,48858,买盘,601212,2025-10-17 22:45:13
10:31:57,6.27,0.0,2119,1328558,买盘,601212,2025-10-17 22:45:13
10:32:00,6.27,0.0,1563,979990,买盘,601212,2025-10-17 22:45:13
10:32:03,6.27,0.0,445,279291,卖盘,601212,2025-10-17 22:45:13
10:32:06,6.27,0.0,72,45157,卖盘,601212,2025-10-17 22:45:13
10:32:09,6.28,0.01,79,49541,买盘,601212,2025-10-17 22:45:13
10:32:12,6.28,0.0,715,448362,买盘,601212,2025-10-17 22:45:13
10:32:15,6.28,0.0,216,135609,买盘,601212,2025-10-17 22:45:13
10:32:18,6.28,0.0,372,233544,买盘,601212,2025-10-17 22:45:13
10:32:21,6.28,0.0,255,160052,买盘,601212,2025-10-17 22:45:13
10:32:24,6.28,0.0,206,129326,买盘,601212,2025-10-17 22:45:13
10:32:27,6.28,0.0,270,169485,买盘,601212,2025-10-17 22:45:13
10:32:30,6.28,0.0,124,77865,买盘,601212,2025-10-17 22:45:13
10:32:33,6.28,0.0,360,226079,买盘,601212,2025-10-17 22:45:13
10:32:36,6.28,0.0,472,296416,买盘,601212,2025-10-17 22:45:13
10:32:39,6.28,0.0,226,141928,买盘,601212,2025-10-17 22:45:13
10:32:42,6.28,0.0,245,153853,买盘,601212,2025-10-17 22:45:13
10:32:45,6.28,0.0,268,168277,买盘,601212,2025-10-17 22:45:13
10:32:48,6.27,-0.01,644,404360,卖盘,601212,2025-10-17 22:45:13
10:32:51,6.28,0.01,485,304248,买盘,601212,2025-10-17 22:45:13
10:32:54,6.28,0.0,191,119928,买盘,601212,2025-10-17 22:45:13
10:32:57,6.28,0.0,998,626680,买盘,601212,2025-10-17 22:45:13
10:33:00,6.27,-0.01,517,324543,卖盘,601212,2025-10-17 22:45:13
10:33:03,6.28,0.01,1002,628670,买盘,601212,2025-10-17 22:45:13
10:33:06,6.28,0.0,654,410663,买盘,601212,2025-10-17 22:45:13
10:33:09,6.27,-0.01,50,31368,卖盘,601212,2025-10-17 22:45:13
10:33:12,6.28,0.01,586,367969,买盘,601212,2025-10-17 22:45:13
10:33:15,6.28,0.0,294,184614,买盘,601212,2025-10-17 22:45:13
10:33:18,6.28,0.0,400,251114,买盘,601212,2025-10-17 22:45:13
10:33:21,6.28,0.0,425,266869,买盘,601212,2025-10-17 22:45:13
10:33:24,6.28,0.0,299,187770,买盘,601212,2025-10-17 22:45:13
10:33:27,6.28,0.0,1096,688283,买盘,601212,2025-10-17 22:45:13
10:33:30,6.28,0.0,41,25751,卖盘,601212,2025-10-17 22:45:13
10:33:33,6.28,0.0,185,116252,卖盘,601212,2025-10-17 22:45:13
10:33:36,6.29,0.01,36,22626,买盘,601212,2025-10-17 22:45:13
10:33:39,6.29,0.0,115,72249,买盘,601212,2025-10-17 22:45:13
10:33:42,6.29,0.0,107,67228,买盘,601212,2025-10-17 22:45:13
10:33:45,6.29,0.0,2389,1502600,买盘,601212,2025-10-17 22:45:13
10:33:48,6.29,0.0,839,527666,买盘,601212,2025-10-17 22:45:13
10:33:51,6.29,0.0,386,242793,买盘,601212,2025-10-17 22:45:13
10:33:54,6.29,0.0,116,72932,买盘,601212,2025-10-17 22:45:13
10:33:57,6.29,0.0,106,66647,买盘,601212,2025-10-17 22:45:13
10:34:00,6.28,-0.01,332,208811,卖盘,601212,2025-10-17 22:45:13
10:34:03,6.29,0.01,257,161524,买盘,601212,2025-10-17 22:45:13
10:34:06,6.28,-0.01,584,367274,卖盘,601212,2025-10-17 22:45:13
10:34:09,6.29,0.01,188,118102,买盘,601212,2025-10-17 22:45:13
10:34:12,6.28,-0.01,100,62855,卖盘,601212,2025-10-17 22:45:13
10:34:15,6.28,0.0,119,74811,卖盘,601212,2025-10-17 22:45:13
10:34:18,6.29,0.01,135,84846,买盘,601212,2025-10-17 22:45:13
10:34:21,6.29,0.0,194,121990,买盘,601212,2025-10-17 22:45:13
10:34:24,6.29,0.0,328,206215,买盘,601212,2025-10-17 22:45:13
10:34:27,6.28,-0.01,306,192278,卖盘,601212,2025-10-17 22:45:13
10:34:30,6.28,0.0,199,125069,卖盘,601212,2025-10-17 22:45:13
10:34:33,6.29,0.01,358,224945,买盘,601212,2025-10-17 22:45:13
10:34:36,6.29,0.0,198,124441,买盘,601212,2025-10-17 22:45:13
10:34:39,6.29,0.0,1316,826813,买盘,601212,2025-10-17 22:45:13
10:34:42,6.29,0.0,563,354056,买盘,601212,2025-10-17 22:45:13
10:34:45,6.29,0.0,148,93049,买盘,601212,2025-10-17 22:45:13
10:34:48,6.28,-0.01,2395,1504234,卖盘,601212,2025-10-17 22:45:13
10:34:51,6.28,0.0,273,171437,买盘,601212,2025-10-17 22:45:13
10:34:54,6.28,0.0,156,97968,买盘,601212,2025-10-17 22:45:13
10:34:57,6.27,-0.01,263,165142,卖盘,601212,2025-10-17 22:45:13
10:35:00,6.27,0.0,76,47708,卖盘,601212,2025-10-17 22:45:13
10:35:03,6.28,0.01,215,134984,买盘,601212,2025-10-17 22:45:13
10:35:06,6.28,0.0,105,65927,买盘,601212,2025-10-17 22:45:13
10:35:09,6.28,0.0,496,311426,买盘,601212,2025-10-17 22:45:13
10:35:12,6.28,0.0,512,321427,买盘,601212,2025-10-17 22:45:13
10:35:15,6.27,-0.01,399,250487,卖盘,601212,2025-10-17 22:45:13
10:35:18,6.28,0.01,104,65243,买盘,601212,2025-10-17 22:45:13
10:35:21,6.28,0.0,91,57110,买盘,601212,2025-10-17 22:45:13
10:35:24,6.28,0.0,354,222078,买盘,601212,2025-10-17 22:45:13
10:35:27,6.27,-0.01,143,89746,卖盘,601212,2025-10-17 22:45:13
10:35:30,6.28,0.01,59,37033,买盘,601212,2025-10-17 22:45:13
10:35:33,6.28,0.0,152,95393,买盘,601212,2025-10-17 22:45:13
10:35:36,6.28,0.0,119,74626,买盘,601212,2025-10-17 22:45:13
10:35:39,6.28,0.0,158,99192,买盘,601212,2025-10-17 22:45:13
10:35:42,6.27,-0.01,161,101058,卖盘,601212,2025-10-17 22:45:13
10:35:45,6.27,0.0,2427,1524132,卖盘,601212,2025-10-17 22:45:13
10:35:48,6.28,0.01,114,71555,买盘,601212,2025-10-17 22:45:13
10:35:51,6.28,0.0,66,41435,买盘,601212,2025-10-17 22:45:13
10:35:54,6.27,-0.01,110,69067,卖盘,601212,2025-10-17 22:45:13
10:35:57,6.28,0.01,517,324613,买盘,601212,2025-10-17 22:45:13
10:36:00,6.27,-0.01,558,350371,卖盘,601212,2025-10-17 22:45:13
10:36:03,6.28,0.01,173,108565,买盘,601212,2025-10-17 22:45:13
10:36:06,6.28,0.0,363,227701,买盘,601212,2025-10-17 22:45:13
10:36:09,6.27,-0.01,141,88425,卖盘,601212,2025-10-17 22:45:13
10:36:12,6.27,0.0,220,138081,卖盘,601212,2025-10-17 22:45:13
10:36:15,6.27,0.0,1112,697280,卖盘,601212,2025-10-17 22:45:13
10:36:18,6.26,-0.01,5930,3717170,卖盘,601212,2025-10-17 22:45:13
10:36:21,6.26,0.0,3960,2479238,卖盘,601212,2025-10-17 22:45:13
10:36:24,6.25,-0.01,1627,1017300,卖盘,601212,2025-10-17 22:45:13
10:36:27,6.25,0.0,2643,1651990,卖盘,601212,2025-10-17 22:45:13
10:36:30,6.25,0.0,883,551886,卖盘,601212,2025-10-17 22:45:13
10:36:33,6.25,0.0,981,613230,卖盘,601212,2025-10-17 22:45:13
10:36:36,6.25,0.0,988,617645,卖盘,601212,2025-10-17 22:45:13
10:36:39,6.25,0.0,1910,1193767,卖盘,601212,2025-10-17 22:45:13
10:36:42,6.25,0.0,745,465639,卖盘,601212,2025-10-17 22:45:13
10:36:45,6.25,0.0,1555,971886,卖盘,601212,2025-10-17 22:45:13
10:36:48,6.25,0.0,1253,783151,卖盘,601212,2025-10-17 22:45:13
10:36:51,6.25,0.0,883,552119,卖盘,601212,2025-10-17 22:45:13
10:36:54,6.25,0.0,423,264583,卖盘,601212,2025-10-17 22:45:13
10:36:57,6.25,0.0,413,258060,买盘,601212,2025-10-17 22:45:13
10:37:00,6.24,-0.01,260,162439,卖盘,601212,2025-10-17 22:45:13
10:37:03,6.24,0.0,1182,737757,卖盘,601212,2025-10-17 22:45:13
10:37:06,6.24,0.0,927,578678,卖盘,601212,2025-10-17 22:45:13
10:37:09,6.25,0.01,4041,2521659,买盘,601212,2025-10-17 22:45:13
10:37:12,6.25,0.0,1972,1230873,买盘,601212,2025-10-17 22:45:13
10:37:15,6.24,-0.01,342,213477,卖盘,601212,2025-10-17 22:45:13
10:37:18,6.24,0.0,406,253414,卖盘,601212,2025-10-17 22:45:13
10:37:21,6.23,-0.01,1008,628975,卖盘,601212,2025-10-17 22:45:13
10:37:24,6.23,0.0,458,285519,卖盘,601212,2025-10-17 22:45:13
10:37:27,6.23,0.0,561,349527,卖盘,601212,2025-10-17 22:45:13
10:37:30,6.23,0.0,768,478540,卖盘,601212,2025-10-17 22:45:13
10:37:33,6.23,0.0,1068,665389,卖盘,601212,2025-10-17 22:45:13
10:37:36,6.23,0.0,5211,3242275,卖盘,601212,2025-10-17 22:45:13
10:37:39,6.23,0.0,745,463660,买盘,601212,2025-10-17 22:45:13
10:37:42,6.22,-0.01,675,420052,卖盘,601212,2025-10-17 22:45:13
10:37:45,6.21,-0.01,1226,762555,卖盘,601212,2025-10-17 22:45:13
10:37:48,6.21,0.0,1986,1235339,卖盘,601212,2025-10-17 22:45:13
10:37:51,6.21,0.0,1525,947591,卖盘,601212,2025-10-17 22:45:13
10:37:54,6.21,0.0,2224,1381466,卖盘,601212,2025-10-17 22:45:13
10:37:57,6.21,0.0,803,498139,卖盘,601212,2025-10-17 22:45:13
10:38:00,6.21,0.0,822,510170,买盘,601212,2025-10-17 22:45:13
10:38:03,6.2,-0.01,553,342992,卖盘,601212,2025-10-17 22:45:13
10:38:06,6.21,0.01,3352,2079838,买盘,601212,2025-10-17 22:45:13
10:38:09,6.23,0.02,3406,2117659,买盘,601212,2025-10-17 22:45:13
10:38:12,6.23,0.0,1096,682777,中性盘,601212,2025-10-17 22:45:13
10:38:15,6.23,0.0,279,173821,卖盘,601212,2025-10-17 22:45:13
10:38:18,6.23,0.0,301,187638,卖盘,601212,2025-10-17 22:45:13
10:38:21,6.23,0.0,776,483425,卖盘,601212,2025-10-17 22:45:13
10:38:24,6.23,0.0,422,262875,买盘,601212,2025-10-17 22:45:13
10:38:27,6.23,0.0,429,267185,买盘,601212,2025-10-17 22:45:13
10:38:30,6.22,-0.01,1231,766420,卖盘,601212,2025-10-17 22:45:13
10:38:33,6.22,0.0,302,187893,买盘,601212,2025-10-17 22:45:13
10:38:36,6.22,0.0,1450,900773,买盘,601212,2025-10-17 22:45:13
10:38:39,6.22,0.0,377,234429,买盘,601212,2025-10-17 22:45:13
10:38:42,6.22,0.0,914,567881,买盘,601212,2025-10-17 22:45:13
10:38:45,6.22,0.0,687,427223,买盘,601212,2025-10-17 22:45:13
10:38:48,6.21,-0.01,329,204398,卖盘,601212,2025-10-17 22:45:13
10:38:51,6.21,0.0,2431,1508074,卖盘,601212,2025-10-17 22:45:13
10:38:54,6.21,0.0,316,196171,卖盘,601212,2025-10-17 22:45:13
10:38:57,6.21,0.0,327,202908,买盘,601212,2025-10-17 22:45:13
10:39:00,6.2,-0.01,923,572381,卖盘,601212,2025-10-17 22:45:13
10:39:03,6.21,0.01,2440,1512868,买盘,601212,2025-10-17 22:45:13
10:39:06,6.2,-0.01,2598,1612313,卖盘,601212,2025-10-17 22:45:13
10:39:09,6.21,0.01,1624,1007325,买盘,601212,2025-10-17 22:45:13
10:39:12,6.21,0.0,3943,2447856,买盘,601212,2025-10-17 22:45:13
10:39:15,6.2,-0.01,1901,1179087,卖盘,601212,2025-10-17 22:45:13
10:39:18,6.2,0.0,779,483555,卖盘,601212,2025-10-17 22:45:13
10:39:21,6.21,0.01,357,221576,买盘,601212,2025-10-17 22:45:13
10:39:24,6.21,0.0,692,429738,卖盘,601212,2025-10-17 22:45:13
10:39:27,6.22,0.01,416,258392,买盘,601212,2025-10-17 22:45:13
10:39:30,6.21,-0.01,358,222259,卖盘,601212,2025-10-17 22:45:13
10:39:33,6.2,-0.01,389,241562,卖盘,601212,2025-10-17 22:45:13
10:39:36,6.2,0.0,304,188632,卖盘,601212,2025-10-17 22:45:13
10:39:39,6.21,0.01,579,359107,买盘,601212,2025-10-17 22:45:13
10:39:42,6.21,0.0,624,387341,买盘,601212,2025-10-17 22:45:13
10:39:45,6.21,0.0,534,331359,买盘,601212,2025-10-17 22:45:13
10:39:48,6.21,0.0,663,411307,买盘,601212,2025-10-17 22:45:13
10:39:51,6.2,-0.01,459,284782,卖盘,601212,2025-10-17 22:45:13
10:39:54,6.21,0.01,238,147600,买盘,601212,2025-10-17 22:45:13
10:39:57,6.2,-0.01,693,429738,卖盘,601212,2025-10-17 22:45:13
10:40:00,6.21,0.01,762,473070,买盘,601212,2025-10-17 22:45:13
10:40:03,6.21,0.0,977,606407,买盘,601212,2025-10-17 22:45:13
10:40:06,6.21,0.0,3480,2163552,买盘,601212,2025-10-17 22:45:13
10:40:09,6.21,0.0,725,450633,卖盘,601212,2025-10-17 22:45:13
10:40:12,6.21,0.0,1135,704701,卖盘,601212,2025-10-17 22:45:13
10:40:15,6.21,0.0,774,480287,买盘,601212,2025-10-17 22:45:13
10:40:18,6.21,0.0,1261,783054,买盘,601212,2025-10-17 22:45:13
10:40:21,6.21,0.0,1171,726578,买盘,601212,2025-10-17 22:45:13
10:40:24,6.21,0.0,2228,1383275,买盘,601212,2025-10-17 22:45:13
10:40:27,6.21,0.0,946,587354,买盘,601212,2025-10-17 22:45:13
10:40:30,6.21,0.0,335,208040,买盘,601212,2025-10-17 22:45:13
10:40:33,6.21,0.0,205,127331,卖盘,601212,2025-10-17 22:45:13
10:40:36,6.21,0.0,1053,653944,卖盘,601212,2025-10-17 22:45:13
10:40:39,6.21,0.0,1840,1144218,卖盘,601212,2025-10-17 22:45:13
10:40:42,6.22,0.01,438,272151,买盘,601212,2025-10-17 22:45:13
10:40:45,6.22,0.0,653,405734,买盘,601212,2025-10-17 22:45:13
10:40:48,6.22,0.0,835,518765,买盘,601212,2025-10-17 22:45:13
10:40:51,6.22,0.0,259,161094,买盘,601212,2025-10-17 22:45:13
10:40:54,6.22,0.0,1344,835909,买盘,601212,2025-10-17 22:45:13
10:40:57,6.21,-0.01,1006,625578,卖盘,601212,2025-10-17 22:45:13
10:41:00,6.22,0.01,194,120582,买盘,601212,2025-10-17 22:45:13
10:41:03,6.22,0.0,330,205191,买盘,601212,2025-10-17 22:45:13
10:41:06,6.22,0.0,906,563523,买盘,601212,2025-10-17 22:45:13
10:41:09,6.21,-0.01,1934,1203391,卖盘,601212,2025-10-17 22:45:13
10:41:12,6.23,0.02,50,31149,买盘,601212,2025-10-17 22:45:13
10:41:15,6.22,-0.01,90,56025,卖盘,601212,2025-10-17 22:45:13
10:41:18,6.23,0.01,482,300278,买盘,601212,2025-10-17 22:45:13
10:41:21,6.23,0.0,337,209725,买盘,601212,2025-10-17 22:45:13
10:41:24,6.23,0.0,172,107147,买盘,601212,2025-10-17 22:45:13
10:41:27,6.23,0.0,1548,963342,买盘,601212,2025-10-17 22:45:13
10:41:30,6.23,0.0,303,188739,买盘,601212,2025-10-17 22:45:13
10:41:33,6.23,0.0,677,421757,买盘,601212,2025-10-17 22:45:13
10:41:36,6.23,0.0,121,75380,买盘,601212,2025-10-17 22:45:13
10:41:39,6.23,0.0,435,270953,买盘,601212,2025-10-17 22:45:13
10:41:42,6.22,-0.01,539,335633,卖盘,601212,2025-10-17 22:45:13
10:41:45,6.22,0.0,511,318323,卖盘,601212,2025-10-17 22:45:13
10:41:48,6.23,0.01,517,321916,买盘,601212,2025-10-17 22:45:13
10:41:51,6.23,0.0,309,192443,买盘,601212,2025-10-17 22:45:13
10:41:54,6.23,0.0,509,317103,买盘,601212,2025-10-17 22:45:13
10:41:57,6.23,0.0,423,263365,买盘,601212,2025-10-17 22:45:13
10:42:00,6.23,0.0,578,360093,买盘,601212,2025-10-17 22:45:13
10:42:03,6.23,0.0,374,232762,买盘,601212,2025-10-17 22:45:13
10:42:06,6.23,0.0,510,317685,买盘,601212,2025-10-17 22:45:13
10:42:09,6.23,0.0,244,151990,买盘,601212,2025-10-17 22:45:13
10:42:12,6.23,0.0,344,214293,买盘,601212,2025-10-17 22:45:13
10:42:15,6.22,-0.01,221,137615,卖盘,601212,2025-10-17 22:45:13
10:42:18,6.22,0.0,757,470958,卖盘,601212,2025-10-17 22:45:13
10:42:21,6.22,0.0,2562,1593396,卖盘,601212,2025-10-17 22:45:13
10:42:24,6.22,0.0,248,154169,买盘,601212,2025-10-17 22:45:13
10:42:27,6.21,-0.01,184,114429,卖盘,601212,2025-10-17 22:45:13
10:42:30,6.21,0.0,415,258011,卖盘,601212,2025-10-17 22:45:13
10:42:33,6.22,0.01,1207,749820,买盘,601212,2025-10-17 22:45:13
10:42:36,6.21,-0.01,399,247791,卖盘,601212,2025-10-17 22:45:13
10:42:39,6.22,0.01,809,502885,买盘,601212,2025-10-17 22:45:13
10:42:42,6.22,0.0,597,371232,买盘,601212,2025-10-17 22:45:13
10:42:45,6.22,0.0,585,363851,买盘,601212,2025-10-17 22:45:13
10:42:48,6.22,0.0,446,277412,卖盘,601212,2025-10-17 22:45:13
10:42:51,6.22,0.0,811,504449,卖盘,601212,2025-10-17 22:45:13
10:42:54,6.22,0.0,383,238117,买盘,601212,2025-10-17 22:45:13
10:42:57,6.21,-0.01,725,450370,卖盘,601212,2025-10-17 22:45:13
10:43:00,6.22,0.01,433,269264,买盘,601212,2025-10-17 22:45:13
10:43:03,6.21,-0.01,899,558757,卖盘,601212,2025-10-17 22:45:13
10:43:06,6.22,0.01,860,534308,买盘,601212,2025-10-17 22:45:13
10:43:09,6.21,-0.01,899,558311,卖盘,601212,2025-10-17 22:45:13
10:43:12,6.21,0.0,1748,1084697,卖盘,601212,2025-10-17 22:45:13
10:43:15,6.21,0.0,764,474024,买盘,601212,2025-10-17 22:45:13
10:43:18,6.2,-0.01,2588,1605324,卖盘,601212,2025-10-17 22:45:13
10:43:21,6.21,0.01,237,147081,买盘,601212,2025-10-17 22:45:13
10:43:24,6.21,0.0,448,277821,买盘,601212,2025-10-17 22:45:13
10:43:27,6.2,-0.01,1104,684566,卖盘,601212,2025-10-17 22:45:13
10:43:30,6.21,0.01,1424,883195,买盘,601212,2025-10-17 22:45:13
10:43:33,6.19,-0.02,2244,1391083,卖盘,601212,2025-10-17 22:45:13
10:43:36,6.19,0.0,364,225484,卖盘,601212,2025-10-17 22:45:13
10:43:39,6.19,0.0,543,336189,卖盘,601212,2025-10-17 22:45:13
10:43:42,6.2,0.01,953,589926,买盘,601212,2025-10-17 22:45:13
10:43:45,6.2,0.0,2581,1597777,买盘,601212,2025-10-17 22:45:13
10:43:48,6.2,0.0,2600,1609538,买盘,601212,2025-10-17 22:45:13
10:43:51,6.19,-0.01,1098,679198,卖盘,601212,2025-10-17 22:45:13
10:43:54,6.19,0.0,3244,2008061,买盘,601212,2025-10-17 22:45:13
10:43:57,6.19,0.0,900,557491,卖盘,601212,2025-10-17 22:45:13
10:44:00,6.19,0.0,1262,781624,买盘,601212,2025-10-17 22:45:13
10:44:03,6.19,0.0,870,538563,卖盘,601212,2025-10-17 22:45:13
10:44:06,6.2,0.01,2595,1606883,买盘,601212,2025-10-17 22:45:13
10:44:09,6.19,-0.01,2120,1313384,卖盘,601212,2025-10-17 22:45:13
10:44:12,6.2,0.01,3044,1887128,买盘,601212,2025-10-17 22:45:13
10:44:15,6.2,0.0,1666,1033764,卖盘,601212,2025-10-17 22:45:13
10:44:18,6.2,0.0,526,325959,卖盘,601212,2025-10-17 22:45:13
10:44:21,6.2,0.0,742,460113,卖盘,601212,2025-10-17 22:45:13
10:44:24,6.2,0.0,474,293717,买盘,601212,2025-10-17 22:45:13
10:44:27,6.2,0.0,517,320494,买盘,601212,2025-10-17 22:45:13
10:44:30,6.2,0.0,248,153573,买盘,601212,2025-10-17 22:45:13
10:44:33,6.2,0.0,256,158680,买盘,601212,2025-10-17 22:45:13
10:44:36,6.19,-0.01,371,229734,卖盘,601212,2025-10-17 22:45:13
10:44:39,6.19,0.0,366,226789,卖盘,601212,2025-10-17 22:45:13
10:44:42,6.19,0.0,681,421765,卖盘,601212,2025-10-17 22:45:13
10:44:45,6.19,0.0,341,211130,卖盘,601212,2025-10-17 22:45:13
10:44:48,6.2,0.01,1120,693291,买盘,601212,2025-10-17 22:45:13
10:44:51,6.2,0.0,311,192505,买盘,601212,2025-10-17 22:45:13
10:44:54,6.18,-0.02,276,170793,卖盘,601212,2025-10-17 22:45:13
10:44:57,6.19,0.01,197,121857,买盘,601212,2025-10-17 22:45:13
10:45:00,6.19,0.0,148,91604,买盘,601212,2025-10-17 22:45:13
10:45:03,6.19,0.0,2766,1710088,买盘,601212,2025-10-17 22:45:13
10:45:06,6.19,0.0,347,214960,买盘,601212,2025-10-17 22:45:13
10:45:09,6.18,-0.01,658,407062,卖盘,601212,2025-10-17 22:45:13
10:45:12,6.19,0.01,340,210374,买盘,601212,2025-10-17 22:45:13
10:45:15,6.19,0.0,404,249847,买盘,601212,2025-10-17 22:45:13
10:45:18,6.19,0.0,692,427854,买盘,601212,2025-10-17 22:45:13
10:45:21,6.19,0.0,390,241156,买盘,601212,2025-10-17 22:45:13
10:45:24,6.18,-0.01,418,258413,卖盘,601212,2025-10-17 22:45:13
10:45:27,6.18,0.0,539,333212,卖盘,601212,2025-10-17 22:45:13
10:45:30,6.18,0.0,928,573666,卖盘,601212,2025-10-17 22:45:13
10:45:33,6.18,0.0,556,343671,卖盘,601212,2025-10-17 22:45:13
10:45:36,6.18,0.0,481,297294,卖盘,601212,2025-10-17 22:45:13
10:45:39,6.19,0.01,1413,873523,买盘,601212,2025-10-17 22:45:13
10:45:42,6.18,-0.01,2478,1531406,卖盘,601212,2025-10-17 22:45:13
10:45:45,6.18,0.0,1558,963633,卖盘,601212,2025-10-17 22:45:13
10:45:48,6.18,0.0,1454,898666,卖盘,601212,2025-10-17 22:45:13
10:45:51,6.18,0.0,544,336193,卖盘,601212,2025-10-17 22:45:13
10:45:54,6.18,0.0,1137,702701,卖盘,601212,2025-10-17 22:45:13
10:45:57,6.18,0.0,727,449316,卖盘,601212,2025-10-17 22:45:13
10:46:00,6.18,0.0,1755,1084830,卖盘,601212,2025-10-17 22:45:13
10:46:03,6.18,0.0,1755,1085087,卖盘,601212,2025-10-17 22:45:13
10:46:06,6.18,0.0,628,387604,买盘,601212,2025-10-17 22:45:13
10:46:09,6.17,-0.01,232,143192,卖盘,601212,2025-10-17 22:45:13
10:46:12,6.18,0.01,301,185791,买盘,601212,2025-10-17 22:45:13
10:46:15,6.18,0.0,487,300647,买盘,601212,2025-10-17 22:45:13
10:46:18,6.17,-0.01,197,121605,卖盘,601212,2025-10-17 22:45:13
10:46:21,6.17,0.0,750,462816,卖盘,601212,2025-10-17 22:45:13
10:46:24,6.17,0.0,456,281448,卖盘,601212,2025-10-17 22:45:13
10:46:27,6.17,0.0,602,371455,卖盘,601212,2025-10-17 22:45:13
10:46:30,6.17,0.0,409,252388,卖盘,601212,2025-10-17 22:45:13
10:46:33,6.17,0.0,627,386900,卖盘,601212,2025-10-17 22:45:13
10:46:36,6.17,0.0,9521,5866731,卖盘,601212,2025-10-17 22:45:13
10:46:39,6.17,0.0,707,436095,买盘,601212,2025-10-17 22:45:13
10:46:42,6.16,-0.01,775,477531,卖盘,601212,2025-10-17 22:45:13
10:46:45,6.16,0.0,5539,3408989,卖盘,601212,2025-10-17 22:45:13
10:46:48,6.16,0.0,568,349632,买盘,601212,2025-10-17 22:45:13
10:46:51,6.15,-0.01,1015,624775,卖盘,601212,2025-10-17 22:45:13
10:46:54,6.16,0.01,1199,737503,买盘,601212,2025-10-17 22:45:13
10:46:57,6.16,0.0,1162,714694,买盘,601212,2025-10-17 22:45:13
10:47:00,6.16,0.0,3455,2126678,买盘,601212,2025-10-17 22:45:13
10:47:03,6.16,0.0,5843,3598101,买盘,601212,2025-10-17 22:45:13
10:47:06,6.16,0.0,1566,963946,买盘,601212,2025-10-17 22:45:13
10:47:09,6.16,0.0,2739,1687898,买盘,601212,2025-10-17 22:45:13
10:47:12,6.16,0.0,1193,735191,卖盘,601212,2025-10-17 22:45:13
10:47:15,6.16,0.0,2706,1668078,卖盘,601212,2025-10-17 22:45:13
10:47:18,6.16,0.0,309,190404,卖盘,601212,2025-10-17 22:45:13
10:47:21,6.16,0.0,763,470229,卖盘,601212,2025-10-17 22:45:13
10:47:24,6.16,0.0,706,434986,卖盘,601212,2025-10-17 22:45:13
10:47:27,6.16,0.0,513,315995,卖盘,601212,2025-10-17 22:45:13
10:47:30,6.16,0.0,938,578218,卖盘,601212,2025-10-17 22:45:13
10:47:33,6.16,0.0,1500,924086,卖盘,601212,2025-10-17 22:45:13
10:47:36,6.15,-0.01,344,211780,卖盘,601212,2025-10-17 22:45:13
10:47:39,6.16,0.01,458,281832,买盘,601212,2025-10-17 22:45:13
10:47:42,6.15,-0.01,1464,900444,卖盘,601212,2025-10-17 22:45:13
10:47:45,6.15,0.0,2068,1271837,卖盘,601212,2025-10-17 22:45:13
10:47:48,6.15,0.0,1151,707757,买盘,601212,2025-10-17 22:45:13
10:47:51,6.14,-0.01,4470,2744791,卖盘,601212,2025-10-17 22:45:13
10:47:54,6.13,-0.01,625,383611,卖盘,601212,2025-10-17 22:45:13
10:47:57,6.14,0.01,1149,705178,买盘,601212,2025-10-17 22:45:13
10:48:00,6.14,0.0,563,345210,买盘,601212,2025-10-17 22:45:13
10:48:03,6.13,-0.01,7450,4572723,卖盘,601212,2025-10-17 22:45:13
10:48:06,6.13,0.0,1158,710181,卖盘,601212,2025-10-17 22:45:13
10:48:09,6.13,0.0,729,447050,卖盘,601212,2025-10-17 22:45:13
10:48:12,6.14,0.01,1183,725685,买盘,601212,2025-10-17 22:45:13
10:48:15,6.13,-0.01,688,422191,卖盘,601212,2025-10-17 22:45:13
10:48:18,6.13,0.0,977,599116,买盘,601212,2025-10-17 22:45:13
10:48:21,6.14,0.01,519,318461,买盘,601212,2025-10-17 22:45:13
10:48:24,6.14,0.0,976,599252,卖盘,601212,2025-10-17 22:45:13
10:48:27,6.14,0.0,1336,820310,买盘,601212,2025-10-17 22:45:13
10:48:30,6.14,0.0,1371,841770,卖盘,601212,2025-10-17 22:45:13
10:48:33,6.13,-0.01,667,409080,卖盘,601212,2025-10-17 22:45:13
10:48:36,6.13,0.0,457,280486,卖盘,601212,2025-10-17 22:45:13
10:48:39,6.14,0.01,757,464261,买盘,601212,2025-10-17 22:45:13
10:48:42,6.14,0.0,510,312980,买盘,601212,2025-10-17 22:45:13
10:48:45,6.14,0.0,633,388499,买盘,601212,2025-10-17 22:45:13
10:48:48,6.13,-0.01,556,340919,卖盘,601212,2025-10-17 22:45:13
10:48:51,6.13,0.0,450,276087,卖盘,601212,2025-10-17 22:45:13
10:48:54,6.13,0.0,355,217761,卖盘,601212,2025-10-17 22:45:13
10:48:57,6.14,0.01,3266,2005188,买盘,601212,2025-10-17 22:45:13
10:49:00,6.15,0.01,532,326710,买盘,601212,2025-10-17 22:45:13
10:49:03,6.14,-0.01,1935,1189895,卖盘,601212,2025-10-17 22:45:13
10:49:06,6.14,0.0,625,384207,卖盘,601212,2025-10-17 22:45:13
10:49:09,6.15,0.01,355,218225,买盘,601212,2025-10-17 22:45:13
10:49:12,6.15,0.0,518,318451,买盘,601212,2025-10-17 22:45:13
10:49:15,6.15,0.0,1592,978008,买盘,601212,2025-10-17 22:45:13
10:49:18,6.15,0.0,1297,797638,卖盘,601212,2025-10-17 22:45:13
10:49:21,6.16,0.01,404,248693,买盘,601212,2025-10-17 22:45:13
10:49:24,6.16,0.0,600,369342,买盘,601212,2025-10-17 22:45:13
10:49:27,6.16,0.0,609,375116,买盘,601212,2025-10-17 22:45:13
10:49:30,6.16,0.0,801,493407,买盘,601212,2025-10-17 22:45:13
10:49:33,6.16,0.0,2010,1237046,买盘,601212,2025-10-17 22:45:13
10:49:36,6.15,-0.01,867,534041,卖盘,601212,2025-10-17 22:45:13
10:49:39,6.16,0.01,582,358510,买盘,601212,2025-10-17 22:45:13
10:49:42,6.16,0.0,697,429396,卖盘,601212,2025-10-17 22:45:13
10:49:45,6.16,0.0,434,267335,买盘,601212,2025-10-17 22:45:13
10:49:48,6.16,0.0,766,471507,买盘,601212,2025-10-17 22:45:13
10:49:51,6.16,0.0,1051,647355,买盘,601212,2025-10-17 22:45:13
10:49:54,6.16,0.0,698,429944,买盘,601212,2025-10-17 22:45:13
10:49:57,6.16,0.0,325,200182,买盘,601212,2025-10-17 22:45:13
10:50:00,6.17,0.01,1515,933261,买盘,601212,2025-10-17 22:45:13
10:50:03,6.17,0.0,361,222685,买盘,601212,2025-10-17 22:45:13
10:50:06,6.17,0.0,998,615776,买盘,601212,2025-10-17 22:45:13
10:50:09,6.18,0.01,270,166599,买盘,601212,2025-10-17 22:45:13
10:50:12,6.18,0.0,1256,775692,买盘,601212,2025-10-17 22:45:13
10:50:15,6.18,0.0,605,373827,买盘,601212,2025-10-17 22:45:13
10:50:18,6.18,0.0,623,384996,买盘,601212,2025-10-17 22:45:13
10:50:21,6.18,0.0,1549,957116,卖盘,601212,2025-10-17 22:45:13
10:50:24,6.18,0.0,1440,889356,买盘,601212,2025-10-17 22:45:13
10:50:27,6.18,0.0,833,514266,卖盘,601212,2025-10-17 22:45:13
10:50:30,6.17,-0.01,1101,679833,卖盘,601212,2025-10-17 22:45:13
10:50:33,6.18,0.01,576,355891,买盘,601212,2025-10-17 22:45:13
10:50:36,6.18,0.0,991,612303,买盘,601212,2025-10-17 22:45:13
10:50:39,6.18,0.0,402,248392,买盘,601212,2025-10-17 22:45:13
10:50:42,6.19,0.01,395,244162,买盘,601212,2025-10-17 22:45:13
10:50:45,6.18,-0.01,403,249208,卖盘,601212,2025-10-17 22:45:13
10:50:48,6.18,0.0,954,590355,卖盘,601212,2025-10-17 22:45:13
10:50:51,6.19,0.01,424,262434,买盘,601212,2025-10-17 22:45:13
10:50:54,6.19,0.0,164,101494,买盘,601212,2025-10-17 22:45:13
10:50:57,6.19,0.0,708,438039,买盘,601212,2025-10-17 22:45:13
10:51:00,6.19,0.0,312,193128,买盘,601212,2025-10-17 22:45:13
10:51:03,6.2,0.01,183,113349,买盘,601212,2025-10-17 22:45:13
10:51:06,6.2,0.0,484,300064,买盘,601212,2025-10-17 22:45:13
10:51:09,6.2,0.0,774,479864,买盘,601212,2025-10-17 22:45:13
10:51:12,6.2,0.0,348,215735,买盘,601212,2025-10-17 22:45:13
10:51:15,6.2,0.0,1042,646020,买盘,601212,2025-10-17 22:45:13
10:51:18,6.2,0.0,654,405433,买盘,601212,2025-10-17 22:45:13
10:51:21,6.19,-0.01,1327,821645,卖盘,601212,2025-10-17 22:45:13
10:51:24,6.19,0.0,712,440527,买盘,601212,2025-10-17 22:45:13
10:51:27,6.17,-0.02,3105,1918575,卖盘,601212,2025-10-17 22:45:13
10:51:30,6.17,0.0,2961,1827174,卖盘,601212,2025-10-17 22:45:13
10:51:33,6.17,0.0,1207,744768,卖盘,601212,2025-10-17 22:45:13
10:51:36,6.16,-0.01,333,205230,卖盘,601212,2025-10-17 22:45:13
10:51:39,6.16,0.0,2190,1349574,卖盘,601212,2025-10-17 22:45:13
10:51:42,6.15,-0.01,2041,1257243,卖盘,601212,2025-10-17 22:45:13
10:51:45,6.16,0.01,862,530353,买盘,601212,2025-10-17 22:45:13
10:51:48,6.15,-0.01,677,416953,卖盘,601212,2025-10-17 22:45:13
10:51:51,6.16,0.01,177,109002,买盘,601212,2025-10-17 22:45:13
10:51:54,6.16,0.0,772,475391,买盘,601212,2025-10-17 22:45:13
10:51:57,6.16,0.0,239,147187,买盘,601212,2025-10-17 22:45:13
10:52:00,6.16,0.0,1278,787001,买盘,601212,2025-10-17 22:45:13
10:52:03,6.16,0.0,676,416515,买盘,601212,2025-10-17 22:45:13
10:52:06,6.17,0.01,1188,731896,买盘,601212,2025-10-17 22:45:13
10:52:09,6.16,-0.01,121,74516,卖盘,601212,2025-10-17 22:45:13
10:52:12,6.16,0.0,109,67187,卖盘,601212,2025-10-17 22:45:13
10:52:15,6.16,0.0,207,127571,卖盘,601212,2025-10-17 22:45:13
10:52:18,6.17,0.01,206,127067,买盘,601212,2025-10-17 22:45:13
10:52:21,6.17,0.0,56,34529,买盘,601212,2025-10-17 22:45:13
10:52:24,6.16,-0.01,128,78868,卖盘,601212,2025-10-17 22:45:13
10:52:27,6.17,0.01,333,205362,买盘,601212,2025-10-17 22:45:13
