时间,成交价,价格变动,成交量,成交额,买卖盘性质,股票代码,采集时间
09:25:00,7.49,0.0,32009,23974741,卖盘,601288,2025-10-17 22:48:29
09:30:00,7.48,-0.01,2312,1729290,卖盘,601288,2025-10-17 22:48:29
09:30:03,7.49,0.01,12801,9586226,买盘,601288,2025-10-17 22:48:29
09:30:06,7.49,0.0,7158,5355255,买盘,601288,2025-10-17 22:48:29
09:30:09,7.49,0.0,8653,6475772,买盘,601288,2025-10-17 22:48:29
09:30:12,7.49,0.0,9232,6913319,买盘,601288,2025-10-17 22:48:29
09:30:15,7.49,0.0,2944,2204498,买盘,601288,2025-10-17 22:48:29
09:30:18,7.49,0.0,2960,2217353,卖盘,601288,2025-10-17 22:48:29
09:30:21,7.5,0.01,10145,7604394,买盘,601288,2025-10-17 22:48:29
09:30:24,7.5,0.0,6466,4847167,买盘,601288,2025-10-17 22:48:29
09:30:27,7.51,0.01,3444,2584763,买盘,601288,2025-10-17 22:48:29
09:30:30,7.51,0.0,9906,7437160,买盘,601288,2025-10-17 22:48:29
09:30:33,7.51,0.0,1491,1120455,卖盘,601288,2025-10-17 22:48:29
09:30:36,7.52,0.01,7031,5286896,买盘,601288,2025-10-17 22:48:29
09:30:39,7.52,0.0,9528,7165304,买盘,601288,2025-10-17 22:48:29
09:30:42,7.53,0.01,14350,10803810,买盘,601288,2025-10-17 22:48:29
09:30:45,7.53,0.0,4707,3543686,买盘,601288,2025-10-17 22:48:29
09:30:48,7.53,0.0,8847,6668900,卖盘,601288,2025-10-17 22:48:29
09:30:51,7.54,0.01,8513,6415693,买盘,601288,2025-10-17 22:48:29
09:30:54,7.54,0.0,8275,6240290,买盘,601288,2025-10-17 22:48:29
09:30:57,7.55,0.01,5093,3842137,买盘,601288,2025-10-17 22:48:29
09:31:00,7.55,0.0,21141,15952205,买盘,601288,2025-10-17 22:48:29
09:31:03,7.55,0.0,7655,5776429,买盘,601288,2025-10-17 22:48:29
09:31:06,7.55,0.0,13301,10039459,买盘,601288,2025-10-17 22:48:29
09:31:09,7.56,0.01,6391,4830004,买盘,601288,2025-10-17 22:48:29
09:31:12,7.55,-0.01,14003,10572534,卖盘,601288,2025-10-17 22:48:29
09:31:15,7.55,0.0,6829,5157030,买盘,601288,2025-10-17 22:48:29
09:31:18,7.55,0.0,6227,4701998,卖盘,601288,2025-10-17 22:48:29
09:31:21,7.54,-0.01,12119,9147436,卖盘,601288,2025-10-17 22:48:29
09:31:24,7.54,0.0,2071,1561464,买盘,601288,2025-10-17 22:48:29
09:31:27,7.53,-0.01,17445,13130365,卖盘,601288,2025-10-17 22:48:29
09:31:30,7.52,-0.01,14509,10908932,中性盘,601288,2025-10-17 22:48:29
09:31:33,7.51,-0.01,12580,9451480,卖盘,601288,2025-10-17 22:48:29
09:31:36,7.5,-0.01,9352,7022201,卖盘,601288,2025-10-17 22:48:29
09:31:39,7.5,0.0,6073,4563491,卖盘,601288,2025-10-17 22:48:29
09:31:42,7.52,0.02,3096,2324139,买盘,601288,2025-10-17 22:48:29
09:31:45,7.5,-0.02,7060,5297246,卖盘,601288,2025-10-17 22:48:29
09:31:48,7.5,0.0,4932,3703079,卖盘,601288,2025-10-17 22:48:29
09:31:51,7.5,0.0,2136,1602571,买盘,601288,2025-10-17 22:48:29
09:31:54,7.5,0.0,6000,4500653,卖盘,601288,2025-10-17 22:48:29
09:31:57,7.5,0.0,4134,3100978,买盘,601288,2025-10-17 22:48:29
09:32:00,7.51,0.01,2812,2111069,买盘,601288,2025-10-17 22:48:29
09:32:03,7.51,0.0,2082,1563736,卖盘,601288,2025-10-17 22:48:29
09:32:06,7.52,0.01,3675,2762065,买盘,601288,2025-10-17 22:48:29
09:32:09,7.51,-0.01,1026,771131,卖盘,601288,2025-10-17 22:48:29
09:32:12,7.52,0.01,4003,3010748,买盘,601288,2025-10-17 22:48:29
09:32:15,7.52,0.0,2386,1793829,卖盘,601288,2025-10-17 22:48:29
09:32:18,7.52,0.0,1829,1375458,买盘,601288,2025-10-17 22:48:29
09:32:21,7.52,0.0,2723,2048166,卖盘,601288,2025-10-17 22:48:29
09:32:24,7.52,0.0,3658,2753955,卖盘,601288,2025-10-17 22:48:29
09:32:27,7.53,0.01,3335,2509209,买盘,601288,2025-10-17 22:48:29
09:32:30,7.52,-0.01,3912,2945228,卖盘,601288,2025-10-17 22:48:29
09:32:33,7.53,0.01,2212,1664238,买盘,601288,2025-10-17 22:48:29
09:32:36,7.53,0.0,3410,2566787,买盘,601288,2025-10-17 22:48:29
09:32:39,7.52,-0.01,3316,2494428,卖盘,601288,2025-10-17 22:48:29
09:32:42,7.53,0.01,4005,3015295,买盘,601288,2025-10-17 22:48:29
09:32:45,7.53,0.0,1890,1422202,买盘,601288,2025-10-17 22:48:29
09:32:48,7.53,0.0,3780,2846338,买盘,601288,2025-10-17 22:48:29
09:32:51,7.53,0.0,1277,961315,买盘,601288,2025-10-17 22:48:29
09:32:54,7.53,0.0,3198,2407944,买盘,601288,2025-10-17 22:48:29
09:32:57,7.53,0.0,1182,889778,买盘,601288,2025-10-17 22:48:29
09:33:00,7.53,0.0,2748,2069155,买盘,601288,2025-10-17 22:48:29
09:33:03,7.53,0.0,1955,1471423,买盘,601288,2025-10-17 22:48:29
09:33:06,7.53,0.0,2899,2182233,买盘,601288,2025-10-17 22:48:29
09:33:09,7.53,0.0,5528,4157383,买盘,601288,2025-10-17 22:48:29
09:33:12,7.53,0.0,5798,4362056,买盘,601288,2025-10-17 22:48:29
09:33:15,7.52,-0.01,1503,1130220,中性盘,601288,2025-10-17 22:48:29
09:33:18,7.53,0.01,2244,1687502,买盘,601288,2025-10-17 22:48:29
09:33:21,7.52,-0.01,1444,1086855,卖盘,601288,2025-10-17 22:48:29
09:33:24,7.52,0.0,4956,3729437,卖盘,601288,2025-10-17 22:48:29
09:33:27,7.52,0.0,1169,878871,买盘,601288,2025-10-17 22:48:29
09:33:30,7.52,0.0,3261,2452332,买盘,601288,2025-10-17 22:48:29
09:33:33,7.52,0.0,1234,928362,卖盘,601288,2025-10-17 22:48:29
09:33:36,7.53,0.01,2235,1681969,买盘,601288,2025-10-17 22:48:29
09:33:39,7.52,-0.01,817,614560,卖盘,601288,2025-10-17 22:48:29
09:33:42,7.52,0.0,3507,2636942,卖盘,601288,2025-10-17 22:48:29
09:33:45,7.52,0.0,1328,998650,买盘,601288,2025-10-17 22:48:29
09:33:48,7.51,-0.01,4458,3352162,卖盘,601288,2025-10-17 22:48:29
09:33:51,7.52,0.01,827,621679,卖盘,601288,2025-10-17 22:48:29
09:33:54,7.51,-0.01,2900,2180690,卖盘,601288,2025-10-17 22:48:29
09:33:57,7.52,0.01,7527,5654934,买盘,601288,2025-10-17 22:48:29
09:34:00,7.52,0.0,4858,3652950,买盘,601288,2025-10-17 22:48:29
09:34:03,7.52,0.0,1851,1390890,买盘,601288,2025-10-17 22:48:29
09:34:06,7.52,0.0,3035,2282349,买盘,601288,2025-10-17 22:48:29
09:34:09,7.52,0.0,811,609974,卖盘,601288,2025-10-17 22:48:29
09:34:12,7.52,0.0,2329,1752792,卖盘,601288,2025-10-17 22:48:29
09:34:15,7.52,0.0,854,642433,卖盘,601288,2025-10-17 22:48:29
09:34:18,7.52,0.0,2470,1858553,卖盘,601288,2025-10-17 22:48:29
09:34:21,7.52,0.0,3951,2971293,卖盘,601288,2025-10-17 22:48:29
09:34:24,7.52,0.0,4556,3424349,买盘,601288,2025-10-17 22:48:29
09:34:27,7.51,-0.01,1602,1204071,卖盘,601288,2025-10-17 22:48:29
09:34:30,7.52,0.01,2801,2105726,买盘,601288,2025-10-17 22:48:29
09:34:33,7.52,0.0,1431,1074836,买盘,601288,2025-10-17 22:48:29
09:34:36,7.52,0.0,2171,1632372,买盘,601288,2025-10-17 22:48:29
09:34:39,7.51,-0.01,1709,1283762,卖盘,601288,2025-10-17 22:48:29
09:34:42,7.52,0.01,1708,1284333,买盘,601288,2025-10-17 22:48:29
09:34:45,7.52,0.0,999,751024,买盘,601288,2025-10-17 22:48:29
09:34:48,7.52,0.0,1732,1301859,买盘,601288,2025-10-17 22:48:29
09:34:51,7.52,0.0,2080,1563945,买盘,601288,2025-10-17 22:48:29
09:34:54,7.51,-0.01,5236,3936692,卖盘,601288,2025-10-17 22:48:29
09:34:57,7.52,0.01,1283,964472,中性盘,601288,2025-10-17 22:48:29
09:35:00,7.53,0.01,1649,1240146,买盘,601288,2025-10-17 22:48:29
09:35:03,7.53,0.0,23294,17541896,买盘,601288,2025-10-17 22:48:29
09:35:06,7.53,0.0,12183,9185114,卖盘,601288,2025-10-17 22:48:29
09:35:09,7.54,0.01,1778,1339220,买盘,601288,2025-10-17 22:48:29
09:35:12,7.54,0.0,4173,3145531,买盘,601288,2025-10-17 22:48:29
09:35:15,7.54,0.0,972,732541,买盘,601288,2025-10-17 22:48:29
09:35:18,7.54,0.0,2384,1797334,买盘,601288,2025-10-17 22:48:29
09:35:21,7.53,-0.01,1057,796794,卖盘,601288,2025-10-17 22:48:29
09:35:24,7.54,0.01,1427,1075662,买盘,601288,2025-10-17 22:48:29
09:35:27,7.54,0.0,1910,1439983,买盘,601288,2025-10-17 22:48:29
09:35:30,7.54,0.0,1834,1382781,买盘,601288,2025-10-17 22:48:29
09:35:33,7.54,0.0,990,746423,买盘,601288,2025-10-17 22:48:29
09:35:36,7.54,0.0,2621,1975127,买盘,601288,2025-10-17 22:48:29
09:35:39,7.53,-0.01,6136,4620812,卖盘,601288,2025-10-17 22:48:29
09:35:42,7.54,0.01,9351,7045656,买盘,601288,2025-10-17 22:48:29
09:35:45,7.54,0.0,667,502781,买盘,601288,2025-10-17 22:48:29
09:35:48,7.54,0.0,4690,3536230,买盘,601288,2025-10-17 22:48:29
09:35:51,7.54,0.0,1548,1166876,买盘,601288,2025-10-17 22:48:29
09:35:54,7.54,0.0,4367,3292615,买盘,601288,2025-10-17 22:48:29
09:35:57,7.54,0.0,1849,1393956,买盘,601288,2025-10-17 22:48:29
09:36:00,7.55,0.01,5785,4365937,买盘,601288,2025-10-17 22:48:29
09:36:03,7.55,0.0,32431,24485292,买盘,601288,2025-10-17 22:48:29
09:36:06,7.55,0.0,24726,18691556,卖盘,601288,2025-10-17 22:48:29
09:36:09,7.56,0.01,896,676860,买盘,601288,2025-10-17 22:48:29
09:36:12,7.56,0.0,18091,13676519,买盘,601288,2025-10-17 22:48:29
09:36:15,7.56,0.0,3995,3018912,买盘,601288,2025-10-17 22:48:29
09:36:18,7.57,0.01,10331,7810233,买盘,601288,2025-10-17 22:48:29
09:36:21,7.57,0.0,1575,1191207,买盘,601288,2025-10-17 22:48:29
09:36:24,7.57,0.0,12907,9764369,买盘,601288,2025-10-17 22:48:29
09:36:27,7.57,0.0,3642,2755966,买盘,601288,2025-10-17 22:48:29
09:36:30,7.57,0.0,10218,7734892,买盘,601288,2025-10-17 22:48:29
09:36:33,7.57,0.0,3935,2980445,买盘,601288,2025-10-17 22:48:29
09:36:36,7.56,-0.01,14652,11080090,卖盘,601288,2025-10-17 22:48:29
09:36:39,7.56,0.0,7678,5810529,买盘,601288,2025-10-17 22:48:29
09:36:42,7.57,0.01,5079,3844575,买盘,601288,2025-10-17 22:48:29
09:36:45,7.57,0.0,2143,1621864,买盘,601288,2025-10-17 22:48:29
09:36:48,7.57,0.0,3777,2859061,买盘,601288,2025-10-17 22:48:29
09:36:51,7.57,0.0,2308,1746503,卖盘,601288,2025-10-17 22:48:29
09:36:54,7.58,0.01,4171,3159579,买盘,601288,2025-10-17 22:48:29
09:36:57,7.58,0.0,1371,1038314,买盘,601288,2025-10-17 22:48:29
09:37:00,7.57,-0.01,4956,3754663,卖盘,601288,2025-10-17 22:48:29
09:37:03,7.57,0.0,4184,3165650,买盘,601288,2025-10-17 22:48:29
09:37:06,7.57,0.0,5189,3929623,买盘,601288,2025-10-17 22:48:29
09:37:09,7.57,0.0,2562,1939028,买盘,601288,2025-10-17 22:48:29
09:37:12,7.57,0.0,9219,6974857,买盘,601288,2025-10-17 22:48:29
09:37:15,7.56,-0.01,4497,3401840,卖盘,601288,2025-10-17 22:48:29
09:37:18,7.56,0.0,1783,1348018,卖盘,601288,2025-10-17 22:48:29
09:37:21,7.56,0.0,1706,1289719,买盘,601288,2025-10-17 22:48:29
09:37:24,7.56,0.0,1657,1253035,买盘,601288,2025-10-17 22:48:29
09:37:27,7.55,-0.01,1726,1304640,卖盘,601288,2025-10-17 22:48:29
09:37:30,7.55,0.0,4250,3209567,卖盘,601288,2025-10-17 22:48:29
09:37:33,7.55,0.0,17716,13375578,卖盘,601288,2025-10-17 22:48:29
09:37:36,7.56,0.01,2025,1528962,买盘,601288,2025-10-17 22:48:29
09:37:39,7.56,0.0,5228,3952131,买盘,601288,2025-10-17 22:48:29
09:37:42,7.56,0.0,816,616908,买盘,601288,2025-10-17 22:48:29
09:37:45,7.56,0.0,1188,898055,买盘,601288,2025-10-17 22:48:29
09:37:48,7.56,0.0,931,703893,卖盘,601288,2025-10-17 22:48:29
09:37:51,7.56,0.0,1193,902360,卖盘,601288,2025-10-17 22:48:29
09:37:54,7.57,0.01,593,448539,买盘,601288,2025-10-17 22:48:29
09:37:57,7.57,0.0,1882,1423023,买盘,601288,2025-10-17 22:48:29
09:38:00,7.57,0.0,1838,1390623,买盘,601288,2025-10-17 22:48:29
09:38:03,7.57,0.0,20705,15673775,买盘,601288,2025-10-17 22:48:29
09:38:06,7.57,0.0,6851,5191946,卖盘,601288,2025-10-17 22:48:29
09:38:09,7.58,0.01,1255,950326,买盘,601288,2025-10-17 22:48:29
09:38:12,7.57,-0.01,4513,3414906,卖盘,601288,2025-10-17 22:48:29
09:38:15,7.57,0.0,1952,1476755,买盘,601288,2025-10-17 22:48:29
09:38:18,7.57,0.0,4613,3491852,买盘,601288,2025-10-17 22:48:29
09:38:21,7.57,0.0,4586,3471592,买盘,601288,2025-10-17 22:48:29
09:38:24,7.57,0.0,2820,2136909,卖盘,601288,2025-10-17 22:48:29
09:38:27,7.58,0.01,482,364936,买盘,601288,2025-10-17 22:48:29
09:38:30,7.58,0.0,3102,2349770,买盘,601288,2025-10-17 22:48:29
09:38:33,7.57,-0.01,1088,824385,卖盘,601288,2025-10-17 22:48:29
09:38:36,7.58,0.01,2488,1885634,买盘,601288,2025-10-17 22:48:29
09:38:39,7.58,0.0,1801,1364672,买盘,601288,2025-10-17 22:48:29
09:38:42,7.58,0.0,2020,1530734,买盘,601288,2025-10-17 22:48:29
09:38:45,7.57,-0.01,11315,8565732,卖盘,601288,2025-10-17 22:48:29
09:38:48,7.57,0.0,4531,3429926,买盘,601288,2025-10-17 22:48:29
09:38:51,7.57,0.0,2143,1621403,买盘,601288,2025-10-17 22:48:29
09:38:54,7.57,0.0,2913,2204776,买盘,601288,2025-10-17 22:48:29
09:38:57,7.57,0.0,1117,845209,买盘,601288,2025-10-17 22:48:29
09:39:00,7.56,-0.01,6884,5210700,卖盘,601288,2025-10-17 22:48:29
09:39:03,7.56,0.0,1259,952983,卖盘,601288,2025-10-17 22:48:29
09:39:06,7.56,0.0,948,717338,卖盘,601288,2025-10-17 22:48:29
09:39:09,7.57,0.01,440,332978,买盘,601288,2025-10-17 22:48:29
09:39:12,7.57,0.0,560,423570,买盘,601288,2025-10-17 22:48:29
09:39:15,7.56,-0.01,663,501518,卖盘,601288,2025-10-17 22:48:29
09:39:18,7.57,0.01,756,572099,买盘,601288,2025-10-17 22:48:29
09:39:21,7.57,0.0,2750,2080436,买盘,601288,2025-10-17 22:48:29
09:39:24,7.57,0.0,3446,2608344,买盘,601288,2025-10-17 22:48:29
09:39:27,7.57,0.0,546,413178,买盘,601288,2025-10-17 22:48:29
09:39:30,7.57,0.0,1733,1311727,买盘,601288,2025-10-17 22:48:29
09:39:33,7.57,0.0,5091,3850807,买盘,601288,2025-10-17 22:48:29
09:39:36,7.56,-0.01,13384,10120724,卖盘,601288,2025-10-17 22:48:29
09:39:39,7.56,0.0,1523,1151737,买盘,601288,2025-10-17 22:48:29
09:39:42,7.57,0.01,2270,1717864,买盘,601288,2025-10-17 22:48:29
09:39:45,7.57,0.0,362,273688,买盘,601288,2025-10-17 22:48:29
09:39:48,7.57,0.0,2661,2012831,买盘,601288,2025-10-17 22:48:29
09:39:51,7.57,0.0,920,695799,买盘,601288,2025-10-17 22:48:29
09:39:54,7.57,0.0,2269,1717374,买盘,601288,2025-10-17 22:48:29
09:39:57,7.57,0.0,963,728279,买盘,601288,2025-10-17 22:48:29
09:40:00,7.57,0.0,1479,1119158,买盘,601288,2025-10-17 22:48:29
09:40:03,7.56,-0.01,3290,2488196,卖盘,601288,2025-10-17 22:48:29
09:40:06,7.57,0.01,2650,2003737,买盘,601288,2025-10-17 22:48:29
09:40:09,7.57,0.0,511,386467,买盘,601288,2025-10-17 22:48:29
09:40:12,7.56,-0.01,2381,1800694,卖盘,601288,2025-10-17 22:48:29
09:40:15,7.56,0.0,886,670103,卖盘,601288,2025-10-17 22:48:29
09:40:18,7.57,0.01,909,687877,买盘,601288,2025-10-17 22:48:29
09:40:21,7.57,0.0,4080,3084888,买盘,601288,2025-10-17 22:48:29
09:40:24,7.57,0.0,1634,1236519,买盘,601288,2025-10-17 22:48:29
09:40:27,7.57,0.0,455,344276,买盘,601288,2025-10-17 22:48:29
09:40:30,7.56,-0.01,3190,2413121,卖盘,601288,2025-10-17 22:48:29
09:40:33,7.57,0.01,321,242837,买盘,601288,2025-10-17 22:48:29
09:40:36,7.57,0.0,809,612132,买盘,601288,2025-10-17 22:48:29
09:40:39,7.57,0.0,1115,843520,买盘,601288,2025-10-17 22:48:29
09:40:42,7.57,0.0,1014,767452,买盘,601288,2025-10-17 22:48:29
09:40:45,7.57,0.0,1313,993719,买盘,601288,2025-10-17 22:48:29
09:40:48,7.56,-0.01,460,348058,卖盘,601288,2025-10-17 22:48:29
09:40:51,7.57,0.01,15800,11960441,买盘,601288,2025-10-17 22:48:29
09:40:54,7.57,0.0,1401,1060195,买盘,601288,2025-10-17 22:48:29
09:40:57,7.57,0.0,4689,3549163,买盘,601288,2025-10-17 22:48:29
09:41:00,7.57,0.0,3455,2615430,买盘,601288,2025-10-17 22:48:29
09:41:03,7.58,0.01,3307,2503362,买盘,601288,2025-10-17 22:48:29
09:41:06,7.58,0.0,908,687662,买盘,601288,2025-10-17 22:48:29
09:41:09,7.58,0.0,1954,1480608,买盘,601288,2025-10-17 22:48:29
09:41:12,7.58,0.0,1635,1238905,买盘,601288,2025-10-17 22:48:29
09:41:15,7.58,0.0,2339,1772849,买盘,601288,2025-10-17 22:48:29
09:41:18,7.58,0.0,961,728416,买盘,601288,2025-10-17 22:48:29
09:41:21,7.58,0.0,3835,2906653,买盘,601288,2025-10-17 22:48:29
09:41:24,7.58,0.0,984,745818,买盘,601288,2025-10-17 22:48:29
09:41:27,7.58,0.0,1551,1175558,买盘,601288,2025-10-17 22:48:29
09:41:30,7.58,0.0,1294,980764,买盘,601288,2025-10-17 22:48:29
09:41:33,7.58,0.0,5377,4075660,买盘,601288,2025-10-17 22:48:29
09:41:36,7.58,0.0,1755,1329255,买盘,601288,2025-10-17 22:48:29
09:41:39,7.58,0.0,2983,2261063,买盘,601288,2025-10-17 22:48:29
09:41:42,7.58,0.0,2445,1853261,买盘,601288,2025-10-17 22:48:29
09:41:45,7.58,0.0,2773,2101868,买盘,601288,2025-10-17 22:48:29
09:41:48,7.57,-0.01,18124,13737483,卖盘,601288,2025-10-17 22:48:29
09:41:51,7.58,0.01,1642,1244658,买盘,601288,2025-10-17 22:48:29
09:41:54,7.58,0.0,7372,5587982,卖盘,601288,2025-10-17 22:48:29
09:41:57,7.58,0.0,2652,2010168,买盘,601288,2025-10-17 22:48:29
09:42:00,7.58,0.0,1379,1045166,买盘,601288,2025-10-17 22:48:29
09:42:03,7.58,0.0,2712,2055686,买盘,601288,2025-10-17 22:48:29
09:42:06,7.58,0.0,2255,1709202,买盘,601288,2025-10-17 22:48:29
09:42:09,7.58,0.0,8463,6409988,买盘,601288,2025-10-17 22:48:29
09:42:12,7.58,0.0,1657,1256186,卖盘,601288,2025-10-17 22:48:29
09:42:15,7.59,0.01,1118,847641,买盘,601288,2025-10-17 22:48:29
09:42:18,7.59,0.0,1689,1280676,买盘,601288,2025-10-17 22:48:29
09:42:21,7.59,0.0,1241,941898,买盘,601288,2025-10-17 22:48:29
09:42:24,7.59,0.0,6064,4602515,买盘,601288,2025-10-17 22:48:29
09:42:27,7.59,0.0,5575,4231352,买盘,601288,2025-10-17 22:48:29
09:42:30,7.59,0.0,3126,2372553,买盘,601288,2025-10-17 22:48:29
09:42:33,7.59,0.0,6804,5164001,买盘,601288,2025-10-17 22:48:29
09:42:36,7.58,-0.01,2727,2069688,卖盘,601288,2025-10-17 22:48:29
09:42:39,7.59,0.01,4271,3241581,买盘,601288,2025-10-17 22:48:29
09:42:42,7.59,0.0,1221,926724,买盘,601288,2025-10-17 22:48:29
09:42:45,7.59,0.0,4111,3119934,买盘,601288,2025-10-17 22:48:29
09:42:48,7.59,0.0,6587,4999466,买盘,601288,2025-10-17 22:48:29
09:42:51,7.59,0.0,6248,4742221,买盘,601288,2025-10-17 22:48:29
09:42:54,7.6,0.01,2169,1647514,买盘,601288,2025-10-17 22:48:29
09:42:57,7.6,0.0,3482,2645160,买盘,601288,2025-10-17 22:48:29
09:43:00,7.6,0.0,2746,2086777,买盘,601288,2025-10-17 22:48:29
09:43:03,7.6,0.0,9872,7502386,买盘,601288,2025-10-17 22:48:29
09:43:06,7.6,0.0,3323,2525165,买盘,601288,2025-10-17 22:48:29
09:43:09,7.6,0.0,9442,7175891,买盘,601288,2025-10-17 22:48:29
09:43:12,7.6,0.0,6957,5287077,买盘,601288,2025-10-17 22:48:29
09:43:15,7.6,0.0,12468,9475329,买盘,601288,2025-10-17 22:48:29
09:43:18,7.6,0.0,20235,15380101,买盘,601288,2025-10-17 22:48:29
09:43:21,7.61,0.01,14940,11369087,买盘,601288,2025-10-17 22:48:29
09:43:24,7.62,0.01,1742,1325677,买盘,601288,2025-10-17 22:48:29
09:43:27,7.62,0.0,8642,6584364,买盘,601288,2025-10-17 22:48:29
09:43:30,7.61,-0.01,2317,1765309,卖盘,601288,2025-10-17 22:48:29
09:43:33,7.62,0.01,9476,7220674,买盘,601288,2025-10-17 22:48:29
09:43:36,7.62,0.0,7667,5838021,买盘,601288,2025-10-17 22:48:29
09:43:39,7.62,0.0,7778,5929385,卖盘,601288,2025-10-17 22:48:29
09:43:42,7.62,0.0,3055,2329373,买盘,601288,2025-10-17 22:48:29
09:43:45,7.63,0.01,2754,2100997,买盘,601288,2025-10-17 22:48:29
09:43:48,7.62,-0.01,2610,1990889,卖盘,601288,2025-10-17 22:48:29
09:43:51,7.63,0.01,5328,4064962,买盘,601288,2025-10-17 22:48:29
09:43:54,7.63,0.0,5214,3977316,买盘,601288,2025-10-17 22:48:29
09:43:57,7.63,0.0,5373,4100254,买盘,601288,2025-10-17 22:48:29
09:44:00,7.64,0.01,1620,1236284,买盘,601288,2025-10-17 22:48:29
09:44:03,7.62,-0.02,14015,10694861,卖盘,601288,2025-10-17 22:48:29
09:44:06,7.62,0.0,13335,10161504,卖盘,601288,2025-10-17 22:48:29
09:44:09,7.62,0.0,6070,4625278,买盘,601288,2025-10-17 22:48:29
09:44:12,7.62,0.0,4843,3692979,买盘,601288,2025-10-17 22:48:29
09:44:15,7.62,0.0,3550,2707137,卖盘,601288,2025-10-17 22:48:29
09:44:18,7.62,0.0,1789,1363157,中性盘,601288,2025-10-17 22:48:29
09:44:21,7.62,0.0,2972,2264739,买盘,601288,2025-10-17 22:48:29
09:44:24,7.62,0.0,1172,893003,买盘,601288,2025-10-17 22:48:29
09:44:27,7.62,0.0,5070,3863308,买盘,601288,2025-10-17 22:48:29
09:44:30,7.62,0.0,1656,1262203,卖盘,601288,2025-10-17 22:48:29
09:44:33,7.62,0.0,3239,2470899,卖盘,601288,2025-10-17 22:48:29
09:44:36,7.63,0.01,2170,1655392,买盘,601288,2025-10-17 22:48:29
09:44:39,7.63,0.0,3031,2311210,买盘,601288,2025-10-17 22:48:29
09:44:42,7.63,0.0,4553,3473793,买盘,601288,2025-10-17 22:48:29
09:44:45,7.63,0.0,5503,4199234,卖盘,601288,2025-10-17 22:48:29
09:44:48,7.64,0.01,3004,2293475,买盘,601288,2025-10-17 22:48:29
09:44:51,7.63,-0.01,1678,1281374,卖盘,601288,2025-10-17 22:48:29
09:44:54,7.63,0.0,1675,1279259,卖盘,601288,2025-10-17 22:48:29
09:44:57,7.64,0.01,1964,1500341,买盘,601288,2025-10-17 22:48:29
09:45:00,7.63,-0.01,590,450563,卖盘,601288,2025-10-17 22:48:29
09:45:03,7.64,0.01,1942,1483380,买盘,601288,2025-10-17 22:48:29
09:45:06,7.64,0.0,6800,5194983,买盘,601288,2025-10-17 22:48:29
09:45:09,7.64,0.0,5620,4292768,买盘,601288,2025-10-17 22:48:29
09:45:12,7.64,0.0,6338,4841677,买盘,601288,2025-10-17 22:48:29
09:45:15,7.64,0.0,4831,3690377,买盘,601288,2025-10-17 22:48:29
09:45:18,7.65,0.01,1669,1275664,买盘,601288,2025-10-17 22:48:29
09:45:21,7.65,0.0,3439,2629846,买盘,601288,2025-10-17 22:48:29
09:45:24,7.65,0.0,4190,3204710,买盘,601288,2025-10-17 22:48:29
09:45:27,7.65,0.0,5528,4228818,买盘,601288,2025-10-17 22:48:29
09:45:30,7.65,0.0,4596,3515350,买盘,601288,2025-10-17 22:48:29
09:45:33,7.65,0.0,6836,5229397,买盘,601288,2025-10-17 22:48:29
09:45:36,7.65,0.0,4632,3543267,买盘,601288,2025-10-17 22:48:29
09:45:39,7.65,0.0,4759,3640255,买盘,601288,2025-10-17 22:48:29
09:45:42,7.65,0.0,5981,4575447,买盘,601288,2025-10-17 22:48:29
09:45:45,7.65,0.0,4008,3065762,买盘,601288,2025-10-17 22:48:29
09:45:48,7.65,0.0,2013,1539632,买盘,601288,2025-10-17 22:48:29
09:45:51,7.64,-0.01,5069,3877690,卖盘,601288,2025-10-17 22:48:29
09:45:54,7.66,0.02,5183,3965124,买盘,601288,2025-10-17 22:48:29
09:45:57,7.66,0.0,3418,2616507,买盘,601288,2025-10-17 22:48:29
09:46:00,7.66,0.0,4505,3450451,买盘,601288,2025-10-17 22:48:29
09:46:03,7.66,0.0,3832,2935091,买盘,601288,2025-10-17 22:48:29
09:46:06,7.65,-0.01,5003,3830093,卖盘,601288,2025-10-17 22:48:29
09:46:09,7.65,0.0,21777,16656022,卖盘,601288,2025-10-17 22:48:29
09:46:12,7.65,0.0,4520,3457508,买盘,601288,2025-10-17 22:48:29
09:46:15,7.65,0.0,6429,4917254,买盘,601288,2025-10-17 22:48:29
09:46:18,7.64,-0.01,5181,3963037,卖盘,601288,2025-10-17 22:48:29
09:46:21,7.65,0.01,5885,4505038,买盘,601288,2025-10-17 22:48:29
09:46:24,7.66,0.01,2184,1671385,买盘,601288,2025-10-17 22:48:29
09:46:27,7.66,0.0,3615,2767259,买盘,601288,2025-10-17 22:48:29
09:46:30,7.66,0.0,1618,1238435,买盘,601288,2025-10-17 22:48:29
09:46:33,7.65,-0.01,7022,5376688,卖盘,601288,2025-10-17 22:48:29
09:46:36,7.66,0.01,2327,1781026,买盘,601288,2025-10-17 22:48:29
09:46:39,7.66,0.0,4225,3235888,买盘,601288,2025-10-17 22:48:29
09:46:42,7.66,0.0,5768,4413579,买盘,601288,2025-10-17 22:48:29
09:46:45,7.66,0.0,6449,4935636,买盘,601288,2025-10-17 22:48:29
09:46:48,7.65,-0.01,1625,1243210,卖盘,601288,2025-10-17 22:48:29
09:46:51,7.65,0.0,2672,2044035,买盘,601288,2025-10-17 22:48:29
09:46:54,7.65,0.0,2211,1691334,买盘,601288,2025-10-17 22:48:29
09:46:57,7.65,0.0,3416,2613122,买盘,601288,2025-10-17 22:48:29
09:47:00,7.65,0.0,1142,873235,买盘,601288,2025-10-17 22:48:29
09:47:03,7.65,0.0,1971,1507252,买盘,601288,2025-10-17 22:48:29
09:47:06,7.65,0.0,2243,1715572,买盘,601288,2025-10-17 22:48:29
09:47:09,7.65,0.0,2557,1955580,买盘,601288,2025-10-17 22:48:29
09:47:12,7.64,-0.01,13522,10330543,卖盘,601288,2025-10-17 22:48:29
09:47:15,7.64,0.0,4530,3460734,买盘,601288,2025-10-17 22:48:29
09:47:18,7.64,0.0,1120,855372,买盘,601288,2025-10-17 22:48:29
09:47:21,7.64,0.0,10480,8004871,买盘,601288,2025-10-17 22:48:29
09:47:24,7.63,-0.01,1377,1051927,卖盘,601288,2025-10-17 22:48:29
09:47:27,7.63,0.0,1977,1509539,卖盘,601288,2025-10-17 22:48:29
09:47:30,7.63,0.0,2904,2216360,卖盘,601288,2025-10-17 22:48:29
09:47:33,7.63,0.0,6217,4743426,卖盘,601288,2025-10-17 22:48:29
09:47:36,7.63,0.0,2784,2124026,买盘,601288,2025-10-17 22:48:29
09:47:39,7.62,-0.01,3925,2992086,卖盘,601288,2025-10-17 22:48:29
09:47:42,7.62,0.0,3318,2529638,卖盘,601288,2025-10-17 22:48:29
09:47:45,7.62,0.0,4095,3121977,卖盘,601288,2025-10-17 22:48:29
09:47:48,7.62,0.0,4313,3288269,卖盘,601288,2025-10-17 22:48:29
09:47:51,7.63,0.01,4246,3238052,买盘,601288,2025-10-17 22:48:29
09:47:54,7.63,0.0,3180,2428587,卖盘,601288,2025-10-17 22:48:29
09:47:57,7.64,0.01,2277,1737838,买盘,601288,2025-10-17 22:48:29
09:48:00,7.63,-0.01,1833,1399536,中性盘,601288,2025-10-17 22:48:29
09:48:03,7.63,0.0,1233,941277,卖盘,601288,2025-10-17 22:48:29
09:48:06,7.64,0.01,1006,767960,买盘,601288,2025-10-17 22:48:29
09:48:09,7.64,0.0,405,309180,买盘,601288,2025-10-17 22:48:29
09:48:12,7.63,-0.01,1460,1114532,卖盘,601288,2025-10-17 22:48:29
09:48:15,7.63,0.0,2141,1633915,卖盘,601288,2025-10-17 22:48:29
09:48:18,7.63,0.0,1925,1469655,卖盘,601288,2025-10-17 22:48:29
09:48:21,7.64,0.01,1243,948785,买盘,601288,2025-10-17 22:48:29
09:48:24,7.63,-0.01,735,560997,卖盘,601288,2025-10-17 22:48:29
09:48:27,7.64,0.01,908,693288,买盘,601288,2025-10-17 22:48:29
09:48:30,7.63,-0.01,1930,1472998,卖盘,601288,2025-10-17 22:48:29
09:48:33,7.64,0.01,1604,1223861,买盘,601288,2025-10-17 22:48:29
09:48:36,7.63,-0.01,2237,1707285,卖盘,601288,2025-10-17 22:48:29
09:48:39,7.63,0.0,1188,906440,买盘,601288,2025-10-17 22:48:29
09:48:42,7.63,0.0,1457,1111506,买盘,601288,2025-10-17 22:48:29
09:48:45,7.62,-0.01,4037,3079982,卖盘,601288,2025-10-17 22:48:29
09:48:48,7.62,0.0,2221,1694276,卖盘,601288,2025-10-17 22:48:29
09:48:51,7.63,0.01,4785,3646940,买盘,601288,2025-10-17 22:48:29
09:48:54,7.63,0.0,2236,1705435,买盘,601288,2025-10-17 22:48:29
09:48:57,7.63,0.0,3244,2474802,买盘,601288,2025-10-17 22:48:29
09:49:00,7.62,-0.01,1828,1394121,卖盘,601288,2025-10-17 22:48:29
09:49:03,7.63,0.01,1519,1157668,买盘,601288,2025-10-17 22:48:29
09:49:06,7.63,0.0,1493,1138595,买盘,601288,2025-10-17 22:48:29
09:49:09,7.62,-0.01,1504,1146750,卖盘,601288,2025-10-17 22:48:29
09:49:12,7.63,0.01,4700,3585869,买盘,601288,2025-10-17 22:48:29
09:49:15,7.63,0.0,965,735690,买盘,601288,2025-10-17 22:48:29
09:49:18,7.63,0.0,1972,1504491,买盘,601288,2025-10-17 22:48:29
09:49:21,7.63,0.0,1670,1273574,买盘,601288,2025-10-17 22:48:29
09:49:24,7.62,-0.01,4150,3165686,卖盘,601288,2025-10-17 22:48:29
09:49:27,7.63,0.01,1141,869948,买盘,601288,2025-10-17 22:48:29
09:49:30,7.62,-0.01,1894,1444684,卖盘,601288,2025-10-17 22:48:29
09:49:33,7.62,0.0,1192,909123,卖盘,601288,2025-10-17 22:48:29
09:49:36,7.62,0.0,1372,1046283,卖盘,601288,2025-10-17 22:48:29
09:49:39,7.62,0.0,468,356823,卖盘,601288,2025-10-17 22:48:29
09:49:42,7.62,0.0,1527,1164017,卖盘,601288,2025-10-17 22:48:29
09:49:45,7.63,0.01,2055,1566225,买盘,601288,2025-10-17 22:48:29
09:49:48,7.63,0.0,1355,1033622,买盘,601288,2025-10-17 22:48:29
09:49:51,7.63,0.0,883,673195,买盘,601288,2025-10-17 22:48:29
09:49:54,7.63,0.0,3649,2784476,买盘,601288,2025-10-17 22:48:29
09:49:57,7.64,0.01,1002,764594,买盘,601288,2025-10-17 22:48:29
09:50:00,7.64,0.0,724,552520,买盘,601288,2025-10-17 22:48:29
09:50:03,7.64,0.0,12613,9635912,买盘,601288,2025-10-17 22:48:29
09:50:06,7.64,0.0,12067,9220527,买盘,601288,2025-10-17 22:48:29
09:50:09,7.65,0.01,6765,5174993,买盘,601288,2025-10-17 22:48:29
09:50:12,7.65,0.0,3295,2519338,买盘,601288,2025-10-17 22:48:29
09:50:15,7.65,0.0,2133,1631684,买盘,601288,2025-10-17 22:48:29
09:50:18,7.65,0.0,684,523135,买盘,601288,2025-10-17 22:48:29
09:50:21,7.65,0.0,927,709024,买盘,601288,2025-10-17 22:48:29
09:50:24,7.65,0.0,1195,914151,买盘,601288,2025-10-17 22:48:29
09:50:27,7.65,0.0,3981,3044405,买盘,601288,2025-10-17 22:48:29
09:50:30,7.65,0.0,4646,3554049,买盘,601288,2025-10-17 22:48:29
09:50:33,7.65,0.0,3364,2573278,买盘,601288,2025-10-17 22:48:29
09:50:36,7.65,0.0,5908,4519407,买盘,601288,2025-10-17 22:48:29
09:50:39,7.65,0.0,4394,3362214,卖盘,601288,2025-10-17 22:48:29
09:50:42,7.64,-0.01,2832,2165619,卖盘,601288,2025-10-17 22:48:29
09:50:45,7.65,0.01,2528,1933715,买盘,601288,2025-10-17 22:48:29
09:50:48,7.65,0.0,2386,1824983,卖盘,601288,2025-10-17 22:48:29
09:50:51,7.65,0.0,2334,1785612,卖盘,601288,2025-10-17 22:48:29
09:50:54,7.65,0.0,1908,1460069,买盘,601288,2025-10-17 22:48:29
09:50:57,7.66,0.01,3130,2396548,买盘,601288,2025-10-17 22:48:29
09:51:00,7.64,-0.02,1643,1256996,卖盘,601288,2025-10-17 22:48:29
09:51:03,7.66,0.02,2701,2068335,买盘,601288,2025-10-17 22:48:29
09:51:06,7.66,0.0,3433,2627566,买盘,601288,2025-10-17 22:48:29
09:51:09,7.66,0.0,1027,785689,买盘,601288,2025-10-17 22:48:29
09:51:12,7.65,-0.01,559,427800,卖盘,601288,2025-10-17 22:48:29
09:51:15,7.66,0.01,2502,1915053,买盘,601288,2025-10-17 22:48:29
09:51:18,7.65,-0.01,3640,2785307,卖盘,601288,2025-10-17 22:48:29
09:51:21,7.65,0.0,4776,3656003,买盘,601288,2025-10-17 22:48:29
09:51:24,7.65,0.0,1375,1051684,买盘,601288,2025-10-17 22:48:29
09:51:27,7.65,0.0,2426,1855756,买盘,601288,2025-10-17 22:48:29
09:51:30,7.65,0.0,2283,1746046,买盘,601288,2025-10-17 22:48:29
09:51:33,7.65,0.0,1744,1334123,买盘,601288,2025-10-17 22:48:29
09:51:36,7.65,0.0,1654,1263866,买盘,601288,2025-10-17 22:48:29
09:51:39,7.65,0.0,1202,919434,买盘,601288,2025-10-17 22:48:29
09:51:42,7.65,0.0,690,527754,买盘,601288,2025-10-17 22:48:29
09:51:45,7.65,0.0,1403,1073213,买盘,601288,2025-10-17 22:48:29
09:51:48,7.65,0.0,1463,1118995,买盘,601288,2025-10-17 22:48:29
09:51:51,7.65,0.0,1231,941669,买盘,601288,2025-10-17 22:48:29
09:51:54,7.65,0.0,2013,1539682,买盘,601288,2025-10-17 22:48:29
09:51:57,7.65,0.0,3068,2346792,买盘,601288,2025-10-17 22:48:29
09:52:00,7.65,0.0,1253,958718,买盘,601288,2025-10-17 22:48:29
09:52:03,7.65,0.0,1483,1135186,卖盘,601288,2025-10-17 22:48:29
09:52:06,7.65,0.0,394,301549,卖盘,601288,2025-10-17 22:48:29
09:52:09,7.65,0.0,2294,1755799,卖盘,601288,2025-10-17 22:48:29
09:52:12,7.65,0.0,1690,1293288,卖盘,601288,2025-10-17 22:48:29
09:52:15,7.66,0.01,7238,5543555,买盘,601288,2025-10-17 22:48:29
09:52:18,7.66,0.0,1352,1034874,买盘,601288,2025-10-17 22:48:29
09:52:21,7.65,-0.01,2384,1825842,卖盘,601288,2025-10-17 22:48:29
09:52:24,7.64,-0.01,22269,17035796,卖盘,601288,2025-10-17 22:48:29
09:52:27,7.65,0.01,9254,7076406,买盘,601288,2025-10-17 22:48:29
09:52:30,7.65,0.0,5776,4413431,买盘,601288,2025-10-17 22:48:29
09:52:33,7.64,-0.01,3067,2345748,卖盘,601288,2025-10-17 22:48:29
09:52:36,7.64,0.0,961,734843,卖盘,601288,2025-10-17 22:48:29
09:52:39,7.65,0.01,1841,1407053,买盘,601288,2025-10-17 22:48:29
09:52:42,7.65,0.0,1488,1137782,买盘,601288,2025-10-17 22:48:29
09:52:45,7.65,0.0,909,695258,买盘,601288,2025-10-17 22:48:29
09:52:48,7.64,-0.01,1179,901721,卖盘,601288,2025-10-17 22:48:29
09:52:51,7.65,0.01,1525,1165589,买盘,601288,2025-10-17 22:48:29
09:52:54,7.64,-0.01,873,667587,卖盘,601288,2025-10-17 22:48:29
09:52:57,7.64,0.0,995,760735,卖盘,601288,2025-10-17 22:48:29
09:53:00,7.65,0.01,682,521185,买盘,601288,2025-10-17 22:48:29
09:53:03,7.64,-0.01,1723,1317332,卖盘,601288,2025-10-17 22:48:29
09:53:06,7.64,0.0,736,562433,卖盘,601288,2025-10-17 22:48:29
09:53:09,7.64,0.0,6965,5321886,卖盘,601288,2025-10-17 22:48:29
09:53:12,7.64,0.0,3342,2553288,卖盘,601288,2025-10-17 22:48:29
09:53:15,7.63,-0.01,2286,1746422,卖盘,601288,2025-10-17 22:48:29
09:53:18,7.63,0.0,1396,1066453,卖盘,601288,2025-10-17 22:48:29
09:53:21,7.64,0.01,1610,1229531,买盘,601288,2025-10-17 22:48:29
09:53:24,7.64,0.0,964,736063,买盘,601288,2025-10-17 22:48:29
09:53:27,7.64,0.0,1874,1430477,买盘,601288,2025-10-17 22:48:29
09:53:30,7.64,0.0,527,402191,买盘,601288,2025-10-17 22:48:29
09:53:33,7.64,0.0,4299,3283269,买盘,601288,2025-10-17 22:48:29
09:53:36,7.63,-0.01,1240,946827,卖盘,601288,2025-10-17 22:48:29
09:53:39,7.64,0.01,454,346651,买盘,601288,2025-10-17 22:48:29
09:53:42,7.63,-0.01,2584,1973341,卖盘,601288,2025-10-17 22:48:29
09:53:45,7.63,0.0,320,244265,卖盘,601288,2025-10-17 22:48:29
09:53:48,7.63,0.0,1332,1017347,卖盘,601288,2025-10-17 22:48:29
09:53:51,7.65,0.02,20977,16046426,买盘,601288,2025-10-17 22:48:29
09:53:54,7.65,0.0,4479,3426561,卖盘,601288,2025-10-17 22:48:29
09:53:57,7.65,0.0,1958,1498708,卖盘,601288,2025-10-17 22:48:29
09:54:00,7.65,0.0,2592,1983052,卖盘,601288,2025-10-17 22:48:29
09:54:03,7.65,0.0,2380,1821561,卖盘,601288,2025-10-17 22:48:29
09:54:06,7.64,-0.01,1212,926870,卖盘,601288,2025-10-17 22:48:29
09:54:09,7.65,0.01,1095,837401,买盘,601288,2025-10-17 22:48:29
09:54:12,7.65,0.0,1452,1109746,买盘,601288,2025-10-17 22:48:29
09:54:15,7.65,0.0,4036,3086769,买盘,601288,2025-10-17 22:48:29
09:54:18,7.65,0.0,522,399151,买盘,601288,2025-10-17 22:48:29
09:54:21,7.65,0.0,843,644871,买盘,601288,2025-10-17 22:48:29
09:54:24,7.65,0.0,428,327232,买盘,601288,2025-10-17 22:48:29
09:54:27,7.65,0.0,1951,1492493,买盘,601288,2025-10-17 22:48:29
09:54:30,7.65,0.0,597,456696,买盘,601288,2025-10-17 22:48:29
09:54:33,7.65,0.0,1018,778744,买盘,601288,2025-10-17 22:48:29
09:54:36,7.65,0.0,1101,841503,买盘,601288,2025-10-17 22:48:29
09:54:39,7.64,-0.01,1107,846830,卖盘,601288,2025-10-17 22:48:29
09:54:42,7.65,0.01,659,504070,买盘,601288,2025-10-17 22:48:29
09:54:45,7.65,0.0,984,752443,买盘,601288,2025-10-17 22:48:29
09:54:48,7.65,0.0,743,568027,买盘,601288,2025-10-17 22:48:29
09:54:51,7.64,-0.01,549,419791,卖盘,601288,2025-10-17 22:48:29
09:54:54,7.64,0.0,656,501808,卖盘,601288,2025-10-17 22:48:29
09:54:57,7.65,0.01,590,451123,买盘,601288,2025-10-17 22:48:29
09:55:00,7.64,-0.01,877,670243,卖盘,601288,2025-10-17 22:48:29
09:55:03,7.65,0.01,2858,2183909,买盘,601288,2025-10-17 22:48:29
09:55:06,7.65,0.0,2959,2263578,买盘,601288,2025-10-17 22:48:29
09:55:09,7.64,-0.01,2374,1815916,卖盘,601288,2025-10-17 22:48:29
09:55:12,7.65,0.01,404,308825,买盘,601288,2025-10-17 22:48:29
09:55:15,7.65,0.0,1128,862501,买盘,601288,2025-10-17 22:48:29
09:55:18,7.64,-0.01,2788,2131877,卖盘,601288,2025-10-17 22:48:29
09:55:21,7.64,0.0,1161,887770,卖盘,601288,2025-10-17 22:48:29
09:55:24,7.65,0.01,1155,882653,买盘,601288,2025-10-17 22:48:29
09:55:27,7.64,-0.01,965,737949,卖盘,601288,2025-10-17 22:48:29
09:55:30,7.65,0.01,981,750106,买盘,601288,2025-10-17 22:48:29
09:55:33,7.65,0.0,3074,2351219,买盘,601288,2025-10-17 22:48:29
09:55:36,7.65,0.0,1913,1463351,买盘,601288,2025-10-17 22:48:29
09:55:39,7.64,-0.01,1908,1459040,卖盘,601288,2025-10-17 22:48:29
09:55:42,7.64,0.0,1559,1192479,卖盘,601288,2025-10-17 22:48:29
09:55:45,7.65,0.01,1221,933715,买盘,601288,2025-10-17 22:48:29
09:55:48,7.64,-0.01,382,292053,卖盘,601288,2025-10-17 22:48:29
09:55:51,7.65,0.01,1743,1333297,买盘,601288,2025-10-17 22:48:29
09:55:54,7.65,0.0,872,666759,买盘,601288,2025-10-17 22:48:29
09:55:57,7.65,0.0,8963,6857281,买盘,601288,2025-10-17 22:48:29
09:56:00,7.65,0.0,1002,766572,卖盘,601288,2025-10-17 22:48:29
09:56:03,7.65,0.0,2704,2070256,卖盘,601288,2025-10-17 22:48:29
09:56:06,7.65,0.0,951,727652,卖盘,601288,2025-10-17 22:48:29
09:56:09,7.66,0.01,1999,1530052,买盘,601288,2025-10-17 22:48:29
09:56:12,7.65,-0.01,1885,1442222,卖盘,601288,2025-10-17 22:48:29
09:56:15,7.66,0.01,3290,2518861,买盘,601288,2025-10-17 22:48:29
09:56:18,7.65,-0.01,551,421869,卖盘,601288,2025-10-17 22:48:29
09:56:21,7.66,0.01,1362,1043115,买盘,601288,2025-10-17 22:48:29
09:56:24,7.66,0.0,799,611952,买盘,601288,2025-10-17 22:48:29
09:56:27,7.66,0.0,1798,1376987,买盘,601288,2025-10-17 22:48:29
09:56:30,7.66,0.0,23930,18329795,买盘,601288,2025-10-17 22:48:29
09:56:33,7.66,0.0,15617,11962607,买盘,601288,2025-10-17 22:48:29
09:56:36,7.67,0.01,925,708748,买盘,601288,2025-10-17 22:48:29
09:56:39,7.66,-0.01,4564,3500107,卖盘,601288,2025-10-17 22:48:29
09:56:42,7.67,0.01,10269,7875647,买盘,601288,2025-10-17 22:48:29
09:56:45,7.67,0.0,12715,9751927,买盘,601288,2025-10-17 22:48:29
09:56:48,7.67,0.0,14011,10746868,买盘,601288,2025-10-17 22:48:29
09:56:51,7.68,0.01,26226,20140986,买盘,601288,2025-10-17 22:48:29
09:56:54,7.68,0.0,2352,1806116,买盘,601288,2025-10-17 22:48:29
09:56:57,7.68,0.0,6599,5067952,买盘,601288,2025-10-17 22:48:29
09:57:00,7.68,0.0,5697,4374159,买盘,601288,2025-10-17 22:48:29
09:57:03,7.68,0.0,6606,5073365,买盘,601288,2025-10-17 22:48:29
09:57:06,7.68,0.0,4608,3538845,买盘,601288,2025-10-17 22:48:29
09:57:09,7.68,0.0,3036,2331719,买盘,601288,2025-10-17 22:48:29
09:57:12,7.68,0.0,533,409397,卖盘,601288,2025-10-17 22:48:29
09:57:15,7.69,0.01,833,640536,买盘,601288,2025-10-17 22:48:29
09:57:18,7.68,-0.01,1111,853659,卖盘,601288,2025-10-17 22:48:29
09:57:21,7.69,0.01,2420,1860450,买盘,601288,2025-10-17 22:48:29
09:57:24,7.68,-0.01,2053,1577700,卖盘,601288,2025-10-17 22:48:29
09:57:27,7.69,0.01,1779,1367963,买盘,601288,2025-10-17 22:48:29
09:57:30,7.69,0.0,1556,1196182,买盘,601288,2025-10-17 22:48:29
09:57:33,7.69,0.0,7229,5558496,买盘,601288,2025-10-17 22:48:29
09:57:36,7.69,0.0,4598,3534783,买盘,601288,2025-10-17 22:48:29
09:57:39,7.69,0.0,6852,5268956,买盘,601288,2025-10-17 22:48:29
09:57:42,7.69,0.0,2400,1845168,买盘,601288,2025-10-17 22:48:29
09:57:45,7.69,0.0,9582,7366582,买盘,601288,2025-10-17 22:48:29
09:57:48,7.69,0.0,5591,4297334,买盘,601288,2025-10-17 22:48:29
09:57:51,7.69,0.0,6776,5209885,买盘,601288,2025-10-17 22:48:29
09:57:54,7.69,0.0,2219,1706070,买盘,601288,2025-10-17 22:48:29
09:57:57,7.69,0.0,2906,2234347,买盘,601288,2025-10-17 22:48:29
09:58:00,7.68,-0.01,4594,3532178,卖盘,601288,2025-10-17 22:48:29
09:58:03,7.67,-0.01,6626,5089785,卖盘,601288,2025-10-17 22:48:29
09:58:06,7.68,0.01,1434,1101128,买盘,601288,2025-10-17 22:48:29
09:58:09,7.68,0.0,2014,1546742,买盘,601288,2025-10-17 22:48:29
09:58:12,7.68,0.0,2595,1992935,卖盘,601288,2025-10-17 22:48:29
09:58:15,7.68,0.0,2136,1640503,卖盘,601288,2025-10-17 22:48:29
09:58:18,7.68,0.0,756,580551,买盘,601288,2025-10-17 22:48:29
09:58:21,7.68,0.0,1224,939794,买盘,601288,2025-10-17 22:48:29
09:58:24,7.68,0.0,901,691867,买盘,601288,2025-10-17 22:48:29
09:58:27,7.68,0.0,2405,1846810,买盘,601288,2025-10-17 22:48:29
09:58:30,7.68,0.0,1115,855950,买盘,601288,2025-10-17 22:48:29
09:58:33,7.68,0.0,1736,1332924,买盘,601288,2025-10-17 22:48:29
09:58:36,7.68,0.0,1206,925952,买盘,601288,2025-10-17 22:48:29
09:58:39,7.68,0.0,1322,1015256,买盘,601288,2025-10-17 22:48:29
09:58:42,7.67,-0.01,1283,985164,卖盘,601288,2025-10-17 22:48:29
09:58:45,7.67,0.0,15660,12011234,卖盘,601288,2025-10-17 22:48:29
09:58:48,7.67,0.0,767,587972,买盘,601288,2025-10-17 22:48:29
09:58:51,7.67,0.0,471,361231,买盘,601288,2025-10-17 22:48:29
09:58:54,7.67,0.0,438,335629,买盘,601288,2025-10-17 22:48:29
09:58:57,7.67,0.0,1289,988169,买盘,601288,2025-10-17 22:48:29
09:59:00,7.66,-0.01,1341,1027391,卖盘,601288,2025-10-17 22:48:29
09:59:03,7.66,0.0,8097,6203448,卖盘,601288,2025-10-17 22:48:29
09:59:06,7.66,0.0,4581,3506873,买盘,601288,2025-10-17 22:48:29
09:59:09,7.65,-0.01,2482,1901164,卖盘,601288,2025-10-17 22:48:29
09:59:12,7.65,0.0,697,533766,卖盘,601288,2025-10-17 22:48:29
09:59:15,7.66,0.01,540,413448,买盘,601288,2025-10-17 22:48:29
09:59:18,7.66,0.0,443,339053,买盘,601288,2025-10-17 22:48:29
09:59:21,7.66,0.0,903,691677,买盘,601288,2025-10-17 22:48:29
09:59:24,7.66,0.0,674,516258,买盘,601288,2025-10-17 22:48:29
09:59:27,7.66,0.0,2357,1805421,买盘,601288,2025-10-17 22:48:29
09:59:30,7.66,0.0,1629,1247204,买盘,601288,2025-10-17 22:48:29
09:59:33,7.66,0.0,1231,942626,买盘,601288,2025-10-17 22:48:29
09:59:36,7.65,-0.01,956,732172,卖盘,601288,2025-10-17 22:48:29
09:59:39,7.66,0.01,780,597421,买盘,601288,2025-10-17 22:48:29
09:59:42,7.66,0.0,2629,2013814,买盘,601288,2025-10-17 22:48:29
09:59:45,7.67,0.01,1590,1218957,买盘,601288,2025-10-17 22:48:29
09:59:48,7.66,-0.01,670,513650,卖盘,601288,2025-10-17 22:48:29
09:59:51,7.67,0.01,1069,819839,买盘,601288,2025-10-17 22:48:29
09:59:54,7.67,0.0,535,410023,买盘,601288,2025-10-17 22:48:29
09:59:57,7.67,0.0,2282,1749975,买盘,601288,2025-10-17 22:48:29
10:00:00,7.67,0.0,1152,883037,买盘,601288,2025-10-17 22:48:29
10:00:03,7.66,-0.01,3162,2424768,卖盘,601288,2025-10-17 22:48:29
10:00:06,7.67,0.01,4120,3159150,买盘,601288,2025-10-17 22:48:29
10:00:09,7.67,0.0,2635,2020242,买盘,601288,2025-10-17 22:48:29
10:00:12,7.67,0.0,1904,1459039,买盘,601288,2025-10-17 22:48:29
10:00:15,7.67,0.0,1392,1067490,买盘,601288,2025-10-17 22:48:29
10:00:18,7.66,-0.01,1442,1105842,卖盘,601288,2025-10-17 22:48:29
10:00:21,7.67,0.01,1169,896394,买盘,601288,2025-10-17 22:48:29
10:00:24,7.67,0.0,218,167203,买盘,601288,2025-10-17 22:48:29
10:00:27,7.67,0.0,1443,1106212,买盘,601288,2025-10-17 22:48:29
10:00:30,7.66,-0.01,348,266661,卖盘,601288,2025-10-17 22:48:29
10:00:33,7.67,0.01,1070,820239,买盘,601288,2025-10-17 22:48:29
10:00:36,7.66,-0.01,161,123441,卖盘,601288,2025-10-17 22:48:29
10:00:39,7.67,0.01,428,328253,买盘,601288,2025-10-17 22:48:29
10:00:42,7.66,-0.01,271,207669,卖盘,601288,2025-10-17 22:48:29
10:00:45,7.67,0.01,490,375756,买盘,601288,2025-10-17 22:48:29
10:00:48,7.67,0.0,735,563522,买盘,601288,2025-10-17 22:48:29
10:00:51,7.67,0.0,1023,784471,买盘,601288,2025-10-17 22:48:29
10:00:54,7.67,0.0,205,157147,买盘,601288,2025-10-17 22:48:29
10:00:57,7.67,0.0,1037,794846,买盘,601288,2025-10-17 22:48:29
10:01:00,7.66,-0.01,5235,4010648,卖盘,601288,2025-10-17 22:48:29
10:01:03,7.65,-0.01,5560,4258814,卖盘,601288,2025-10-17 22:48:29
10:01:06,7.65,0.0,582,445548,卖盘,601288,2025-10-17 22:48:29
10:01:09,7.66,0.01,4302,3295241,买盘,601288,2025-10-17 22:48:29
10:01:12,7.66,0.0,1706,1306531,买盘,601288,2025-10-17 22:48:29
10:01:15,7.66,0.0,1419,1086773,买盘,601288,2025-10-17 22:48:29
10:01:18,7.66,0.0,792,606615,买盘,601288,2025-10-17 22:48:29
10:01:21,7.66,0.0,1775,1359600,买盘,601288,2025-10-17 22:48:29
10:01:24,7.66,0.0,735,562749,买盘,601288,2025-10-17 22:48:29
10:01:27,7.66,0.0,1416,1084506,买盘,601288,2025-10-17 22:48:29
10:01:30,7.66,0.0,675,516730,买盘,601288,2025-10-17 22:48:29
10:01:33,7.66,0.0,1317,1008606,买盘,601288,2025-10-17 22:48:29
10:01:36,7.65,-0.01,563,430959,卖盘,601288,2025-10-17 22:48:29
10:01:39,7.65,0.0,715,547441,卖盘,601288,2025-10-17 22:48:29
10:01:42,7.65,0.0,391,299140,卖盘,601288,2025-10-17 22:48:29
10:01:45,7.65,0.0,787,602465,卖盘,601288,2025-10-17 22:48:29
10:01:48,7.65,0.0,1515,1159182,卖盘,601288,2025-10-17 22:48:29
10:01:51,7.65,0.0,16853,12893143,卖盘,601288,2025-10-17 22:48:29
10:01:54,7.65,0.0,371,283815,买盘,601288,2025-10-17 22:48:29
10:01:57,7.65,0.0,547,418312,买盘,601288,2025-10-17 22:48:29
10:02:00,7.64,-0.01,1114,851392,卖盘,601288,2025-10-17 22:48:29
10:02:03,7.64,0.0,2302,1760696,卖盘,601288,2025-10-17 22:48:29
10:02:06,7.65,0.01,2287,1748384,买盘,601288,2025-10-17 22:48:29
10:02:09,7.64,-0.01,1651,1262329,卖盘,601288,2025-10-17 22:48:29
10:02:12,7.65,0.01,634,484665,买盘,601288,2025-10-17 22:48:29
10:02:15,7.65,0.0,1061,811399,买盘,601288,2025-10-17 22:48:29
10:02:18,7.65,0.0,2558,1956867,买盘,601288,2025-10-17 22:48:29
10:02:21,7.65,0.0,2406,1841976,卖盘,601288,2025-10-17 22:48:29
10:02:24,7.65,0.0,508,388625,卖盘,601288,2025-10-17 22:48:29
10:02:27,7.66,0.01,2523,1930414,买盘,601288,2025-10-17 22:48:29
10:02:30,7.65,-0.01,560,428453,卖盘,601288,2025-10-17 22:48:29
10:02:33,7.65,0.0,1135,868866,卖盘,601288,2025-10-17 22:48:29
10:02:36,7.65,0.0,422,323158,卖盘,601288,2025-10-17 22:48:29
10:02:39,7.65,0.0,985,754018,卖盘,601288,2025-10-17 22:48:29
10:02:42,7.66,0.01,164,125505,买盘,601288,2025-10-17 22:48:29
10:02:45,7.66,0.0,603,461774,买盘,601288,2025-10-17 22:48:29
10:02:48,7.66,0.0,480,367474,买盘,601288,2025-10-17 22:48:29
10:02:51,7.65,-0.01,1095,838523,卖盘,601288,2025-10-17 22:48:29
10:02:54,7.65,0.0,1229,941059,卖盘,601288,2025-10-17 22:48:29
10:02:57,7.65,0.0,3597,2752841,卖盘,601288,2025-10-17 22:48:29
10:03:00,7.65,0.0,492,376511,卖盘,601288,2025-10-17 22:48:29
10:03:03,7.65,0.0,1791,1371043,卖盘,601288,2025-10-17 22:48:29
10:03:06,7.65,0.0,1864,1426121,卖盘,601288,2025-10-17 22:48:29
10:03:09,7.65,0.0,1467,1123052,卖盘,601288,2025-10-17 22:48:29
10:03:12,7.65,0.0,790,604749,卖盘,601288,2025-10-17 22:48:29
10:03:15,7.65,0.0,756,578866,卖盘,601288,2025-10-17 22:48:29
10:03:18,7.65,0.0,4142,3171983,买盘,601288,2025-10-17 22:48:29
10:03:21,7.65,0.0,1714,1311102,买盘,601288,2025-10-17 22:48:29
10:03:24,7.65,0.0,392,299689,买盘,601288,2025-10-17 22:48:29
10:03:27,7.65,0.0,669,511828,卖盘,601288,2025-10-17 22:48:29
10:03:30,7.65,0.0,445,340456,卖盘,601288,2025-10-17 22:48:29
10:03:33,7.65,0.0,1517,1160696,卖盘,601288,2025-10-17 22:48:29
10:03:36,7.66,0.01,1253,959544,买盘,601288,2025-10-17 22:48:29
10:03:39,7.65,-0.01,1171,896675,卖盘,601288,2025-10-17 22:48:29
10:03:42,7.66,0.01,379,290284,买盘,601288,2025-10-17 22:48:29
10:03:45,7.65,-0.01,1314,1005797,卖盘,601288,2025-10-17 22:48:29
10:03:48,7.66,0.01,393,300859,买盘,601288,2025-10-17 22:48:29
10:03:51,7.65,-0.01,858,657049,卖盘,601288,2025-10-17 22:48:29
10:03:54,7.66,0.01,776,594280,买盘,601288,2025-10-17 22:48:29
10:03:57,7.66,0.0,462,353847,买盘,601288,2025-10-17 22:48:29
10:04:00,7.65,-0.01,1265,967881,卖盘,601288,2025-10-17 22:48:29
10:04:03,7.65,0.0,3507,2684385,卖盘,601288,2025-10-17 22:48:29
10:04:06,7.66,0.01,1870,1432329,买盘,601288,2025-10-17 22:48:29
10:04:09,7.66,0.0,1369,1048592,买盘,601288,2025-10-17 22:48:29
10:04:12,7.65,-0.01,769,588369,卖盘,601288,2025-10-17 22:48:29
10:04:15,7.66,0.01,761,582696,买盘,601288,2025-10-17 22:48:29
10:04:18,7.66,0.0,3471,2656361,买盘,601288,2025-10-17 22:48:29
10:04:21,7.65,-0.01,1249,956500,卖盘,601288,2025-10-17 22:48:29
10:04:24,7.65,0.0,248,189838,卖盘,601288,2025-10-17 22:48:29
10:04:27,7.66,0.01,2106,1614755,买盘,601288,2025-10-17 22:48:29
10:04:30,7.65,-0.01,263,201220,卖盘,601288,2025-10-17 22:48:29
10:04:33,7.65,0.0,602,461057,卖盘,601288,2025-10-17 22:48:29
10:04:36,7.65,0.0,817,625206,卖盘,601288,2025-10-17 22:48:29
10:04:39,7.65,0.0,952,728995,卖盘,601288,2025-10-17 22:48:29
10:04:42,7.66,0.01,845,647122,买盘,601288,2025-10-17 22:48:29
10:04:45,7.65,-0.01,379,290273,卖盘,601288,2025-10-17 22:48:29
10:04:48,7.65,0.0,2930,2241505,卖盘,601288,2025-10-17 22:48:29
10:04:51,7.65,0.0,1744,1334576,卖盘,601288,2025-10-17 22:48:29
10:04:54,7.65,0.0,3669,2807116,买盘,601288,2025-10-17 22:48:29
10:04:57,7.65,0.0,3269,2502878,买盘,601288,2025-10-17 22:48:29
10:05:00,7.65,0.0,1107,846370,买盘,601288,2025-10-17 22:48:29
10:05:03,7.65,0.0,1211,926291,买盘,601288,2025-10-17 22:48:29
10:05:06,7.64,-0.01,507,387837,卖盘,601288,2025-10-17 22:48:29
10:05:09,7.64,0.0,592,452771,卖盘,601288,2025-10-17 22:48:29
10:05:12,7.64,0.0,2402,1837057,卖盘,601288,2025-10-17 22:48:29
10:05:15,7.64,0.0,887,678268,卖盘,601288,2025-10-17 22:48:29
10:05:18,7.64,0.0,301,230041,卖盘,601288,2025-10-17 22:48:29
10:05:21,7.64,0.0,1489,1137877,卖盘,601288,2025-10-17 22:48:29
10:05:24,7.64,0.0,2785,2127763,卖盘,601288,2025-10-17 22:48:29
10:05:27,7.64,0.0,3642,2783307,卖盘,601288,2025-10-17 22:48:29
10:05:30,7.64,0.0,4512,3447237,卖盘,601288,2025-10-17 22:48:29
10:05:33,7.64,0.0,4392,3357202,卖盘,601288,2025-10-17 22:48:29
10:05:36,7.64,0.0,4659,3559636,卖盘,601288,2025-10-17 22:48:29
10:05:39,7.64,0.0,2387,1825474,卖盘,601288,2025-10-17 22:48:29
10:05:42,7.64,0.0,638,487502,卖盘,601288,2025-10-17 22:48:29
10:05:45,7.64,0.0,7051,5387365,卖盘,601288,2025-10-17 22:48:29
10:05:48,7.64,0.0,1231,940046,买盘,601288,2025-10-17 22:48:29
10:05:51,7.63,-0.01,2295,1753047,卖盘,601288,2025-10-17 22:48:29
10:05:54,7.63,0.0,432,329773,卖盘,601288,2025-10-17 22:48:29
10:05:57,7.63,0.0,762,581723,卖盘,601288,2025-10-17 22:48:29
10:06:00,7.64,0.01,1121,855401,买盘,601288,2025-10-17 22:48:29
10:06:03,7.63,-0.01,2141,1633746,卖盘,601288,2025-10-17 22:48:29
10:06:06,7.64,0.01,2127,1623004,买盘,601288,2025-10-17 22:48:29
10:06:09,7.63,-0.01,697,531896,卖盘,601288,2025-10-17 22:48:29
10:06:12,7.64,0.01,595,454109,买盘,601288,2025-10-17 22:48:29
10:06:15,7.64,0.0,535,408258,买盘,601288,2025-10-17 22:48:29
10:06:18,7.64,0.0,606,462522,买盘,601288,2025-10-17 22:48:29
10:06:21,7.63,-0.01,506,386337,卖盘,601288,2025-10-17 22:48:29
10:06:24,7.63,0.0,348,265734,卖盘,601288,2025-10-17 22:48:29
10:06:27,7.63,0.0,745,568863,卖盘,601288,2025-10-17 22:48:29
10:06:30,7.64,0.01,3659,2792385,买盘,601288,2025-10-17 22:48:29
10:06:33,7.64,0.0,1324,1011063,买盘,601288,2025-10-17 22:48:29
10:06:36,7.63,-0.01,795,607046,卖盘,601288,2025-10-17 22:48:29
10:06:39,7.63,0.0,2553,1948057,卖盘,601288,2025-10-17 22:48:29
10:06:42,7.64,0.01,1990,1519336,买盘,601288,2025-10-17 22:48:29
10:06:45,7.63,-0.01,403,307766,卖盘,601288,2025-10-17 22:48:29
10:06:48,7.63,0.0,437,333487,卖盘,601288,2025-10-17 22:48:29
10:06:51,7.63,0.0,453,345985,卖盘,601288,2025-10-17 22:48:29
10:06:54,7.63,0.0,1237,944069,卖盘,601288,2025-10-17 22:48:29
10:06:57,7.63,0.0,1286,981960,卖盘,601288,2025-10-17 22:48:29
10:07:00,7.63,0.0,1674,1277676,卖盘,601288,2025-10-17 22:48:29
10:07:03,7.63,0.0,3924,2994700,卖盘,601288,2025-10-17 22:48:29
10:07:06,7.63,0.0,2182,1665142,卖盘,601288,2025-10-17 22:48:29
10:07:09,7.64,0.01,3425,2615036,买盘,601288,2025-10-17 22:48:29
10:07:12,7.63,-0.01,1779,1357393,卖盘,601288,2025-10-17 22:48:29
10:07:15,7.63,0.0,2546,1942641,卖盘,601288,2025-10-17 22:48:29
10:07:18,7.63,0.0,1029,785053,买盘,601288,2025-10-17 22:48:29
10:07:21,7.63,0.0,583,444607,买盘,601288,2025-10-17 22:48:29
10:07:24,7.62,-0.01,1026,782674,卖盘,601288,2025-10-17 22:48:29
10:07:27,7.62,0.0,673,513326,卖盘,601288,2025-10-17 22:48:29
10:07:30,7.62,0.0,954,727595,卖盘,601288,2025-10-17 22:48:29
10:07:33,7.62,0.0,821,625686,卖盘,601288,2025-10-17 22:48:29
10:07:36,7.62,0.0,635,484289,卖盘,601288,2025-10-17 22:48:29
10:07:39,7.62,0.0,1133,864007,卖盘,601288,2025-10-17 22:48:29
10:07:42,7.62,0.0,1498,1141928,卖盘,601288,2025-10-17 22:48:29
10:07:45,7.62,0.0,692,527343,卖盘,601288,2025-10-17 22:48:29
10:07:48,7.62,0.0,8322,6342076,卖盘,601288,2025-10-17 22:48:29
10:07:51,7.62,0.0,2383,1815984,卖盘,601288,2025-10-17 22:48:29
10:07:54,7.63,0.01,3894,2970336,买盘,601288,2025-10-17 22:48:29
10:07:57,7.62,-0.01,1023,780252,卖盘,601288,2025-10-17 22:48:29
10:08:00,7.63,0.01,1250,954220,中性盘,601288,2025-10-17 22:48:29
10:08:03,7.62,-0.01,1128,860010,卖盘,601288,2025-10-17 22:48:29
10:08:06,7.63,0.01,536,408943,买盘,601288,2025-10-17 22:48:29
10:08:09,7.62,-0.01,1255,957329,卖盘,601288,2025-10-17 22:48:29
10:08:12,7.62,0.0,1102,840347,卖盘,601288,2025-10-17 22:48:29
10:08:15,7.62,0.0,292,222717,卖盘,601288,2025-10-17 22:48:29
10:08:18,7.65,0.03,18949,14474145,买盘,601288,2025-10-17 22:48:29
10:08:21,7.65,0.0,5849,4474211,买盘,601288,2025-10-17 22:48:29
10:08:24,7.64,-0.01,1773,1356055,卖盘,601288,2025-10-17 22:48:29
10:08:27,7.64,0.0,255,194848,卖盘,601288,2025-10-17 22:48:29
10:08:30,7.64,0.0,969,740236,卖盘,601288,2025-10-17 22:48:29
10:08:33,7.64,0.0,1263,965438,买盘,601288,2025-10-17 22:48:29
10:08:36,7.65,0.01,686,524088,买盘,601288,2025-10-17 22:48:29
10:08:39,7.65,0.0,650,496847,买盘,601288,2025-10-17 22:48:29
10:08:42,7.64,-0.01,613,468567,卖盘,601288,2025-10-17 22:48:29
10:08:45,7.64,0.0,1286,982972,卖盘,601288,2025-10-17 22:48:29
10:08:48,7.65,0.01,905,691988,买盘,601288,2025-10-17 22:48:29
10:08:51,7.63,-0.02,1132,865513,卖盘,601288,2025-10-17 22:48:29
10:08:54,7.64,0.01,496,378894,中性盘,601288,2025-10-17 22:48:29
10:08:57,7.64,0.0,1213,927397,买盘,601288,2025-10-17 22:48:29
10:09:00,7.64,0.0,1221,932587,买盘,601288,2025-10-17 22:48:29
10:09:03,7.64,0.0,1081,825514,买盘,601288,2025-10-17 22:48:29
10:09:06,7.63,-0.01,1245,951023,卖盘,601288,2025-10-17 22:48:29
10:09:09,7.65,0.02,649,495899,买盘,601288,2025-10-17 22:48:29
10:09:12,7.64,-0.01,596,455302,卖盘,601288,2025-10-17 22:48:29
10:09:15,7.64,0.0,250,190997,买盘,601288,2025-10-17 22:48:29
10:09:18,7.64,0.0,704,537795,买盘,601288,2025-10-17 22:48:29
10:09:21,7.64,0.0,1129,862491,买盘,601288,2025-10-17 22:48:29
10:09:24,7.64,0.0,689,526292,买盘,601288,2025-10-17 22:48:29
10:09:27,7.64,0.0,509,388842,买盘,601288,2025-10-17 22:48:29
10:09:30,7.64,0.0,769,587291,买盘,601288,2025-10-17 22:48:29
10:09:33,7.64,0.0,955,729793,卖盘,601288,2025-10-17 22:48:29
10:09:36,7.64,0.0,890,680161,买盘,601288,2025-10-17 22:48:29
10:09:39,7.64,0.0,1586,1212246,买盘,601288,2025-10-17 22:48:29
10:09:42,7.64,0.0,1364,1042015,卖盘,601288,2025-10-17 22:48:29
10:09:45,7.64,0.0,1004,767006,买盘,601288,2025-10-17 22:48:29
10:09:48,7.63,-0.01,764,583645,卖盘,601288,2025-10-17 22:48:29
10:09:51,7.64,0.01,773,590163,买盘,601288,2025-10-17 22:48:29
10:09:54,7.64,0.0,299,228398,买盘,601288,2025-10-17 22:48:29
10:09:57,7.64,0.0,267,203849,买盘,601288,2025-10-17 22:48:29
10:10:00,7.63,-0.01,426,325210,卖盘,601288,2025-10-17 22:48:29
10:10:03,7.64,0.01,5552,4236577,买盘,601288,2025-10-17 22:48:29
10:10:06,7.64,0.0,735,561403,买盘,601288,2025-10-17 22:48:29
10:10:09,7.63,-0.01,444,339052,卖盘,601288,2025-10-17 22:48:29
10:10:12,7.63,0.0,702,536130,卖盘,601288,2025-10-17 22:48:29
10:10:15,7.64,0.01,648,495022,买盘,601288,2025-10-17 22:48:29
10:10:18,7.64,0.0,190,145118,买盘,601288,2025-10-17 22:48:29
10:10:21,7.64,0.0,211,161165,买盘,601288,2025-10-17 22:48:29
10:10:24,7.64,0.0,1525,1164911,买盘,601288,2025-10-17 22:48:29
10:10:27,7.63,-0.01,500,381908,卖盘,601288,2025-10-17 22:48:29
10:10:30,7.63,0.0,1831,1398686,卖盘,601288,2025-10-17 22:48:29
10:10:33,7.65,0.02,1309,1000192,买盘,601288,2025-10-17 22:48:29
10:10:36,7.64,-0.01,773,590540,买盘,601288,2025-10-17 22:48:29
10:10:39,7.64,0.0,304,232144,卖盘,601288,2025-10-17 22:48:29
10:10:42,7.64,0.0,768,586758,卖盘,601288,2025-10-17 22:48:29
10:10:45,7.65,0.01,775,592365,买盘,601288,2025-10-17 22:48:29
10:10:48,7.64,-0.01,186,142093,中性盘,601288,2025-10-17 22:48:29
10:10:51,7.64,0.0,605,462244,买盘,601288,2025-10-17 22:48:29
10:10:54,7.63,-0.01,608,464409,卖盘,601288,2025-10-17 22:48:29
10:10:57,7.64,0.01,732,558979,买盘,601288,2025-10-17 22:48:29
10:11:00,7.64,0.0,438,334456,买盘,601288,2025-10-17 22:48:29
10:11:03,7.64,0.0,1301,993923,买盘,601288,2025-10-17 22:48:29
10:11:06,7.64,0.0,231,176479,买盘,601288,2025-10-17 22:48:29
10:11:09,7.64,0.0,1076,821964,买盘,601288,2025-10-17 22:48:29
10:11:12,7.64,0.0,1045,797778,买盘,601288,2025-10-17 22:48:29
10:11:15,7.64,0.0,613,468268,买盘,601288,2025-10-17 22:48:29
10:11:18,7.63,-0.01,356,271894,卖盘,601288,2025-10-17 22:48:29
10:11:21,7.64,0.01,171,130639,买盘,601288,2025-10-17 22:48:29
10:11:24,7.64,0.0,932,711884,买盘,601288,2025-10-17 22:48:29
10:11:27,7.64,0.0,602,459777,买盘,601288,2025-10-17 22:48:29
10:11:30,7.64,0.0,539,411470,买盘,601288,2025-10-17 22:48:29
10:11:33,7.64,0.0,1424,1087091,买盘,601288,2025-10-17 22:48:29
10:11:36,7.64,0.0,1154,881609,买盘,601288,2025-10-17 22:48:29
10:11:39,7.64,0.0,790,603481,买盘,601288,2025-10-17 22:48:29
10:11:42,7.64,0.0,849,648606,买盘,601288,2025-10-17 22:48:29
10:11:45,7.63,-0.01,554,422970,卖盘,601288,2025-10-17 22:48:29
10:11:48,7.63,0.0,429,327565,卖盘,601288,2025-10-17 22:48:29
10:11:51,7.64,0.01,1181,902168,买盘,601288,2025-10-17 22:48:29
10:11:54,7.63,-0.01,678,517469,卖盘,601288,2025-10-17 22:48:29
10:11:57,7.64,0.01,212,161804,买盘,601288,2025-10-17 22:48:29
10:12:00,7.63,-0.01,894,682178,卖盘,601288,2025-10-17 22:48:29
10:12:03,7.63,0.0,576,439870,卖盘,601288,2025-10-17 22:48:29
10:12:06,7.63,0.0,847,646707,卖盘,601288,2025-10-17 22:48:29
10:12:09,7.63,0.0,603,460091,卖盘,601288,2025-10-17 22:48:29
10:12:12,7.63,0.0,17494,13347281,卖盘,601288,2025-10-17 22:48:29
10:12:15,7.63,0.0,273,208278,卖盘,601288,2025-10-17 22:48:29
10:12:18,7.63,0.0,2925,2231575,买盘,601288,2025-10-17 22:48:29
10:12:21,7.63,0.0,2119,1616886,卖盘,601288,2025-10-17 22:48:29
10:12:24,7.64,0.01,1952,1489594,买盘,601288,2025-10-17 22:48:29
10:12:27,7.63,-0.01,213,162536,卖盘,601288,2025-10-17 22:48:29
10:12:30,7.64,0.01,529,403723,买盘,601288,2025-10-17 22:48:29
10:12:33,7.63,-0.01,924,705153,卖盘,601288,2025-10-17 22:48:29
10:12:36,7.63,0.0,4743,3618913,卖盘,601288,2025-10-17 22:48:29
10:12:39,7.63,0.0,981,748539,买盘,601288,2025-10-17 22:48:29
10:12:42,7.63,0.0,546,416811,卖盘,601288,2025-10-17 22:48:29
10:12:45,7.63,0.0,728,555610,卖盘,601288,2025-10-17 22:48:29
10:12:48,7.63,0.0,367,280021,卖盘,601288,2025-10-17 22:48:29
10:12:51,7.63,0.0,387,295280,买盘,601288,2025-10-17 22:48:29
10:12:54,7.63,0.0,318,242448,买盘,601288,2025-10-17 22:48:29
10:12:57,7.63,0.0,209,159443,买盘,601288,2025-10-17 22:48:29
10:13:00,7.62,-0.01,361,275185,卖盘,601288,2025-10-17 22:48:29
10:13:03,7.62,0.0,439,334669,卖盘,601288,2025-10-17 22:48:29
10:13:06,7.62,0.0,2646,2016256,卖盘,601288,2025-10-17 22:48:29
10:13:09,7.62,0.0,2127,1621897,卖盘,601288,2025-10-17 22:48:29
10:13:12,7.62,0.0,1690,1288335,卖盘,601288,2025-10-17 22:48:29
10:13:15,7.63,0.01,1355,1033497,买盘,601288,2025-10-17 22:48:29
10:13:18,7.62,-0.01,527,401810,卖盘,601288,2025-10-17 22:48:29
10:13:21,7.62,0.0,817,623241,卖盘,601288,2025-10-17 22:48:29
10:13:24,7.62,0.0,1921,1464110,卖盘,601288,2025-10-17 22:48:29
10:13:27,7.63,0.01,1341,1022592,买盘,601288,2025-10-17 22:48:29
10:13:30,7.63,0.0,1523,1160802,买盘,601288,2025-10-17 22:48:29
10:13:33,7.63,0.0,1011,770962,买盘,601288,2025-10-17 22:48:29
10:13:36,7.62,-0.01,1050,800210,卖盘,601288,2025-10-17 22:48:29
10:13:39,7.63,0.01,1324,1009437,买盘,601288,2025-10-17 22:48:29
10:13:42,7.62,-0.01,569,433933,卖盘,601288,2025-10-17 22:48:29
10:13:45,7.62,0.0,619,472060,卖盘,601288,2025-10-17 22:48:29
10:13:48,7.62,0.0,947,722276,卖盘,601288,2025-10-17 22:48:29
10:13:51,7.62,0.0,976,744432,卖盘,601288,2025-10-17 22:48:29
10:13:54,7.62,0.0,3783,2882854,卖盘,601288,2025-10-17 22:48:29
10:13:57,7.62,0.0,2577,1965025,卖盘,601288,2025-10-17 22:48:29
10:14:00,7.62,0.0,967,736982,卖盘,601288,2025-10-17 22:48:29
10:14:03,7.62,0.0,3361,2561967,卖盘,601288,2025-10-17 22:48:29
10:14:06,7.62,0.0,4076,3106094,卖盘,601288,2025-10-17 22:48:29
10:14:09,7.62,0.0,4057,3093193,卖盘,601288,2025-10-17 22:48:29
10:14:12,7.62,0.0,702,534928,卖盘,601288,2025-10-17 22:48:29
10:14:15,7.63,0.01,3697,2818435,买盘,601288,2025-10-17 22:48:29
10:14:18,7.63,0.0,852,649580,买盘,601288,2025-10-17 22:48:29
10:14:21,7.62,-0.01,1253,955823,卖盘,601288,2025-10-17 22:48:29
10:14:24,7.63,0.01,514,391895,买盘,601288,2025-10-17 22:48:29
10:14:27,7.63,0.0,4257,3247848,买盘,601288,2025-10-17 22:48:29
10:14:30,7.63,0.0,459,349864,买盘,601288,2025-10-17 22:48:29
10:14:33,7.62,-0.01,1611,1228935,卖盘,601288,2025-10-17 22:48:29
10:14:36,7.63,0.01,69,52591,买盘,601288,2025-10-17 22:48:29
10:14:39,7.63,0.0,469,357780,买盘,601288,2025-10-17 22:48:29
10:14:42,7.62,-0.01,657,500963,卖盘,601288,2025-10-17 22:48:29
10:14:45,7.62,0.0,387,295210,卖盘,601288,2025-10-17 22:48:29
10:14:48,7.63,0.01,174,132606,买盘,601288,2025-10-17 22:48:29
10:14:51,7.62,-0.01,460,350708,卖盘,601288,2025-10-17 22:48:29
10:14:54,7.63,0.01,251,191455,买盘,601288,2025-10-17 22:48:29
10:14:57,7.62,-0.01,362,276123,卖盘,601288,2025-10-17 22:48:29
10:15:00,7.63,0.01,863,657888,买盘,601288,2025-10-17 22:48:29
10:15:03,7.63,0.0,557,424852,买盘,601288,2025-10-17 22:48:29
10:15:06,7.63,0.0,233,177671,买盘,601288,2025-10-17 22:48:29
10:15:09,7.63,0.0,1082,825179,买盘,601288,2025-10-17 22:48:29
10:15:12,7.63,0.0,243,185350,买盘,601288,2025-10-17 22:48:29
10:15:15,7.63,0.0,1242,947187,买盘,601288,2025-10-17 22:48:29
10:15:18,7.63,0.0,496,378093,买盘,601288,2025-10-17 22:48:29
10:15:21,7.63,0.0,554,422617,买盘,601288,2025-10-17 22:48:29
10:15:24,7.63,0.0,796,606946,买盘,601288,2025-10-17 22:48:29
10:15:27,7.63,0.0,4624,3528047,买盘,601288,2025-10-17 22:48:29
10:15:30,7.64,0.01,1070,816638,买盘,601288,2025-10-17 22:48:29
10:15:33,7.64,0.0,725,553226,买盘,601288,2025-10-17 22:48:29
10:15:36,7.64,0.0,556,424714,买盘,601288,2025-10-17 22:48:29
10:15:39,7.63,-0.01,283,216202,卖盘,601288,2025-10-17 22:48:29
10:15:42,7.63,0.0,109,83201,卖盘,601288,2025-10-17 22:48:29
10:15:45,7.63,0.0,410,312922,卖盘,601288,2025-10-17 22:48:29
10:15:48,7.63,0.0,115,87859,卖盘,601288,2025-10-17 22:48:29
10:15:51,7.64,0.01,514,392424,买盘,601288,2025-10-17 22:48:29
10:15:54,7.64,0.0,258,197093,买盘,601288,2025-10-17 22:48:29
10:15:57,7.64,0.0,591,451179,买盘,601288,2025-10-17 22:48:29
10:16:00,7.64,0.0,1256,959179,买盘,601288,2025-10-17 22:48:29
10:16:03,7.64,0.0,1318,1006805,买盘,601288,2025-10-17 22:48:29
10:16:06,7.64,0.0,472,360385,买盘,601288,2025-10-17 22:48:29
10:16:09,7.64,0.0,673,514125,买盘,601288,2025-10-17 22:48:29
10:16:12,7.64,0.0,304,232046,买盘,601288,2025-10-17 22:48:29
10:16:15,7.64,0.0,883,673886,买盘,601288,2025-10-17 22:48:29
10:16:18,7.63,-0.01,2192,1672517,卖盘,601288,2025-10-17 22:48:29
10:16:21,7.62,-0.01,10654,8118693,卖盘,601288,2025-10-17 22:48:29
10:16:24,7.62,0.0,850,647465,买盘,601288,2025-10-17 22:48:29
10:16:27,7.62,0.0,499,380208,买盘,601288,2025-10-17 22:48:29
10:16:30,7.62,0.0,1198,912678,买盘,601288,2025-10-17 22:48:29
10:16:33,7.61,-0.01,719,547877,卖盘,601288,2025-10-17 22:48:29
10:16:36,7.62,0.01,1054,802465,买盘,601288,2025-10-17 22:48:29
10:16:39,7.61,-0.01,641,488294,卖盘,601288,2025-10-17 22:48:29
10:16:42,7.62,0.01,427,325322,买盘,601288,2025-10-17 22:48:29
10:16:45,7.62,0.0,1164,886962,买盘,601288,2025-10-17 22:48:29
10:16:48,7.62,0.0,417,317361,买盘,601288,2025-10-17 22:48:29
10:16:51,7.62,0.0,624,475420,买盘,601288,2025-10-17 22:48:29
10:16:54,7.62,0.0,387,294577,买盘,601288,2025-10-17 22:48:29
10:16:57,7.62,0.0,1766,1344408,买盘,601288,2025-10-17 22:48:29
10:17:00,7.62,0.0,3482,2652933,买盘,601288,2025-10-17 22:48:29
10:17:03,7.62,0.0,1664,1267708,买盘,601288,2025-10-17 22:48:29
10:17:06,7.61,-0.01,723,550750,卖盘,601288,2025-10-17 22:48:29
10:17:09,7.62,0.01,523,398443,买盘,601288,2025-10-17 22:48:29
10:17:12,7.61,-0.01,237,180430,卖盘,601288,2025-10-17 22:48:29
10:17:15,7.61,0.0,870,662354,卖盘,601288,2025-10-17 22:48:29
10:17:18,7.62,0.01,856,651586,买盘,601288,2025-10-17 22:48:29
10:17:21,7.61,-0.01,1075,818617,卖盘,601288,2025-10-17 22:48:29
10:17:24,7.61,0.0,484,368348,卖盘,601288,2025-10-17 22:48:29
10:17:27,7.61,0.0,1641,1249151,卖盘,601288,2025-10-17 22:48:29
10:17:30,7.61,0.0,713,542673,卖盘,601288,2025-10-17 22:48:29
10:17:33,7.61,0.0,1981,1508156,卖盘,601288,2025-10-17 22:48:29
10:17:36,7.61,0.0,1104,840170,卖盘,601288,2025-10-17 22:48:29
10:17:39,7.61,0.0,1983,1510004,卖盘,601288,2025-10-17 22:48:29
10:17:42,7.62,0.01,3858,2935952,买盘,601288,2025-10-17 22:48:29
10:17:45,7.61,-0.01,1976,1505166,卖盘,601288,2025-10-17 22:48:29
10:17:48,7.61,0.0,2695,2051136,卖盘,601288,2025-10-17 22:48:29
10:17:51,7.61,0.0,2016,1535199,卖盘,601288,2025-10-17 22:48:29
10:17:54,7.61,0.0,1566,1191839,卖盘,601288,2025-10-17 22:48:29
10:17:57,7.61,0.0,1778,1353807,卖盘,601288,2025-10-17 22:48:29
10:18:00,7.61,0.0,2072,1576914,卖盘,601288,2025-10-17 22:48:29
10:18:03,7.61,0.0,1569,1194863,卖盘,601288,2025-10-17 22:48:29
10:18:06,7.62,0.01,2825,2149909,买盘,601288,2025-10-17 22:48:29
10:18:09,7.61,-0.01,2261,1721622,卖盘,601288,2025-10-17 22:48:29
10:18:12,7.61,0.0,3169,2411198,卖盘,601288,2025-10-17 22:48:29
10:18:15,7.61,0.0,1694,1290135,卖盘,601288,2025-10-17 22:48:29
10:18:18,7.61,0.0,1589,1209202,买盘,601288,2025-10-17 22:48:29
10:18:21,7.61,0.0,1783,1358018,卖盘,601288,2025-10-17 22:48:29
10:18:24,7.61,0.0,402,306001,卖盘,601288,2025-10-17 22:48:29
10:18:27,7.61,0.0,738,562099,卖盘,601288,2025-10-17 22:48:29
10:18:30,7.61,0.0,677,515210,卖盘,601288,2025-10-17 22:48:29
10:18:33,7.61,0.0,1492,1135778,卖盘,601288,2025-10-17 22:48:29
10:18:36,7.61,0.0,281,213862,卖盘,601288,2025-10-17 22:48:29
10:18:39,7.61,0.0,1494,1137875,卖盘,601288,2025-10-17 22:48:29
10:18:42,7.61,0.0,228,173529,卖盘,601288,2025-10-17 22:48:29
10:18:45,7.62,0.01,800,609345,买盘,601288,2025-10-17 22:48:29
10:18:48,7.62,0.0,783,595898,买盘,601288,2025-10-17 22:48:29
10:18:51,7.61,-0.01,1312,998797,卖盘,601288,2025-10-17 22:48:29
10:18:54,7.62,0.01,706,537465,买盘,601288,2025-10-17 22:48:29
10:18:57,7.62,0.0,695,529384,买盘,601288,2025-10-17 22:48:29
10:19:00,7.61,-0.01,470,357783,卖盘,601288,2025-10-17 22:48:29
10:19:03,7.61,0.0,351,267350,卖盘,601288,2025-10-17 22:48:29
10:19:06,7.61,0.0,186,141567,卖盘,601288,2025-10-17 22:48:29
10:19:09,7.61,0.0,402,306084,卖盘,601288,2025-10-17 22:48:29
10:19:12,7.62,0.01,189,143939,买盘,601288,2025-10-17 22:48:29
10:19:15,7.62,0.0,390,296957,买盘,601288,2025-10-17 22:48:29
10:19:18,7.62,0.0,436,331821,买盘,601288,2025-10-17 22:48:29
10:19:21,7.61,-0.01,1217,926732,卖盘,601288,2025-10-17 22:48:29
10:19:24,7.61,0.0,254,193456,卖盘,601288,2025-10-17 22:48:29
10:19:27,7.62,0.01,712,542395,买盘,601288,2025-10-17 22:48:29
10:19:30,7.61,-0.01,1761,1340365,卖盘,601288,2025-10-17 22:48:29
10:19:33,7.61,0.0,1062,808771,卖盘,601288,2025-10-17 22:48:29
10:19:36,7.62,0.01,173,131701,买盘,601288,2025-10-17 22:48:29
10:19:39,7.61,-0.01,542,412671,卖盘,601288,2025-10-17 22:48:29
10:19:42,7.61,0.0,4099,3119370,卖盘,601288,2025-10-17 22:48:29
10:19:45,7.61,0.0,1483,1128463,买盘,601288,2025-10-17 22:48:29
10:19:48,7.61,0.0,220,167408,买盘,601288,2025-10-17 22:48:29
10:19:51,7.61,0.0,251,190975,买盘,601288,2025-10-17 22:48:29
10:19:54,7.6,-0.01,382,290417,卖盘,601288,2025-10-17 22:48:29
10:19:57,7.61,0.01,1131,860013,买盘,601288,2025-10-17 22:48:29
10:20:00,7.61,0.0,466,354221,买盘,601288,2025-10-17 22:48:29
10:20:03,7.6,-0.01,1217,925958,卖盘,601288,2025-10-17 22:48:29
10:20:06,7.6,0.0,416,316337,卖盘,601288,2025-10-17 22:48:29
10:20:09,7.6,0.0,1683,1279697,卖盘,601288,2025-10-17 22:48:29
10:20:12,7.6,0.0,190,144436,卖盘,601288,2025-10-17 22:48:29
10:20:15,7.6,0.0,849,645687,卖盘,601288,2025-10-17 22:48:29
10:20:18,7.6,0.0,365,277434,卖盘,601288,2025-10-17 22:48:29
10:20:21,7.6,0.0,2752,2091891,卖盘,601288,2025-10-17 22:48:29
10:20:24,7.6,0.0,887,674157,卖盘,601288,2025-10-17 22:48:29
10:20:27,7.6,0.0,2324,1767181,卖盘,601288,2025-10-17 22:48:29
10:20:30,7.6,0.0,1080,820830,卖盘,601288,2025-10-17 22:48:29
10:20:33,7.6,0.0,3747,2848527,卖盘,601288,2025-10-17 22:48:29
10:20:36,7.6,0.0,1003,762398,卖盘,601288,2025-10-17 22:48:29
10:20:39,7.6,0.0,2723,2070693,卖盘,601288,2025-10-17 22:48:29
10:20:42,7.6,0.0,1156,878593,卖盘,601288,2025-10-17 22:48:29
10:20:45,7.6,0.0,11169,8489188,卖盘,601288,2025-10-17 22:48:29
10:20:48,7.6,0.0,1750,1330815,卖盘,601288,2025-10-17 22:48:29
10:20:51,7.61,0.01,6130,4661884,买盘,601288,2025-10-17 22:48:29
10:20:54,7.6,-0.01,1349,1025408,卖盘,601288,2025-10-17 22:48:29
10:20:57,7.6,0.0,2099,1596634,卖盘,601288,2025-10-17 22:48:29
10:21:00,7.61,0.01,443,336765,买盘,601288,2025-10-17 22:48:29
10:21:03,7.6,-0.01,2212,1681723,卖盘,601288,2025-10-17 22:48:29
10:21:06,7.6,0.0,726,551818,卖盘,601288,2025-10-17 22:48:29
10:21:09,7.61,0.01,1563,1188558,买盘,601288,2025-10-17 22:48:29
10:21:12,7.61,0.0,929,706174,买盘,601288,2025-10-17 22:48:29
10:21:15,7.6,-0.01,1299,987997,卖盘,601288,2025-10-17 22:48:29
10:21:18,7.61,0.01,73,55527,买盘,601288,2025-10-17 22:48:29
10:21:21,7.61,0.0,555,422144,买盘,601288,2025-10-17 22:48:29
10:21:24,7.61,0.0,289,219663,买盘,601288,2025-10-17 22:48:29
10:21:27,7.61,0.0,455,346143,买盘,601288,2025-10-17 22:48:29
10:21:30,7.61,0.0,2076,1578042,买盘,601288,2025-10-17 22:48:29
10:21:33,7.61,0.0,1025,779842,买盘,601288,2025-10-17 22:48:29
10:21:36,7.6,-0.01,4432,3368481,卖盘,601288,2025-10-17 22:48:29
10:21:39,7.6,0.0,2374,1805662,卖盘,601288,2025-10-17 22:48:29
10:21:42,7.6,0.0,1825,1387048,卖盘,601288,2025-10-17 22:48:29
10:21:45,7.6,0.0,531,403730,卖盘,601288,2025-10-17 22:48:29
10:21:48,7.6,0.0,776,589776,卖盘,601288,2025-10-17 22:48:29
10:21:51,7.6,0.0,665,505411,卖盘,601288,2025-10-17 22:48:29
10:21:54,7.61,0.01,1218,925862,买盘,601288,2025-10-17 22:48:29
10:21:57,7.61,0.0,11162,8493874,买盘,601288,2025-10-17 22:48:29
10:22:00,7.6,-0.01,803,610554,卖盘,601288,2025-10-17 22:48:29
10:22:03,7.6,0.0,547,415863,卖盘,601288,2025-10-17 22:48:29
10:22:06,7.6,0.0,351,266903,卖盘,601288,2025-10-17 22:48:29
10:22:09,7.61,0.01,270,205273,买盘,601288,2025-10-17 22:48:29
10:22:12,7.6,-0.01,649,493354,卖盘,601288,2025-10-17 22:48:29
10:22:15,7.61,0.01,820,623461,买盘,601288,2025-10-17 22:48:29
10:22:18,7.61,0.0,383,291091,买盘,601288,2025-10-17 22:48:29
10:22:21,7.6,-0.01,628,477374,卖盘,601288,2025-10-17 22:48:29
10:22:24,7.6,0.0,317,240957,卖盘,601288,2025-10-17 22:48:29
10:22:27,7.6,0.0,315,239411,卖盘,601288,2025-10-17 22:48:29
10:22:30,7.6,0.0,497,377729,卖盘,601288,2025-10-17 22:48:29
10:22:33,7.61,0.01,508,386248,买盘,601288,2025-10-17 22:48:29
10:22:36,7.6,-0.01,601,456839,卖盘,601288,2025-10-17 22:48:29
10:22:39,7.6,0.0,1714,1302647,卖盘,601288,2025-10-17 22:48:29
10:22:42,7.6,0.0,466,354155,买盘,601288,2025-10-17 22:48:29
10:22:45,7.6,0.0,1489,1131118,买盘,601288,2025-10-17 22:48:29
10:22:48,7.6,0.0,534,405817,买盘,601288,2025-10-17 22:48:29
10:22:51,7.6,0.0,231,175558,买盘,601288,2025-10-17 22:48:29
10:22:54,7.59,-0.01,168,127618,卖盘,601288,2025-10-17 22:48:29
10:22:57,7.6,0.01,652,495015,买盘,601288,2025-10-17 22:48:29
10:23:00,7.6,0.0,2642,2005604,买盘,601288,2025-10-17 22:48:29
10:23:03,7.59,-0.01,1319,1001521,卖盘,601288,2025-10-17 22:48:29
10:23:06,7.59,0.0,339,257422,卖盘,601288,2025-10-17 22:48:29
10:23:09,7.59,0.0,998,758133,卖盘,601288,2025-10-17 22:48:29
10:23:12,7.59,0.0,737,559453,卖盘,601288,2025-10-17 22:48:29
10:23:15,7.59,0.0,645,489575,卖盘,601288,2025-10-17 22:48:29
10:23:18,7.59,0.0,2881,2186689,卖盘,601288,2025-10-17 22:48:29
10:23:21,7.59,0.0,3033,2302016,卖盘,601288,2025-10-17 22:48:29
10:23:24,7.59,0.0,199,150918,买盘,601288,2025-10-17 22:48:29
10:23:27,7.58,-0.01,11801,8945185,卖盘,601288,2025-10-17 22:48:29
10:23:30,7.58,0.0,2100,1591702,卖盘,601288,2025-10-17 22:48:29
10:23:33,7.58,0.0,433,328184,买盘,601288,2025-10-17 22:48:29
10:23:36,7.57,-0.01,580,439135,卖盘,601288,2025-10-17 22:48:29
10:23:39,7.57,0.0,8283,6270295,卖盘,601288,2025-10-17 22:48:29
10:23:42,7.56,-0.01,1099,830944,卖盘,601288,2025-10-17 22:48:29
10:23:45,7.56,0.0,1602,1211331,卖盘,601288,2025-10-17 22:48:29
10:23:48,7.56,0.0,2452,1853715,卖盘,601288,2025-10-17 22:48:29
10:23:51,7.56,0.0,2729,2063137,卖盘,601288,2025-10-17 22:48:29
10:23:54,7.56,0.0,3627,2741473,卖盘,601288,2025-10-17 22:48:29
10:23:57,7.56,0.0,566,427855,买盘,601288,2025-10-17 22:48:29
10:24:00,7.56,0.0,2109,1592717,买盘,601288,2025-10-17 22:48:29
10:24:03,7.56,0.0,1417,1070515,买盘,601288,2025-10-17 22:48:29
10:24:06,7.56,0.0,9240,6983681,买盘,601288,2025-10-17 22:48:29
10:24:09,7.56,0.0,1577,1192054,买盘,601288,2025-10-17 22:48:29
10:24:12,7.56,0.0,1407,1063729,卖盘,601288,2025-10-17 22:48:29
10:24:15,7.56,0.0,2759,2086325,卖盘,601288,2025-10-17 22:48:29
10:24:18,7.56,0.0,1857,1404598,卖盘,601288,2025-10-17 22:48:29
10:24:21,7.56,0.0,1667,1260280,卖盘,601288,2025-10-17 22:48:29
10:24:24,7.56,0.0,1121,847710,卖盘,601288,2025-10-17 22:48:29
10:24:27,7.56,0.0,2972,2247216,卖盘,601288,2025-10-17 22:48:29
10:24:30,7.56,0.0,1474,1114416,卖盘,601288,2025-10-17 22:48:29
10:24:33,7.56,0.0,1429,1080540,买盘,601288,2025-10-17 22:48:29
10:24:36,7.56,0.0,1384,1046483,卖盘,601288,2025-10-17 22:48:29
10:24:39,7.56,0.0,786,594476,卖盘,601288,2025-10-17 22:48:29
10:24:42,7.56,0.0,3412,2578759,卖盘,601288,2025-10-17 22:48:29
10:24:45,7.56,0.0,519,392392,卖盘,601288,2025-10-17 22:48:29
10:24:48,7.56,0.0,1061,802041,买盘,601288,2025-10-17 22:48:29
10:24:51,7.56,0.0,529,399897,卖盘,601288,2025-10-17 22:48:29
10:24:54,7.57,0.01,2078,1571286,买盘,601288,2025-10-17 22:48:29
10:24:57,7.56,-0.01,1329,1004743,卖盘,601288,2025-10-17 22:48:29
10:25:00,7.57,0.01,920,695801,买盘,601288,2025-10-17 22:48:29
10:25:03,7.56,-0.01,574,434110,卖盘,601288,2025-10-17 22:48:29
10:25:06,7.56,0.0,3392,2564726,卖盘,601288,2025-10-17 22:48:29
10:25:09,7.56,0.0,959,725194,卖盘,601288,2025-10-17 22:48:29
10:25:12,7.57,0.01,557,421215,买盘,601288,2025-10-17 22:48:29
10:25:15,7.56,-0.01,422,319137,卖盘,601288,2025-10-17 22:48:29
10:25:18,7.57,0.01,2061,1558387,买盘,601288,2025-10-17 22:48:29
10:25:21,7.57,0.0,393,297250,买盘,601288,2025-10-17 22:48:29
10:25:24,7.57,0.0,801,605929,买盘,601288,2025-10-17 22:48:29
10:25:27,7.57,0.0,1004,759923,买盘,601288,2025-10-17 22:48:29
10:25:30,7.57,0.0,384,290548,买盘,601288,2025-10-17 22:48:29
10:25:33,7.57,0.0,986,746006,买盘,601288,2025-10-17 22:48:29
10:25:36,7.57,0.0,926,700817,买盘,601288,2025-10-17 22:48:29
10:25:39,7.57,0.0,704,532578,买盘,601288,2025-10-17 22:48:29
10:25:42,7.57,0.0,1201,908710,买盘,601288,2025-10-17 22:48:29
10:25:45,7.57,0.0,687,519993,买盘,601288,2025-10-17 22:48:29
10:25:48,7.56,-0.01,12696,9597863,卖盘,601288,2025-10-17 22:48:29
10:25:51,7.56,0.0,1508,1140836,买盘,601288,2025-10-17 22:48:29
10:25:54,7.56,0.0,377,285062,卖盘,601288,2025-10-17 22:48:29
10:25:57,7.56,0.0,298,225441,卖盘,601288,2025-10-17 22:48:29
10:26:00,7.56,0.0,1790,1353422,卖盘,601288,2025-10-17 22:48:29
10:26:03,7.55,-0.01,12820,9679496,卖盘,601288,2025-10-17 22:48:29
10:26:06,7.55,0.0,3644,2751332,卖盘,601288,2025-10-17 22:48:29
10:26:09,7.55,0.0,1102,832040,买盘,601288,2025-10-17 22:48:29
10:26:12,7.55,0.0,1197,903026,卖盘,601288,2025-10-17 22:48:29
10:26:15,7.55,0.0,603,455141,买盘,601288,2025-10-17 22:48:29
10:26:18,7.54,-0.01,1030,776967,卖盘,601288,2025-10-17 22:48:29
10:26:21,7.54,0.0,2077,1566882,卖盘,601288,2025-10-17 22:48:29
10:26:24,7.54,0.0,2046,1542870,卖盘,601288,2025-10-17 22:48:29
10:26:27,7.54,0.0,3927,2961061,卖盘,601288,2025-10-17 22:48:29
10:26:30,7.54,0.0,1609,1213181,卖盘,601288,2025-10-17 22:48:29
10:26:33,7.54,0.0,1284,967949,买盘,601288,2025-10-17 22:48:29
10:26:36,7.53,-0.01,1200,903769,卖盘,601288,2025-10-17 22:48:29
10:26:39,7.53,0.0,2559,1927150,卖盘,601288,2025-10-17 22:48:29
10:26:42,7.53,0.0,3041,2290168,卖盘,601288,2025-10-17 22:48:29
10:26:45,7.53,0.0,2958,2227758,卖盘,601288,2025-10-17 22:48:29
10:26:48,7.53,0.0,5009,3771820,卖盘,601288,2025-10-17 22:48:29
10:26:51,7.53,0.0,6191,4662366,卖盘,601288,2025-10-17 22:48:29
10:26:54,7.53,0.0,3707,2790994,卖盘,601288,2025-10-17 22:48:29
10:26:57,7.53,0.0,986,742460,卖盘,601288,2025-10-17 22:48:29
10:27:00,7.53,0.0,882,663889,买盘,601288,2025-10-17 22:48:29
10:27:03,7.53,0.0,4949,3725928,买盘,601288,2025-10-17 22:48:29
10:27:06,7.53,0.0,1566,1179167,买盘,601288,2025-10-17 22:48:29
10:27:09,7.53,0.0,11832,8898913,卖盘,601288,2025-10-17 22:48:29
10:27:12,7.52,-0.01,1961,1475088,卖盘,601288,2025-10-17 22:48:29
10:27:15,7.52,0.0,1057,795288,卖盘,601288,2025-10-17 22:48:29
10:27:18,7.52,0.0,1727,1298976,卖盘,601288,2025-10-17 22:48:29
10:27:21,7.53,0.01,10296,7754263,买盘,601288,2025-10-17 22:48:29
10:27:24,7.53,0.0,3552,2673112,卖盘,601288,2025-10-17 22:48:29
10:27:27,7.53,0.0,729,548521,买盘,601288,2025-10-17 22:48:29
10:27:30,7.53,0.0,3302,2484861,买盘,601288,2025-10-17 22:48:29
10:27:33,7.53,0.0,1405,1057804,买盘,601288,2025-10-17 22:48:29
10:27:36,7.52,-0.01,1524,1146759,卖盘,601288,2025-10-17 22:48:29
10:27:39,7.52,0.0,1302,979349,卖盘,601288,2025-10-17 22:48:29
10:27:42,7.52,0.0,2017,1516991,卖盘,601288,2025-10-17 22:48:29
10:27:45,7.52,0.0,2203,1657057,卖盘,601288,2025-10-17 22:48:29
10:27:48,7.52,0.0,998,750570,卖盘,601288,2025-10-17 22:48:29
10:27:51,7.52,0.0,2739,2060593,卖盘,601288,2025-10-17 22:48:29
10:27:54,7.52,0.0,12719,9564870,卖盘,601288,2025-10-17 22:48:29
10:27:57,7.52,0.0,6902,5192190,卖盘,601288,2025-10-17 22:48:29
10:28:00,7.53,0.01,4704,3540808,买盘,601288,2025-10-17 22:48:29
10:28:03,7.52,-0.01,2782,2093739,卖盘,601288,2025-10-17 22:48:29
10:28:06,7.53,0.01,1879,1414682,买盘,601288,2025-10-17 22:48:29
10:28:09,7.53,0.0,3519,2649569,卖盘,601288,2025-10-17 22:48:29
10:28:12,7.53,0.0,2019,1521091,卖盘,601288,2025-10-17 22:48:29
10:28:15,7.53,0.0,928,699019,卖盘,601288,2025-10-17 22:48:29
10:28:18,7.53,0.0,1790,1349008,卖盘,601288,2025-10-17 22:48:29
10:28:21,7.53,0.0,2038,1535596,卖盘,601288,2025-10-17 22:48:29
10:28:24,7.54,0.01,1028,774314,买盘,601288,2025-10-17 22:48:29
10:28:27,7.55,0.01,1163,876910,买盘,601288,2025-10-17 22:48:29
10:28:30,7.55,0.0,1224,923072,买盘,601288,2025-10-17 22:48:29
10:28:33,7.55,0.0,960,724467,买盘,601288,2025-10-17 22:48:29
10:28:36,7.54,-0.01,886,668788,卖盘,601288,2025-10-17 22:48:29
10:28:39,7.55,0.01,1911,1442332,买盘,601288,2025-10-17 22:48:29
10:28:42,7.55,0.0,4340,3276671,买盘,601288,2025-10-17 22:48:29
10:28:45,7.55,0.0,386,291435,卖盘,601288,2025-10-17 22:48:29
10:28:48,7.55,0.0,644,486282,卖盘,601288,2025-10-17 22:48:29
10:28:51,7.55,0.0,425,320957,卖盘,601288,2025-10-17 22:48:29
10:28:54,7.55,0.0,1116,843011,卖盘,601288,2025-10-17 22:48:29
10:28:57,7.55,0.0,1166,880682,卖盘,601288,2025-10-17 22:48:29
10:29:00,7.56,0.01,1934,1461009,买盘,601288,2025-10-17 22:48:29
10:29:03,7.56,0.0,4672,3533011,买盘,601288,2025-10-17 22:48:29
10:29:06,7.57,0.01,300,227022,买盘,601288,2025-10-17 22:48:29
10:29:09,7.57,0.0,256,193732,买盘,601288,2025-10-17 22:48:29
10:29:12,7.57,0.0,497,376159,买盘,601288,2025-10-17 22:48:29
10:29:15,7.57,0.0,1263,956056,买盘,601288,2025-10-17 22:48:29
10:29:18,7.57,0.0,994,752495,卖盘,601288,2025-10-17 22:48:29
10:29:21,7.56,-0.01,1891,1431312,卖盘,601288,2025-10-17 22:48:29
10:29:24,7.57,0.01,925,700210,买盘,601288,2025-10-17 22:48:29
10:29:27,7.56,-0.01,927,701502,卖盘,601288,2025-10-17 22:48:29
10:29:30,7.56,0.0,1071,810697,卖盘,601288,2025-10-17 22:48:29
10:29:33,7.56,0.0,1405,1062896,卖盘,601288,2025-10-17 22:48:29
10:29:36,7.57,0.01,994,752182,买盘,601288,2025-10-17 22:48:29
10:29:39,7.57,0.0,724,547810,卖盘,601288,2025-10-17 22:48:29
10:29:42,7.58,0.01,1803,1366474,买盘,601288,2025-10-17 22:48:29
10:29:45,7.58,0.0,166,125817,买盘,601288,2025-10-17 22:48:29
10:29:48,7.58,0.0,1179,893282,买盘,601288,2025-10-17 22:48:29
10:29:51,7.58,0.0,354,268326,买盘,601288,2025-10-17 22:48:29
10:29:54,7.58,0.0,486,368335,买盘,601288,2025-10-17 22:48:29
10:29:57,7.58,0.0,356,269891,卖盘,601288,2025-10-17 22:48:29
10:30:00,7.58,0.0,2193,1662347,卖盘,601288,2025-10-17 22:48:29
10:30:03,7.58,0.0,1438,1090339,卖盘,601288,2025-10-17 22:48:29
10:30:06,7.58,0.0,3919,2970066,买盘,601288,2025-10-17 22:48:29
10:30:09,7.58,0.0,699,529541,买盘,601288,2025-10-17 22:48:29
10:30:12,7.58,0.0,655,496345,买盘,601288,2025-10-17 22:48:29
10:30:15,7.58,0.0,269,203862,买盘,601288,2025-10-17 22:48:29
10:30:18,7.58,0.0,1686,1277872,买盘,601288,2025-10-17 22:48:29
10:30:21,7.58,0.0,995,754072,买盘,601288,2025-10-17 22:48:29
10:30:24,7.58,0.0,284,215253,买盘,601288,2025-10-17 22:48:29
10:30:27,7.58,0.0,1382,1048186,买盘,601288,2025-10-17 22:48:29
10:30:30,7.58,0.0,378,286438,买盘,601288,2025-10-17 22:48:29
10:30:33,7.58,0.0,496,375764,买盘,601288,2025-10-17 22:48:29
10:30:36,7.57,-0.01,648,491172,卖盘,601288,2025-10-17 22:48:29
10:30:39,7.58,0.01,645,488595,买盘,601288,2025-10-17 22:48:29
10:30:42,7.58,0.0,252,190917,买盘,601288,2025-10-17 22:48:29
10:30:45,7.58,0.0,425,321887,买盘,601288,2025-10-17 22:48:29
10:30:48,7.58,0.0,135,102266,买盘,601288,2025-10-17 22:48:29
10:30:51,7.58,0.0,508,384893,买盘,601288,2025-10-17 22:48:29
10:30:54,7.57,-0.01,322,243850,卖盘,601288,2025-10-17 22:48:29
10:30:57,7.58,0.01,624,472615,买盘,601288,2025-10-17 22:48:29
10:31:00,7.58,0.0,121,91600,买盘,601288,2025-10-17 22:48:29
10:31:03,7.58,0.0,489,370263,买盘,601288,2025-10-17 22:48:29
10:31:06,7.57,-0.01,226,171118,卖盘,601288,2025-10-17 22:48:29
10:31:09,7.57,0.0,3698,2799193,卖盘,601288,2025-10-17 22:48:29
10:31:12,7.57,0.0,192,145340,买盘,601288,2025-10-17 22:48:29
10:31:15,7.57,0.0,339,256598,买盘,601288,2025-10-17 22:48:29
10:31:18,7.57,0.0,122,92352,买盘,601288,2025-10-17 22:48:29
10:31:21,7.57,0.0,674,509953,买盘,601288,2025-10-17 22:48:29
10:31:24,7.57,0.0,926,700975,买盘,601288,2025-10-17 22:48:29
10:31:27,7.56,-0.01,479,362247,卖盘,601288,2025-10-17 22:48:29
10:31:30,7.56,0.0,1511,1143749,卖盘,601288,2025-10-17 22:48:29
10:31:33,7.56,0.0,265,200463,卖盘,601288,2025-10-17 22:48:29
10:31:36,7.56,0.0,237,179202,卖盘,601288,2025-10-17 22:48:29
10:31:39,7.56,0.0,156,117967,卖盘,601288,2025-10-17 22:48:29
10:31:42,7.57,0.01,197,148975,买盘,601288,2025-10-17 22:48:29
10:31:45,7.56,-0.01,600,453836,卖盘,601288,2025-10-17 22:48:29
10:31:48,7.57,0.01,71,53680,买盘,601288,2025-10-17 22:48:29
10:31:51,7.56,-0.01,498,376488,卖盘,601288,2025-10-17 22:48:29
10:31:54,7.57,0.01,176,133058,买盘,601288,2025-10-17 22:48:29
10:31:57,7.56,-0.01,89,67292,卖盘,601288,2025-10-17 22:48:29
10:32:00,7.57,0.01,580,438810,买盘,601288,2025-10-17 22:48:29
10:32:03,7.56,-0.01,5355,4048390,卖盘,601288,2025-10-17 22:48:29
10:32:06,7.55,-0.01,868,655589,卖盘,601288,2025-10-17 22:48:29
10:32:09,7.55,0.0,995,751250,卖盘,601288,2025-10-17 22:48:29
10:32:12,7.56,0.01,629,475222,买盘,601288,2025-10-17 22:48:29
10:32:15,7.55,-0.01,585,441736,卖盘,601288,2025-10-17 22:48:29
10:32:18,7.55,0.0,257,194082,卖盘,601288,2025-10-17 22:48:29
10:32:21,7.55,0.0,2488,1878458,卖盘,601288,2025-10-17 22:48:29
10:32:24,7.55,0.0,518,391098,卖盘,601288,2025-10-17 22:48:29
10:32:27,7.56,0.01,305,230290,买盘,601288,2025-10-17 22:48:29
10:32:30,7.55,-0.01,1092,824497,卖盘,601288,2025-10-17 22:48:29
10:32:33,7.55,0.0,2510,1895049,买盘,601288,2025-10-17 22:48:29
10:32:36,7.55,0.0,159,120060,买盘,601288,2025-10-17 22:48:29
10:32:39,7.55,0.0,356,268837,卖盘,601288,2025-10-17 22:48:29
10:32:42,7.55,0.0,246,185730,卖盘,601288,2025-10-17 22:48:29
10:32:45,7.55,0.0,461,348057,卖盘,601288,2025-10-17 22:48:29
10:32:48,7.55,0.0,1191,898897,买盘,601288,2025-10-17 22:48:29
10:32:51,7.55,0.0,374,282167,买盘,601288,2025-10-17 22:48:29
10:32:54,7.55,0.0,190,143414,买盘,601288,2025-10-17 22:48:29
10:32:57,7.54,-0.01,531,400850,卖盘,601288,2025-10-17 22:48:29
10:33:00,7.55,0.01,2901,2187492,买盘,601288,2025-10-17 22:48:29
10:33:03,7.54,-0.01,1838,1386382,卖盘,601288,2025-10-17 22:48:29
10:33:06,7.54,0.0,1999,1507947,卖盘,601288,2025-10-17 22:48:29
10:33:09,7.54,0.0,248,186992,买盘,601288,2025-10-17 22:48:29
10:33:12,7.54,0.0,900,678540,买盘,601288,2025-10-17 22:48:29
10:33:15,7.54,0.0,484,364698,买盘,601288,2025-10-17 22:48:29
10:33:18,7.54,0.0,1048,789689,买盘,601288,2025-10-17 22:48:29
10:33:21,7.53,-0.01,8943,6734127,卖盘,601288,2025-10-17 22:48:29
10:33:24,7.53,0.0,3293,2480162,卖盘,601288,2025-10-17 22:48:29
10:33:27,7.53,0.0,1547,1164891,卖盘,601288,2025-10-17 22:48:29
10:33:30,7.53,0.0,869,654363,卖盘,601288,2025-10-17 22:48:29
10:33:33,7.52,-0.01,932,701305,卖盘,601288,2025-10-17 22:48:29
10:33:36,7.52,0.0,1208,908776,卖盘,601288,2025-10-17 22:48:29
10:33:39,7.53,0.01,2302,1731462,买盘,601288,2025-10-17 22:48:29
10:33:42,7.52,-0.01,670,503941,卖盘,601288,2025-10-17 22:48:29
10:33:45,7.52,0.0,447,336162,卖盘,601288,2025-10-17 22:48:29
10:33:48,7.52,0.0,1609,1209990,卖盘,601288,2025-10-17 22:48:29
10:33:51,7.52,0.0,2824,2124290,卖盘,601288,2025-10-17 22:48:29
10:33:54,7.53,0.01,4269,3214468,买盘,601288,2025-10-17 22:48:29
10:33:57,7.53,0.0,408,307228,卖盘,601288,2025-10-17 22:48:29
10:34:00,7.55,0.02,2418,1822803,买盘,601288,2025-10-17 22:48:29
10:34:03,7.53,-0.02,843,634942,卖盘,601288,2025-10-17 22:48:29
10:34:06,7.54,0.01,699,527019,卖盘,601288,2025-10-17 22:48:29
10:34:09,7.55,0.01,259,195322,买盘,601288,2025-10-17 22:48:29
10:34:12,7.55,0.0,1240,935961,买盘,601288,2025-10-17 22:48:29
10:34:15,7.55,0.0,220,165906,买盘,601288,2025-10-17 22:48:29
10:34:18,7.55,0.0,832,627859,买盘,601288,2025-10-17 22:48:29
10:34:21,7.54,-0.01,226,170495,卖盘,601288,2025-10-17 22:48:29
10:34:24,7.55,0.01,567,427659,买盘,601288,2025-10-17 22:48:29
10:34:27,7.54,-0.01,383,288826,卖盘,601288,2025-10-17 22:48:29
10:34:30,7.54,0.0,1829,1379256,卖盘,601288,2025-10-17 22:48:29
10:34:33,7.55,0.01,349,263258,买盘,601288,2025-10-17 22:48:29
10:34:36,7.54,-0.01,310,233745,卖盘,601288,2025-10-17 22:48:29
10:34:39,7.55,0.01,167,125941,买盘,601288,2025-10-17 22:48:29
10:34:42,7.54,-0.01,620,467832,卖盘,601288,2025-10-17 22:48:29
10:34:45,7.54,0.0,196,147808,卖盘,601288,2025-10-17 22:48:29
10:34:48,7.55,0.01,498,375703,买盘,601288,2025-10-17 22:48:29
10:34:51,7.54,-0.01,145,109362,卖盘,601288,2025-10-17 22:48:29
10:34:54,7.55,0.01,186,140288,买盘,601288,2025-10-17 22:48:29
10:34:57,7.55,0.0,125,94337,买盘,601288,2025-10-17 22:48:29
10:35:00,7.55,0.0,134,101120,买盘,601288,2025-10-17 22:48:29
10:35:03,7.55,0.0,623,469849,买盘,601288,2025-10-17 22:48:29
10:35:06,7.55,0.0,551,415924,买盘,601288,2025-10-17 22:48:29
10:35:09,7.55,0.0,243,183439,买盘,601288,2025-10-17 22:48:29
10:35:12,7.55,0.0,654,493656,买盘,601288,2025-10-17 22:48:29
10:35:15,7.55,0.0,188,141869,买盘,601288,2025-10-17 22:48:29
10:35:18,7.55,0.0,554,418204,买盘,601288,2025-10-17 22:48:29
10:35:21,7.55,0.0,409,308646,买盘,601288,2025-10-17 22:48:29
10:35:24,7.54,-0.01,504,380258,卖盘,601288,2025-10-17 22:48:29
10:35:27,7.55,0.01,206,155329,买盘,601288,2025-10-17 22:48:29
10:35:30,7.55,0.0,455,343198,买盘,601288,2025-10-17 22:48:29
10:35:33,7.55,0.0,851,641918,买盘,601288,2025-10-17 22:48:29
10:35:36,7.55,0.0,490,369710,买盘,601288,2025-10-17 22:48:29
10:35:39,7.55,0.0,111,83707,买盘,601288,2025-10-17 22:48:29
10:35:42,7.55,0.0,5324,4014367,买盘,601288,2025-10-17 22:48:29
10:35:45,7.54,-0.01,266,200601,卖盘,601288,2025-10-17 22:48:29
10:35:48,7.55,0.01,479,361318,买盘,601288,2025-10-17 22:48:29
10:35:51,7.55,0.0,204,153818,买盘,601288,2025-10-17 22:48:29
10:35:54,7.54,-0.01,405,305380,卖盘,601288,2025-10-17 22:48:29
10:35:57,7.55,0.01,102,77006,买盘,601288,2025-10-17 22:48:29
10:36:00,7.54,-0.01,596,449512,卖盘,601288,2025-10-17 22:48:29
10:36:03,7.54,0.0,674,508248,卖盘,601288,2025-10-17 22:48:29
10:36:06,7.55,0.01,578,435945,买盘,601288,2025-10-17 22:48:29
10:36:09,7.54,-0.01,3586,2703766,卖盘,601288,2025-10-17 22:48:29
10:36:12,7.54,0.0,1123,846676,买盘,601288,2025-10-17 22:48:29
10:36:15,7.54,0.0,249,187705,买盘,601288,2025-10-17 22:48:29
10:36:18,7.54,0.0,869,655201,买盘,601288,2025-10-17 22:48:29
10:36:21,7.53,-0.01,1105,832536,卖盘,601288,2025-10-17 22:48:29
10:36:24,7.54,0.01,2007,1513252,买盘,601288,2025-10-17 22:48:29
10:36:27,7.54,0.0,1823,1373650,卖盘,601288,2025-10-17 22:48:29
10:36:30,7.54,0.0,633,477285,卖盘,601288,2025-10-17 22:48:29
10:36:33,7.54,0.0,856,645462,卖盘,601288,2025-10-17 22:48:29
10:36:36,7.54,0.0,246,185515,卖盘,601288,2025-10-17 22:48:29
10:36:39,7.54,0.0,228,171917,卖盘,601288,2025-10-17 22:48:29
10:36:42,7.54,0.0,2721,2052246,卖盘,601288,2025-10-17 22:48:29
10:36:45,7.55,0.01,75,56551,买盘,601288,2025-10-17 22:48:29
10:36:48,7.54,-0.01,515,388387,卖盘,601288,2025-10-17 22:48:29
10:36:51,7.54,0.0,157,118407,卖盘,601288,2025-10-17 22:48:29
10:36:54,7.54,0.0,326,245945,卖盘,601288,2025-10-17 22:48:29
10:36:57,7.54,0.0,491,370244,卖盘,601288,2025-10-17 22:48:29
10:37:00,7.54,0.0,2477,1869910,卖盘,601288,2025-10-17 22:48:29
10:37:03,7.54,0.0,300,226456,卖盘,601288,2025-10-17 22:48:29
10:37:06,7.54,0.0,228,172013,卖盘,601288,2025-10-17 22:48:29
10:37:09,7.54,0.0,781,588906,卖盘,601288,2025-10-17 22:48:29
10:37:12,7.55,0.01,2463,1857488,买盘,601288,2025-10-17 22:48:29
10:37:15,7.55,0.0,235,177391,买盘,601288,2025-10-17 22:48:29
10:37:18,7.55,0.0,518,390833,买盘,601288,2025-10-17 22:48:29
10:37:21,7.54,-0.01,315,237699,卖盘,601288,2025-10-17 22:48:29
10:37:24,7.54,0.0,123,92782,卖盘,601288,2025-10-17 22:48:29
10:37:27,7.55,0.01,5866,4423587,买盘,601288,2025-10-17 22:48:29
10:37:30,7.54,-0.01,319,240532,卖盘,601288,2025-10-17 22:48:29
10:37:33,7.55,0.01,369,278252,买盘,601288,2025-10-17 22:48:29
10:37:36,7.54,-0.01,1069,806246,卖盘,601288,2025-10-17 22:48:29
10:37:39,7.55,0.01,1167,880033,买盘,601288,2025-10-17 22:48:29
10:37:42,7.55,0.0,379,285855,买盘,601288,2025-10-17 22:48:29
10:37:45,7.54,-0.01,728,549224,卖盘,601288,2025-10-17 22:48:29
10:37:48,7.54,0.0,1875,1413878,卖盘,601288,2025-10-17 22:48:29
10:37:51,7.54,0.0,713,537616,卖盘,601288,2025-10-17 22:48:29
10:37:54,7.54,0.0,417,314419,卖盘,601288,2025-10-17 22:48:29
10:37:57,7.54,0.0,249,187746,卖盘,601288,2025-10-17 22:48:29
10:38:00,7.54,0.0,1626,1226146,卖盘,601288,2025-10-17 22:48:29
10:38:03,7.54,0.0,564,425262,卖盘,601288,2025-10-17 22:48:29
10:38:06,7.55,0.01,1901,1433426,买盘,601288,2025-10-17 22:48:29
10:38:09,7.54,-0.01,233,175546,卖盘,601288,2025-10-17 22:48:29
10:38:12,7.54,0.0,279,210351,买盘,601288,2025-10-17 22:48:29
10:38:15,7.54,0.0,231,174167,买盘,601288,2025-10-17 22:48:29
10:38:18,7.53,-0.01,354,266786,卖盘,601288,2025-10-17 22:48:29
10:38:21,7.53,0.0,909,685265,卖盘,601288,2025-10-17 22:48:29
10:38:24,7.54,0.01,324,244035,中性盘,601288,2025-10-17 22:48:29
10:38:27,7.53,-0.01,685,516427,卖盘,601288,2025-10-17 22:48:29
10:38:30,7.53,0.0,496,373828,卖盘,601288,2025-10-17 22:48:29
10:38:33,7.53,0.0,382,287946,卖盘,601288,2025-10-17 22:48:29
10:38:36,7.53,0.0,590,444504,卖盘,601288,2025-10-17 22:48:29
10:38:39,7.53,0.0,339,255371,卖盘,601288,2025-10-17 22:48:29
10:38:42,7.53,0.0,1584,1194143,卖盘,601288,2025-10-17 22:48:29
10:38:45,7.54,0.01,487,366818,买盘,601288,2025-10-17 22:48:29
10:38:48,7.53,-0.01,848,638561,卖盘,601288,2025-10-17 22:48:29
10:38:51,7.53,0.0,536,403848,卖盘,601288,2025-10-17 22:48:29
10:38:54,7.53,0.0,4300,3237919,卖盘,601288,2025-10-17 22:48:29
10:38:57,7.53,0.0,831,626185,卖盘,601288,2025-10-17 22:48:29
10:39:00,7.54,0.01,703,529600,买盘,601288,2025-10-17 22:48:29
10:39:03,7.53,-0.01,369,277878,卖盘,601288,2025-10-17 22:48:29
10:39:06,7.53,0.0,472,355437,卖盘,601288,2025-10-17 22:48:29
10:39:09,7.53,0.0,473,356217,卖盘,601288,2025-10-17 22:48:29
10:39:12,7.53,0.0,587,442261,卖盘,601288,2025-10-17 22:48:29
10:39:15,7.53,0.0,425,320054,卖盘,601288,2025-10-17 22:48:29
10:39:18,7.53,0.0,1562,1176246,卖盘,601288,2025-10-17 22:48:29
10:39:21,7.54,0.01,543,409191,买盘,601288,2025-10-17 22:48:29
10:39:24,7.53,-0.01,849,639580,卖盘,601288,2025-10-17 22:48:29
10:39:27,7.53,0.0,3778,2848287,卖盘,601288,2025-10-17 22:48:29
10:39:30,7.53,0.0,578,435622,卖盘,601288,2025-10-17 22:48:29
10:39:33,7.53,0.0,667,502291,卖盘,601288,2025-10-17 22:48:29
10:39:36,7.54,0.01,829,624644,买盘,601288,2025-10-17 22:48:29
10:39:39,7.54,0.0,230,173220,买盘,601288,2025-10-17 22:48:29
10:39:42,7.54,0.0,235,177014,买盘,601288,2025-10-17 22:48:29
10:39:45,7.53,-0.01,3092,2331023,卖盘,601288,2025-10-17 22:48:29
10:39:48,7.54,0.01,105,79159,买盘,601288,2025-10-17 22:48:29
10:39:51,7.53,-0.01,458,345065,卖盘,601288,2025-10-17 22:48:29
10:39:54,7.54,0.01,647,487724,买盘,601288,2025-10-17 22:48:29
10:39:57,7.54,0.0,733,552034,买盘,601288,2025-10-17 22:48:29
10:40:00,7.53,-0.01,218,164212,卖盘,601288,2025-10-17 22:48:29
10:40:03,7.53,0.0,3092,2331248,卖盘,601288,2025-10-17 22:48:29
10:40:06,7.54,0.01,282,212368,买盘,601288,2025-10-17 22:48:29
10:40:09,7.54,0.0,1038,782425,买盘,601288,2025-10-17 22:48:29
10:40:12,7.53,-0.01,365,275033,卖盘,601288,2025-10-17 22:48:29
10:40:15,7.53,0.0,466,351312,卖盘,601288,2025-10-17 22:48:29
10:40:18,7.53,0.0,136,102408,卖盘,601288,2025-10-17 22:48:29
10:40:21,7.54,0.01,37,27870,买盘,601288,2025-10-17 22:48:29
10:40:24,7.53,-0.01,150,112983,卖盘,601288,2025-10-17 22:48:29
10:40:27,7.53,0.0,702,528657,卖盘,601288,2025-10-17 22:48:29
10:40:30,7.54,0.01,1366,1029866,买盘,601288,2025-10-17 22:48:29
10:40:33,7.54,0.0,392,295361,买盘,601288,2025-10-17 22:48:29
10:40:36,7.53,-0.01,1246,938443,卖盘,601288,2025-10-17 22:48:29
10:40:39,7.53,0.0,15849,11929677,卖盘,601288,2025-10-17 22:48:29
10:40:42,7.53,0.0,291,218948,买盘,601288,2025-10-17 22:48:29
10:40:45,7.53,0.0,787,592397,买盘,601288,2025-10-17 22:48:29
10:40:48,7.52,-0.01,221,166264,卖盘,601288,2025-10-17 22:48:29
10:40:51,7.53,0.01,4781,3595925,买盘,601288,2025-10-17 22:48:29
10:40:54,7.52,-0.01,6045,4546280,卖盘,601288,2025-10-17 22:48:29
10:40:57,7.52,0.0,1359,1021744,卖盘,601288,2025-10-17 22:48:29
10:41:00,7.52,0.0,341,256347,买盘,601288,2025-10-17 22:48:29
10:41:03,7.51,-0.01,2179,1636838,卖盘,601288,2025-10-17 22:48:29
10:41:06,7.51,0.0,1258,944950,卖盘,601288,2025-10-17 22:48:29
10:41:09,7.51,0.0,1108,832367,卖盘,601288,2025-10-17 22:48:29
10:41:12,7.51,0.0,1356,1018487,卖盘,601288,2025-10-17 22:48:29
10:41:15,7.51,0.0,2744,2061446,卖盘,601288,2025-10-17 22:48:29
10:41:18,7.51,0.0,3646,2738147,卖盘,601288,2025-10-17 22:48:29
10:41:21,7.51,0.0,8512,6392812,卖盘,601288,2025-10-17 22:48:29
10:41:24,7.51,0.0,2108,1583150,卖盘,601288,2025-10-17 22:48:29
10:41:27,7.51,0.0,3756,2820241,买盘,601288,2025-10-17 22:48:29
10:41:30,7.51,0.0,1725,1295381,卖盘,601288,2025-10-17 22:48:29
10:41:33,7.52,0.01,1388,1042314,买盘,601288,2025-10-17 22:48:29
10:41:36,7.51,-0.01,938,704552,卖盘,601288,2025-10-17 22:48:29
10:41:39,7.51,0.0,665,499540,卖盘,601288,2025-10-17 22:48:29
10:41:42,7.51,0.0,738,554229,卖盘,601288,2025-10-17 22:48:29
10:41:45,7.51,0.0,421,316025,买盘,601288,2025-10-17 22:48:29
10:41:48,7.51,0.0,1163,873000,买盘,601288,2025-10-17 22:48:29
10:41:51,7.51,0.0,923,692556,买盘,601288,2025-10-17 22:48:29
10:41:54,7.51,0.0,6905,5179904,买盘,601288,2025-10-17 22:48:29
10:41:57,7.51,0.0,9010,6758138,买盘,601288,2025-10-17 22:48:29
10:42:00,7.5,-0.01,2209,1657300,卖盘,601288,2025-10-17 22:48:29
10:42:03,7.51,0.01,1202,901745,买盘,601288,2025-10-17 22:48:29
10:42:06,7.5,-0.01,567,425366,卖盘,601288,2025-10-17 22:48:29
10:42:09,7.5,0.0,4235,3177216,卖盘,601288,2025-10-17 22:48:29
10:42:12,7.5,0.0,3529,2647842,卖盘,601288,2025-10-17 22:48:29
10:42:15,7.5,0.0,1552,1164029,卖盘,601288,2025-10-17 22:48:29
10:42:18,7.51,0.01,3022,2267304,买盘,601288,2025-10-17 22:48:29
10:42:21,7.5,-0.01,2799,2099819,卖盘,601288,2025-10-17 22:48:29
10:42:24,7.5,0.0,1714,1285512,卖盘,601288,2025-10-17 22:48:29
10:42:27,7.5,0.0,4753,3564773,卖盘,601288,2025-10-17 22:48:29
10:42:30,7.49,-0.01,754,565442,卖盘,601288,2025-10-17 22:48:29
10:42:33,7.49,0.0,1295,970183,卖盘,601288,2025-10-17 22:48:29
10:42:36,7.49,0.0,3869,2899475,卖盘,601288,2025-10-17 22:48:29
10:42:39,7.49,0.0,2439,1826931,卖盘,601288,2025-10-17 22:48:29
10:42:42,7.49,0.0,2267,1697986,卖盘,601288,2025-10-17 22:48:29
10:42:45,7.49,0.0,1122,840550,卖盘,601288,2025-10-17 22:48:29
10:42:48,7.49,0.0,4949,3707407,卖盘,601288,2025-10-17 22:48:29
10:42:51,7.49,0.0,3698,2769572,卖盘,601288,2025-10-17 22:48:29
10:42:54,7.49,0.0,1198,897248,买盘,601288,2025-10-17 22:48:29
10:42:57,7.49,0.0,2770,2073539,买盘,601288,2025-10-17 22:48:29
10:43:00,7.49,0.0,1372,1027331,买盘,601288,2025-10-17 22:48:29
10:43:03,7.48,-0.01,4736,3547335,卖盘,601288,2025-10-17 22:48:29
10:43:06,7.49,0.01,3926,2940168,买盘,601288,2025-10-17 22:48:29
10:43:09,7.49,0.0,2293,1716768,卖盘,601288,2025-10-17 22:48:29
10:43:12,7.49,0.0,1752,1311889,卖盘,601288,2025-10-17 22:48:29
10:43:15,7.48,-0.01,500,374331,卖盘,601288,2025-10-17 22:48:29
10:43:18,7.48,0.0,14596,10921439,卖盘,601288,2025-10-17 22:48:29
10:43:21,7.48,0.0,7231,5410288,卖盘,601288,2025-10-17 22:48:29
10:43:24,7.48,0.0,2225,1664328,卖盘,601288,2025-10-17 22:48:29
10:43:27,7.48,0.0,1987,1486397,卖盘,601288,2025-10-17 22:48:29
10:43:30,7.48,0.0,2876,2151204,买盘,601288,2025-10-17 22:48:29
10:43:33,7.48,0.0,1063,795155,卖盘,601288,2025-10-17 22:48:29
10:43:36,7.47,-0.01,1437,1074440,卖盘,601288,2025-10-17 22:48:29
10:43:39,7.47,0.0,2337,1747276,卖盘,601288,2025-10-17 22:48:29
10:43:42,7.48,0.01,2464,1841890,买盘,601288,2025-10-17 22:48:29
10:43:45,7.48,0.0,2508,1875070,卖盘,601288,2025-10-17 22:48:29
10:43:48,7.48,0.0,1776,1328467,卖盘,601288,2025-10-17 22:48:29
10:43:51,7.48,0.0,1536,1148928,卖盘,601288,2025-10-17 22:48:29
10:43:54,7.48,0.0,2443,1828215,卖盘,601288,2025-10-17 22:48:29
10:43:57,7.48,0.0,2766,2069229,卖盘,601288,2025-10-17 22:48:29
10:44:00,7.48,0.0,2056,1538646,卖盘,601288,2025-10-17 22:48:29
10:44:03,7.49,0.01,7634,5716632,买盘,601288,2025-10-17 22:48:29
10:44:06,7.49,0.0,1040,778428,卖盘,601288,2025-10-17 22:48:29
10:44:09,7.48,-0.01,645,482965,卖盘,601288,2025-10-17 22:48:29
10:44:12,7.49,0.01,303,226908,中性盘,601288,2025-10-17 22:48:29
10:44:15,7.49,0.0,3013,2256899,卖盘,601288,2025-10-17 22:48:29
10:44:18,7.49,0.0,714,534886,卖盘,601288,2025-10-17 22:48:29
10:44:21,7.49,0.0,1487,1114267,卖盘,601288,2025-10-17 22:48:29
10:44:24,7.5,0.01,501,375312,买盘,601288,2025-10-17 22:48:29
10:44:27,7.49,-0.01,433,324409,卖盘,601288,2025-10-17 22:48:29
10:44:30,7.49,0.0,217,162542,卖盘,601288,2025-10-17 22:48:29
10:44:33,7.49,0.0,448,335620,卖盘,601288,2025-10-17 22:48:29
10:44:36,7.5,0.01,344,257949,买盘,601288,2025-10-17 22:48:29
10:44:39,7.49,-0.01,338,253425,卖盘,601288,2025-10-17 22:48:29
10:44:42,7.5,0.01,633,474431,买盘,601288,2025-10-17 22:48:29
10:44:45,7.5,0.0,827,620185,买盘,601288,2025-10-17 22:48:29
10:44:48,7.5,0.0,800,599853,买盘,601288,2025-10-17 22:48:29
10:44:51,7.5,0.0,935,701081,买盘,601288,2025-10-17 22:48:29
10:44:54,7.5,0.0,2960,2217971,买盘,601288,2025-10-17 22:48:29
10:44:57,7.5,0.0,12777,9582656,买盘,601288,2025-10-17 22:48:29
10:45:00,7.5,0.0,479,359259,卖盘,601288,2025-10-17 22:48:29
10:45:03,7.5,0.0,603,452252,卖盘,601288,2025-10-17 22:48:29
10:45:06,7.5,0.0,505,378813,卖盘,601288,2025-10-17 22:48:29
10:45:09,7.51,0.01,380,285228,买盘,601288,2025-10-17 22:48:29
10:45:12,7.51,0.0,854,641010,买盘,601288,2025-10-17 22:48:29
10:45:15,7.51,0.0,226,169642,买盘,601288,2025-10-17 22:48:29
10:45:18,7.51,0.0,1540,1155516,买盘,601288,2025-10-17 22:48:29
10:45:21,7.51,0.0,1003,752752,买盘,601288,2025-10-17 22:48:29
10:45:24,7.51,0.0,1690,1268068,买盘,601288,2025-10-17 22:48:29
10:45:27,7.5,-0.01,210,157675,卖盘,601288,2025-10-17 22:48:29
10:45:30,7.51,0.01,771,578834,买盘,601288,2025-10-17 22:48:29
10:45:33,7.51,0.0,157,117878,买盘,601288,2025-10-17 22:48:29
10:45:36,7.51,0.0,396,297375,买盘,601288,2025-10-17 22:48:29
10:45:39,7.51,0.0,991,744154,买盘,601288,2025-10-17 22:48:29
10:45:42,7.51,0.0,440,330178,买盘,601288,2025-10-17 22:48:29
10:45:45,7.51,0.0,787,591025,买盘,601288,2025-10-17 22:48:29
10:45:48,7.51,0.0,1985,1490507,买盘,601288,2025-10-17 22:48:29
10:45:51,7.51,0.0,1745,1310218,买盘,601288,2025-10-17 22:48:29
10:45:54,7.51,0.0,5696,4278186,买盘,601288,2025-10-17 22:48:29
10:45:57,7.51,0.0,3278,2464723,卖盘,601288,2025-10-17 22:48:29
10:46:00,7.52,0.01,2886,2170852,买盘,601288,2025-10-17 22:48:29
10:46:03,7.52,0.0,2731,2056079,卖盘,601288,2025-10-17 22:48:29
10:46:06,7.53,0.01,402,302668,买盘,601288,2025-10-17 22:48:29
10:46:09,7.53,0.0,3690,2778550,买盘,601288,2025-10-17 22:48:29
10:46:12,7.53,0.0,418,314719,买盘,601288,2025-10-17 22:48:29
10:46:15,7.53,0.0,2155,1622675,买盘,601288,2025-10-17 22:48:29
10:46:18,7.53,0.0,620,466860,买盘,601288,2025-10-17 22:48:29
10:46:21,7.53,0.0,1614,1215400,买盘,601288,2025-10-17 22:48:29
10:46:24,7.53,0.0,269,202590,卖盘,601288,2025-10-17 22:48:29
10:46:27,7.53,0.0,5836,4395258,卖盘,601288,2025-10-17 22:48:29
10:46:30,7.53,0.0,670,504174,买盘,601288,2025-10-17 22:48:29
10:46:33,7.53,0.0,2410,1814716,买盘,601288,2025-10-17 22:48:29
10:46:36,7.54,0.01,496,373764,买盘,601288,2025-10-17 22:48:29
10:46:39,7.54,0.0,420,316611,买盘,601288,2025-10-17 22:48:29
10:46:42,7.53,-0.01,5029,3787540,卖盘,601288,2025-10-17 22:48:29
10:46:45,7.54,0.01,3426,2582905,买盘,601288,2025-10-17 22:48:29
10:46:48,7.54,0.0,580,437275,买盘,601288,2025-10-17 22:48:29
10:46:51,7.54,0.0,1628,1227430,买盘,601288,2025-10-17 22:48:29
10:46:54,7.54,0.0,297,223903,卖盘,601288,2025-10-17 22:48:29
10:46:57,7.54,0.0,777,585872,买盘,601288,2025-10-17 22:48:29
10:47:00,7.53,-0.01,213,160432,卖盘,601288,2025-10-17 22:48:29
10:47:03,7.53,0.0,1530,1152520,卖盘,601288,2025-10-17 22:48:29
10:47:06,7.54,0.01,1141,860676,买盘,601288,2025-10-17 22:48:29
10:47:09,7.54,0.0,1010,761285,买盘,601288,2025-10-17 22:48:29
10:47:12,7.53,-0.01,699,527098,卖盘,601288,2025-10-17 22:48:29
10:47:15,7.53,0.0,454,342392,卖盘,601288,2025-10-17 22:48:29
10:47:18,7.53,0.0,283,213186,卖盘,601288,2025-10-17 22:48:29
10:47:21,7.53,0.0,1231,928296,卖盘,601288,2025-10-17 22:48:29
10:47:24,7.53,0.0,195,146973,卖盘,601288,2025-10-17 22:48:29
10:47:27,7.53,0.0,751,566204,卖盘,601288,2025-10-17 22:48:29
10:47:30,7.53,0.0,102,76814,卖盘,601288,2025-10-17 22:48:29
10:47:33,7.54,0.01,488,367789,买盘,601288,2025-10-17 22:48:29
10:47:36,7.54,0.0,385,290077,卖盘,601288,2025-10-17 22:48:29
10:47:39,7.53,-0.01,939,708169,卖盘,601288,2025-10-17 22:48:29
10:47:42,7.54,0.01,160,120640,买盘,601288,2025-10-17 22:48:29
10:47:45,7.54,0.0,428,322716,买盘,601288,2025-10-17 22:48:29
10:47:48,7.53,-0.01,360,271340,卖盘,601288,2025-10-17 22:48:29
10:47:51,7.54,0.01,231,174064,买盘,601288,2025-10-17 22:48:29
10:47:54,7.54,0.0,270,203585,卖盘,601288,2025-10-17 22:48:29
10:47:57,7.54,0.0,305,230106,卖盘,601288,2025-10-17 22:48:29
10:48:00,7.54,0.0,192,144872,卖盘,601288,2025-10-17 22:48:29
10:48:03,7.55,0.01,654,493297,买盘,601288,2025-10-17 22:48:29
10:48:06,7.55,0.0,90,67913,买盘,601288,2025-10-17 22:48:29
10:48:09,7.54,-0.01,758,572043,卖盘,601288,2025-10-17 22:48:29
10:48:12,7.55,0.01,364,274552,买盘,601288,2025-10-17 22:48:29
10:48:15,7.55,0.0,619,467161,买盘,601288,2025-10-17 22:48:29
10:48:18,7.54,-0.01,214,161564,卖盘,601288,2025-10-17 22:48:29
10:48:21,7.54,0.0,2942,2221015,卖盘,601288,2025-10-17 22:48:29
10:48:24,7.55,0.01,245,184948,买盘,601288,2025-10-17 22:48:29
10:48:27,7.55,0.0,1818,1372076,买盘,601288,2025-10-17 22:48:29
10:48:30,7.55,0.0,303,228690,买盘,601288,2025-10-17 22:48:29
10:48:33,7.55,0.0,569,429513,买盘,601288,2025-10-17 22:48:29
10:48:36,7.55,0.0,166,125330,买盘,601288,2025-10-17 22:48:29
10:48:39,7.55,0.0,1098,828967,买盘,601288,2025-10-17 22:48:29
10:48:42,7.55,0.0,137,103435,买盘,601288,2025-10-17 22:48:29
10:48:45,7.55,0.0,723,545803,买盘,601288,2025-10-17 22:48:29
10:48:48,7.55,0.0,779,587596,买盘,601288,2025-10-17 22:48:29
10:48:51,7.55,0.0,696,525403,买盘,601288,2025-10-17 22:48:29
10:48:54,7.55,0.0,361,272542,买盘,601288,2025-10-17 22:48:29
10:48:57,7.54,-0.01,712,537490,卖盘,601288,2025-10-17 22:48:29
10:49:00,7.55,0.01,784,591246,买盘,601288,2025-10-17 22:48:29
10:49:03,7.55,0.0,1493,1127040,买盘,601288,2025-10-17 22:48:29
10:49:06,7.55,0.0,932,703659,买盘,601288,2025-10-17 22:48:29
10:49:09,7.55,0.0,2299,1735744,买盘,601288,2025-10-17 22:48:29
10:49:12,7.55,0.0,3551,2681005,买盘,601288,2025-10-17 22:48:29
10:49:15,7.55,0.0,2191,1656350,卖盘,601288,2025-10-17 22:48:29
10:49:18,7.55,0.0,364,275155,卖盘,601288,2025-10-17 22:48:29
10:49:21,7.55,0.0,901,680946,卖盘,601288,2025-10-17 22:48:29
10:49:24,7.56,0.01,637,481420,买盘,601288,2025-10-17 22:48:29
10:49:27,7.56,0.0,657,496710,买盘,601288,2025-10-17 22:48:29
10:49:30,7.57,0.01,610,461255,买盘,601288,2025-10-17 22:48:29
10:49:33,7.56,-0.01,170,128505,中性盘,601288,2025-10-17 22:48:29
10:49:36,7.57,0.01,476,359914,买盘,601288,2025-10-17 22:48:29
10:49:39,7.57,0.0,539,407883,买盘,601288,2025-10-17 22:48:29
10:49:42,7.57,0.0,1043,789356,买盘,601288,2025-10-17 22:48:29
10:49:45,7.57,0.0,806,610141,买盘,601288,2025-10-17 22:48:29
10:49:48,7.57,0.0,886,670701,买盘,601288,2025-10-17 22:48:29
10:49:51,7.57,0.0,1005,760799,买盘,601288,2025-10-17 22:48:29
10:49:54,7.57,0.0,462,349666,买盘,601288,2025-10-17 22:48:29
10:49:57,7.56,-0.01,1165,881836,卖盘,601288,2025-10-17 22:48:29
10:50:00,7.58,0.02,1532,1160477,买盘,601288,2025-10-17 22:48:29
10:50:03,7.57,-0.01,552,417589,中性盘,601288,2025-10-17 22:48:29
10:50:06,7.57,0.0,326,246762,买盘,601288,2025-10-17 22:48:29
10:50:09,7.57,0.0,620,469328,买盘,601288,2025-10-17 22:48:29
10:50:12,7.57,0.0,776,587422,买盘,601288,2025-10-17 22:48:29
10:50:15,7.57,0.0,1515,1146855,买盘,601288,2025-10-17 22:48:29
10:50:18,7.57,0.0,1216,921034,卖盘,601288,2025-10-17 22:48:29
10:50:21,7.57,0.0,717,542843,买盘,601288,2025-10-17 22:48:29
10:50:24,7.57,0.0,610,462265,卖盘,601288,2025-10-17 22:48:29
10:50:27,7.58,0.01,406,307506,买盘,601288,2025-10-17 22:48:29
10:50:30,7.58,0.0,694,525822,买盘,601288,2025-10-17 22:48:29
10:50:33,7.58,0.0,129,97769,买盘,601288,2025-10-17 22:48:29
10:50:36,7.58,0.0,456,345628,买盘,601288,2025-10-17 22:48:29
10:50:39,7.58,0.0,1857,1407585,买盘,601288,2025-10-17 22:48:29
10:50:42,7.58,0.0,866,656355,买盘,601288,2025-10-17 22:48:29
10:50:45,7.58,0.0,270,204580,买盘,601288,2025-10-17 22:48:29
10:50:48,7.58,0.0,464,351690,买盘,601288,2025-10-17 22:48:29
10:50:51,7.58,0.0,1367,1035062,买盘,601288,2025-10-17 22:48:29
10:50:54,7.58,0.0,1414,1071812,买盘,601288,2025-10-17 22:48:29
10:50:57,7.58,0.0,455,344875,买盘,601288,2025-10-17 22:48:29
10:51:00,7.58,0.0,651,493371,买盘,601288,2025-10-17 22:48:29
10:51:03,7.57,-0.01,1222,925482,卖盘,601288,2025-10-17 22:48:29
10:51:06,7.57,0.0,2172,1644587,卖盘,601288,2025-10-17 22:48:29
10:51:09,7.56,-0.01,740,560383,卖盘,601288,2025-10-17 22:48:29
10:51:12,7.57,0.01,326,246843,买盘,601288,2025-10-17 22:48:29
10:51:15,7.57,0.0,105,79464,买盘,601288,2025-10-17 22:48:29
10:51:19,7.57,0.0,382,289111,买盘,601288,2025-10-17 22:48:29
10:51:21,7.57,0.0,178,134631,买盘,601288,2025-10-17 22:48:29
10:51:24,7.57,0.0,310,234665,买盘,601288,2025-10-17 22:48:29
10:51:27,7.57,0.0,536,405461,买盘,601288,2025-10-17 22:48:29
10:51:30,7.57,0.0,513,388063,买盘,601288,2025-10-17 22:48:29
10:51:33,7.57,0.0,289,218690,买盘,601288,2025-10-17 22:48:29
10:51:36,7.56,-0.01,400,302709,卖盘,601288,2025-10-17 22:48:29
10:51:39,7.56,0.0,173,130902,卖盘,601288,2025-10-17 22:48:29
10:51:42,7.56,0.0,267,201966,卖盘,601288,2025-10-17 22:48:29
10:51:45,7.56,0.0,244,184655,卖盘,601288,2025-10-17 22:48:29
10:51:48,7.57,0.01,651,492533,买盘,601288,2025-10-17 22:48:29
10:51:51,7.57,0.0,3777,2855348,买盘,601288,2025-10-17 22:48:29
10:51:54,7.55,-0.02,286,216243,卖盘,601288,2025-10-17 22:48:29
10:51:57,7.56,0.01,477,360741,买盘,601288,2025-10-17 22:48:29
10:52:00,7.55,-0.01,332,250955,卖盘,601288,2025-10-17 22:48:29
10:52:03,7.55,0.0,52,39305,卖盘,601288,2025-10-17 22:48:29
10:52:06,7.56,0.01,225,170061,买盘,601288,2025-10-17 22:48:29
10:52:09,7.56,0.0,28,21148,买盘,601288,2025-10-17 22:48:29
10:52:12,7.55,-0.01,249,188071,卖盘,601288,2025-10-17 22:48:29
10:52:15,7.55,0.0,104,78520,卖盘,601288,2025-10-17 22:48:29
10:52:18,7.55,0.0,495,373849,卖盘,601288,2025-10-17 22:48:29
10:52:21,7.56,0.01,100,75569,买盘,601288,2025-10-17 22:48:29
10:52:24,7.55,-0.01,385,290879,卖盘,601288,2025-10-17 22:48:29
