时间,成交价,价格变动,成交量,成交额,买卖盘性质,股票代码,采集时间
09:25:03,11.5,0.0,32494,37368100,卖盘,601611,2025-10-17 22:59:27
09:30:00,11.49,-0.01,1767,2031702,卖盘,601611,2025-10-17 22:59:27
09:30:03,11.46,-0.03,2538,2913014,卖盘,601611,2025-10-17 22:59:27
09:30:06,11.51,0.05,6411,7374948,买盘,601611,2025-10-17 22:59:27
09:30:09,11.52,0.01,5297,6102121,买盘,601611,2025-10-17 22:59:27
09:30:12,11.57,0.05,2100,2421404,买盘,601611,2025-10-17 22:59:27
09:30:15,11.51,-0.06,2322,2676212,卖盘,601611,2025-10-17 22:59:27
09:30:18,11.51,0.0,4470,5142581,卖盘,601611,2025-10-17 22:59:27
09:30:21,11.5,-0.01,2598,2989043,卖盘,601611,2025-10-17 22:59:27
09:30:24,11.5,0.0,3790,4372001,卖盘,601611,2025-10-17 22:59:27
09:30:27,11.51,0.01,6460,7451277,卖盘,601611,2025-10-17 22:59:27
09:30:30,11.5,-0.01,3204,3689759,卖盘,601611,2025-10-17 22:59:27
09:30:33,11.54,0.04,4045,4654358,买盘,601611,2025-10-17 22:59:27
09:30:36,11.5,-0.04,3459,3978068,卖盘,601611,2025-10-17 22:59:27
09:30:39,11.49,-0.01,3430,3945325,卖盘,601611,2025-10-17 22:59:27
09:30:42,11.45,-0.04,2739,3146676,卖盘,601611,2025-10-17 22:59:27
09:30:45,11.4,-0.05,2536,2901628,卖盘,601611,2025-10-17 22:59:27
09:30:48,11.38,-0.02,1904,2169680,卖盘,601611,2025-10-17 22:59:27
09:30:51,11.35,-0.03,1786,2030926,卖盘,601611,2025-10-17 22:59:27
09:30:54,11.32,-0.03,928,1053461,卖盘,601611,2025-10-17 22:59:27
09:30:57,11.31,-0.01,1090,1233569,卖盘,601611,2025-10-17 22:59:27
09:31:00,11.3,-0.01,2162,2444090,卖盘,601611,2025-10-17 22:59:27
09:31:03,11.3,0.0,4193,4738943,卖盘,601611,2025-10-17 22:59:27
09:31:06,11.27,-0.03,1219,1374477,卖盘,601611,2025-10-17 22:59:27
09:31:09,11.23,-0.04,809,910349,卖盘,601611,2025-10-17 22:59:27
09:31:12,11.21,-0.02,790,887016,卖盘,601611,2025-10-17 22:59:27
09:31:15,11.2,-0.01,2915,3269208,卖盘,601611,2025-10-17 22:59:27
09:31:18,11.18,-0.02,2066,2313903,卖盘,601611,2025-10-17 22:59:27
09:31:21,11.14,-0.04,1815,2028759,卖盘,601611,2025-10-17 22:59:27
09:31:24,11.14,0.0,2752,3067680,卖盘,601611,2025-10-17 22:59:27
09:31:27,11.11,-0.03,3802,4230952,卖盘,601611,2025-10-17 22:59:27
09:31:30,11.14,0.03,3884,4320141,买盘,601611,2025-10-17 22:59:27
09:31:33,11.16,0.02,2935,3270793,买盘,601611,2025-10-17 22:59:27
09:31:36,11.16,0.0,2207,2463618,买盘,601611,2025-10-17 22:59:27
09:31:39,11.18,0.02,2238,2500368,买盘,601611,2025-10-17 22:59:27
09:31:42,11.18,0.0,1689,1890599,卖盘,601611,2025-10-17 22:59:27
09:31:45,11.25,0.07,1222,1372354,买盘,601611,2025-10-17 22:59:27
09:31:48,11.25,0.0,1030,1158985,卖盘,601611,2025-10-17 22:59:27
09:31:51,11.25,0.0,595,670479,卖盘,601611,2025-10-17 22:59:27
09:31:54,11.32,0.07,1232,1389443,买盘,601611,2025-10-17 22:59:27
09:31:57,11.29,-0.03,1277,1438455,卖盘,601611,2025-10-17 22:59:27
09:32:00,11.29,0.0,2192,2468034,买盘,601611,2025-10-17 22:59:27
09:32:03,11.28,-0.01,1938,2187523,中性盘,601611,2025-10-17 22:59:27
09:32:06,11.28,0.0,1044,1177957,卖盘,601611,2025-10-17 22:59:27
09:32:09,11.24,-0.04,2158,2432779,卖盘,601611,2025-10-17 22:59:27
09:32:12,11.24,0.0,496,558337,买盘,601611,2025-10-17 22:59:27
09:32:15,11.2,-0.04,1052,1180638,卖盘,601611,2025-10-17 22:59:27
09:32:18,11.23,0.03,1849,2072934,买盘,601611,2025-10-17 22:59:27
09:32:21,11.21,-0.02,1286,1442035,卖盘,601611,2025-10-17 22:59:27
09:32:24,11.2,-0.01,1259,1410765,卖盘,601611,2025-10-17 22:59:27
09:32:27,11.2,0.0,1528,1711072,卖盘,601611,2025-10-17 22:59:27
09:32:30,11.2,0.0,2611,2923743,买盘,601611,2025-10-17 22:59:27
09:32:33,11.19,-0.01,1848,2069848,卖盘,601611,2025-10-17 22:59:27
09:32:36,11.19,0.0,1768,1978955,卖盘,601611,2025-10-17 22:59:27
09:32:39,11.2,0.01,4330,4846361,中性盘,601611,2025-10-17 22:59:27
09:32:42,11.19,-0.01,1336,1494718,卖盘,601611,2025-10-17 22:59:27
09:32:45,11.19,0.0,938,1050025,买盘,601611,2025-10-17 22:59:27
09:32:48,11.19,0.0,855,956487,卖盘,601611,2025-10-17 22:59:27
09:32:51,11.19,0.0,1111,1243052,买盘,601611,2025-10-17 22:59:27
09:32:54,11.17,-0.02,899,1004928,卖盘,601611,2025-10-17 22:59:27
09:32:57,11.17,0.0,1484,1658915,卖盘,601611,2025-10-17 22:59:27
09:33:00,11.17,0.0,977,1090873,卖盘,601611,2025-10-17 22:59:27
09:33:03,11.17,0.0,1591,1777033,买盘,601611,2025-10-17 22:59:27
09:33:06,11.16,-0.01,1914,2135425,卖盘,601611,2025-10-17 22:59:27
09:33:09,11.17,0.01,1587,1770694,买盘,601611,2025-10-17 22:59:27
09:33:12,11.16,-0.01,1671,1866154,买盘,601611,2025-10-17 22:59:27
09:33:15,11.17,0.01,619,691010,卖盘,601611,2025-10-17 22:59:27
09:33:18,11.17,0.0,1193,1331869,卖盘,601611,2025-10-17 22:59:27
09:33:21,11.17,0.0,633,706885,买盘,601611,2025-10-17 22:59:27
09:33:24,11.17,0.0,1122,1252749,买盘,601611,2025-10-17 22:59:27
09:33:27,11.17,0.0,1535,1715505,卖盘,601611,2025-10-17 22:59:27
09:33:30,11.16,-0.01,2136,2382875,卖盘,601611,2025-10-17 22:59:27
09:33:33,11.16,0.0,670,747876,卖盘,601611,2025-10-17 22:59:27
09:33:36,11.17,0.01,750,836936,买盘,601611,2025-10-17 22:59:27
09:33:39,11.15,-0.02,573,638858,卖盘,601611,2025-10-17 22:59:27
09:33:42,11.14,-0.01,1006,1121738,卖盘,601611,2025-10-17 22:59:27
09:33:45,11.16,0.02,1096,1221586,买盘,601611,2025-10-17 22:59:27
09:33:48,11.14,-0.02,1045,1164936,卖盘,601611,2025-10-17 22:59:27
09:33:51,11.15,0.01,1476,1644267,买盘,601611,2025-10-17 22:59:27
09:33:54,11.15,0.0,1279,1425769,买盘,601611,2025-10-17 22:59:27
09:33:57,11.15,0.0,1990,2219506,卖盘,601611,2025-10-17 22:59:27
09:34:00,11.15,0.0,745,830415,卖盘,601611,2025-10-17 22:59:27
09:34:03,11.14,-0.01,1336,1489410,卖盘,601611,2025-10-17 22:59:27
09:34:06,11.14,0.0,601,669501,卖盘,601611,2025-10-17 22:59:27
09:34:09,11.15,0.01,2294,2556551,买盘,601611,2025-10-17 22:59:27
09:34:12,11.14,-0.01,1855,2067184,卖盘,601611,2025-10-17 22:59:27
09:34:15,11.14,0.0,1067,1189079,卖盘,601611,2025-10-17 22:59:27
09:34:18,11.18,0.04,2330,2597586,买盘,601611,2025-10-17 22:59:27
09:34:21,11.19,0.01,637,712004,买盘,601611,2025-10-17 22:59:27
09:34:24,11.18,-0.01,1355,1513461,卖盘,601611,2025-10-17 22:59:27
09:34:27,11.2,0.02,343,383724,买盘,601611,2025-10-17 22:59:27
09:34:30,11.19,-0.01,437,489535,卖盘,601611,2025-10-17 22:59:27
09:34:33,11.21,0.02,435,487479,买盘,601611,2025-10-17 22:59:27
09:34:36,11.19,-0.02,876,980982,卖盘,601611,2025-10-17 22:59:27
09:34:39,11.2,0.01,1397,1564925,买盘,601611,2025-10-17 22:59:27
09:34:42,11.2,0.0,351,393260,卖盘,601611,2025-10-17 22:59:27
09:34:45,11.25,0.05,1870,2101930,买盘,601611,2025-10-17 22:59:27
09:34:48,11.27,0.02,603,678539,买盘,601611,2025-10-17 22:59:27
09:34:51,11.26,-0.01,908,1022732,中性盘,601611,2025-10-17 22:59:27
09:34:54,11.26,0.0,1395,1570152,买盘,601611,2025-10-17 22:59:27
09:34:57,11.25,-0.01,500,562421,卖盘,601611,2025-10-17 22:59:27
09:35:00,11.24,-0.01,1066,1199733,中性盘,601611,2025-10-17 22:59:27
09:35:03,11.24,0.0,465,523513,买盘,601611,2025-10-17 22:59:27
09:35:06,11.24,0.0,1239,1392366,卖盘,601611,2025-10-17 22:59:27
09:35:09,11.24,0.0,876,984764,买盘,601611,2025-10-17 22:59:27
09:35:12,11.23,-0.01,714,802260,卖盘,601611,2025-10-17 22:59:27
09:35:15,11.21,-0.02,3447,3870715,卖盘,601611,2025-10-17 22:59:27
09:35:18,11.2,-0.01,1018,1141552,卖盘,601611,2025-10-17 22:59:27
09:35:21,11.19,-0.01,522,584522,卖盘,601611,2025-10-17 22:59:27
09:35:24,11.19,0.0,948,1062062,卖盘,601611,2025-10-17 22:59:27
09:35:27,11.2,0.01,680,760976,买盘,601611,2025-10-17 22:59:27
09:35:30,11.25,0.05,1064,1194511,买盘,601611,2025-10-17 22:59:27
09:35:33,11.21,-0.04,643,720856,卖盘,601611,2025-10-17 22:59:27
09:35:36,11.25,0.04,600,674107,买盘,601611,2025-10-17 22:59:27
09:35:39,11.26,0.01,1426,1608960,买盘,601611,2025-10-17 22:59:27
09:35:42,11.28,0.02,227,255742,买盘,601611,2025-10-17 22:59:27
09:35:45,11.29,0.01,242,273086,买盘,601611,2025-10-17 22:59:27
09:35:48,11.31,0.02,1210,1366587,买盘,601611,2025-10-17 22:59:27
09:35:51,11.31,0.0,166,187492,买盘,601611,2025-10-17 22:59:27
09:35:54,11.31,0.0,1971,2229971,卖盘,601611,2025-10-17 22:59:27
09:35:57,11.33,0.02,750,848560,买盘,601611,2025-10-17 22:59:27
09:36:00,11.34,0.01,240,271985,买盘,601611,2025-10-17 22:59:27
09:36:03,11.34,0.0,1378,1561664,卖盘,601611,2025-10-17 22:59:27
09:36:06,11.35,0.01,1094,1241751,买盘,601611,2025-10-17 22:59:27
09:36:09,11.35,0.0,856,971623,卖盘,601611,2025-10-17 22:59:27
09:36:12,11.32,-0.03,920,1043572,卖盘,601611,2025-10-17 22:59:27
09:36:15,11.31,-0.01,448,507361,卖盘,601611,2025-10-17 22:59:27
09:36:18,11.31,0.0,589,666153,买盘,601611,2025-10-17 22:59:27
09:36:21,11.3,-0.01,1054,1190982,卖盘,601611,2025-10-17 22:59:27
09:36:24,11.31,0.01,1553,1754622,买盘,601611,2025-10-17 22:59:27
09:36:27,11.28,-0.03,1194,1348452,卖盘,601611,2025-10-17 22:59:27
09:36:30,11.3,0.02,1460,1651429,买盘,601611,2025-10-17 22:59:27
09:36:33,11.28,-0.02,729,822616,卖盘,601611,2025-10-17 22:59:27
09:36:36,11.27,-0.01,999,1127432,卖盘,601611,2025-10-17 22:59:27
09:36:39,11.31,0.04,1365,1539654,买盘,601611,2025-10-17 22:59:27
09:36:42,11.31,0.0,537,606149,买盘,601611,2025-10-17 22:59:27
09:36:45,11.36,0.05,1163,1318267,买盘,601611,2025-10-17 22:59:27
09:36:48,11.32,-0.04,303,343469,卖盘,601611,2025-10-17 22:59:27
09:36:51,11.36,0.04,307,348234,卖盘,601611,2025-10-17 22:59:27
09:36:54,11.34,-0.02,269,305584,卖盘,601611,2025-10-17 22:59:27
09:36:57,11.35,0.01,904,1026746,中性盘,601611,2025-10-17 22:59:27
09:37:00,11.36,0.01,705,800472,买盘,601611,2025-10-17 22:59:27
09:37:03,11.36,0.0,1179,1339982,买盘,601611,2025-10-17 22:59:27
09:37:06,11.38,0.02,560,636683,买盘,601611,2025-10-17 22:59:27
09:37:09,11.38,0.0,386,438847,买盘,601611,2025-10-17 22:59:27
09:37:12,11.36,-0.02,1153,1310292,卖盘,601611,2025-10-17 22:59:27
09:37:15,11.36,0.0,974,1107830,买盘,601611,2025-10-17 22:59:27
09:37:18,11.38,0.02,256,291115,买盘,601611,2025-10-17 22:59:27
09:37:21,11.36,-0.02,266,302572,卖盘,601611,2025-10-17 22:59:27
09:37:24,11.39,0.03,1301,1481602,买盘,601611,2025-10-17 22:59:27
09:37:27,11.39,0.0,219,249466,卖盘,601611,2025-10-17 22:59:27
09:37:30,11.4,0.01,503,573302,买盘,601611,2025-10-17 22:59:27
09:37:33,11.41,0.01,288,328513,买盘,601611,2025-10-17 22:59:27
09:37:36,11.41,0.0,1443,1648826,卖盘,601611,2025-10-17 22:59:27
09:37:39,11.42,0.01,382,436157,买盘,601611,2025-10-17 22:59:27
09:37:42,11.43,0.01,429,490064,买盘,601611,2025-10-17 22:59:27
09:37:45,11.42,-0.01,1042,1190953,卖盘,601611,2025-10-17 22:59:27
09:37:48,11.39,-0.03,3197,3648870,卖盘,601611,2025-10-17 22:59:27
09:37:51,11.41,0.02,824,941318,买盘,601611,2025-10-17 22:59:27
09:37:54,11.38,-0.03,762,868952,卖盘,601611,2025-10-17 22:59:27
09:37:57,11.41,0.03,2420,2759631,买盘,601611,2025-10-17 22:59:27
09:38:00,11.38,-0.03,814,926853,卖盘,601611,2025-10-17 22:59:27
09:38:03,11.4,0.02,597,679751,买盘,601611,2025-10-17 22:59:27
09:38:06,11.4,0.0,454,516825,买盘,601611,2025-10-17 22:59:27
09:38:09,11.39,-0.01,355,404494,卖盘,601611,2025-10-17 22:59:27
09:38:12,11.39,0.0,797,908775,卖盘,601611,2025-10-17 22:59:27
09:38:15,11.39,0.0,1793,2041702,卖盘,601611,2025-10-17 22:59:27
09:38:18,11.36,-0.03,434,494028,卖盘,601611,2025-10-17 22:59:27
09:38:21,11.37,0.01,108,122746,买盘,601611,2025-10-17 22:59:27
09:38:24,11.36,-0.01,227,257912,卖盘,601611,2025-10-17 22:59:27
09:38:27,11.35,-0.01,400,454142,卖盘,601611,2025-10-17 22:59:27
09:38:30,11.34,-0.01,189,214534,卖盘,601611,2025-10-17 22:59:27
09:38:33,11.34,0.0,530,601276,卖盘,601611,2025-10-17 22:59:27
09:38:36,11.34,0.0,367,416095,卖盘,601611,2025-10-17 22:59:27
09:38:39,11.33,-0.01,135,153005,卖盘,601611,2025-10-17 22:59:27
09:38:42,11.33,0.0,205,232282,卖盘,601611,2025-10-17 22:59:27
09:38:45,11.31,-0.02,655,741483,卖盘,601611,2025-10-17 22:59:27
09:38:48,11.31,0.0,484,547505,卖盘,601611,2025-10-17 22:59:27
09:38:51,11.3,-0.01,517,584546,卖盘,601611,2025-10-17 22:59:27
09:38:54,11.29,-0.01,235,265404,卖盘,601611,2025-10-17 22:59:27
09:38:57,11.28,-0.01,289,326109,卖盘,601611,2025-10-17 22:59:27
09:39:00,11.28,0.0,433,488479,卖盘,601611,2025-10-17 22:59:27
09:39:03,11.26,-0.02,304,342621,卖盘,601611,2025-10-17 22:59:27
09:39:06,11.25,-0.01,440,495608,卖盘,601611,2025-10-17 22:59:27
09:39:09,11.26,0.01,180,202564,中性盘,601611,2025-10-17 22:59:27
09:39:12,11.27,0.01,498,560501,买盘,601611,2025-10-17 22:59:27
09:39:15,11.28,0.01,163,183601,买盘,601611,2025-10-17 22:59:27
09:39:18,11.27,-0.01,1358,1529829,卖盘,601611,2025-10-17 22:59:27
09:39:21,11.25,-0.02,689,776012,卖盘,601611,2025-10-17 22:59:27
09:39:24,11.25,0.0,474,533479,卖盘,601611,2025-10-17 22:59:27
09:39:27,11.25,0.0,275,309389,买盘,601611,2025-10-17 22:59:27
09:39:30,11.24,-0.01,298,335015,卖盘,601611,2025-10-17 22:59:27
09:39:33,11.23,-0.01,368,413608,卖盘,601611,2025-10-17 22:59:27
09:39:36,11.23,0.0,727,816530,卖盘,601611,2025-10-17 22:59:27
09:39:39,11.22,-0.01,810,908703,卖盘,601611,2025-10-17 22:59:27
09:39:42,11.22,0.0,165,185207,买盘,601611,2025-10-17 22:59:27
09:39:45,11.21,-0.01,552,619031,卖盘,601611,2025-10-17 22:59:27
09:39:48,11.23,0.02,1362,1528034,买盘,601611,2025-10-17 22:59:27
09:39:51,11.21,-0.02,590,661425,卖盘,601611,2025-10-17 22:59:27
09:39:54,11.23,0.02,1766,1978092,买盘,601611,2025-10-17 22:59:27
09:39:57,11.23,0.0,475,532632,买盘,601611,2025-10-17 22:59:27
09:40:00,11.23,0.0,634,711640,买盘,601611,2025-10-17 22:59:27
09:40:03,11.23,0.0,616,691679,卖盘,601611,2025-10-17 22:59:27
09:40:06,11.21,-0.02,583,654106,卖盘,601611,2025-10-17 22:59:27
09:40:09,11.21,0.0,252,282780,卖盘,601611,2025-10-17 22:59:27
09:40:12,11.22,0.01,909,1018984,卖盘,601611,2025-10-17 22:59:27
09:40:15,11.23,0.01,595,667703,买盘,601611,2025-10-17 22:59:27
09:40:18,11.23,0.0,505,566771,买盘,601611,2025-10-17 22:59:27
09:40:21,11.23,0.0,323,362355,买盘,601611,2025-10-17 22:59:27
09:40:24,11.22,-0.01,328,368115,卖盘,601611,2025-10-17 22:59:27
09:40:27,11.22,0.0,293,328955,卖盘,601611,2025-10-17 22:59:27
09:40:30,11.24,0.02,558,626099,买盘,601611,2025-10-17 22:59:27
09:40:33,11.25,0.01,753,846111,买盘,601611,2025-10-17 22:59:27
09:40:36,11.24,-0.01,463,520310,卖盘,601611,2025-10-17 22:59:27
09:40:39,11.25,0.01,348,391447,买盘,601611,2025-10-17 22:59:27
09:40:42,11.25,0.0,623,700613,买盘,601611,2025-10-17 22:59:27
09:40:45,11.26,0.01,635,714387,买盘,601611,2025-10-17 22:59:27
09:40:48,11.26,0.0,655,737253,买盘,601611,2025-10-17 22:59:27
09:40:51,11.27,0.01,273,307427,买盘,601611,2025-10-17 22:59:27
09:40:54,11.27,0.0,219,246724,买盘,601611,2025-10-17 22:59:27
09:40:57,11.26,-0.01,1071,1206823,卖盘,601611,2025-10-17 22:59:27
09:41:00,11.25,-0.01,399,448934,卖盘,601611,2025-10-17 22:59:27
09:41:03,11.22,-0.03,1685,1893512,卖盘,601611,2025-10-17 22:59:27
09:41:06,11.21,-0.01,559,627545,卖盘,601611,2025-10-17 22:59:27
09:41:09,11.21,0.0,396,444303,卖盘,601611,2025-10-17 22:59:27
09:41:12,11.2,-0.01,1449,1624519,卖盘,601611,2025-10-17 22:59:27
09:41:15,11.2,0.0,732,819947,卖盘,601611,2025-10-17 22:59:27
09:41:18,11.2,0.0,1121,1255539,卖盘,601611,2025-10-17 22:59:27
09:41:21,11.2,0.0,748,837847,卖盘,601611,2025-10-17 22:59:27
09:41:24,11.19,-0.01,217,242882,卖盘,601611,2025-10-17 22:59:27
09:41:27,11.18,-0.01,560,626339,卖盘,601611,2025-10-17 22:59:27
09:41:30,11.18,0.0,192,214744,卖盘,601611,2025-10-17 22:59:27
09:41:33,11.18,0.0,913,1021052,卖盘,601611,2025-10-17 22:59:27
09:41:36,11.18,0.0,877,980635,买盘,601611,2025-10-17 22:59:27
09:41:39,11.17,-0.01,715,798908,卖盘,601611,2025-10-17 22:59:27
09:41:42,11.17,0.0,822,918502,卖盘,601611,2025-10-17 22:59:27
09:41:45,11.17,0.0,921,1028894,卖盘,601611,2025-10-17 22:59:27
09:41:48,11.16,-0.01,723,807403,卖盘,601611,2025-10-17 22:59:27
09:41:51,11.17,0.01,480,535882,买盘,601611,2025-10-17 22:59:27
09:41:54,11.17,0.0,1564,1747007,买盘,601611,2025-10-17 22:59:27
09:41:57,11.17,0.0,790,882179,卖盘,601611,2025-10-17 22:59:27
09:42:00,11.17,0.0,2328,2600665,卖盘,601611,2025-10-17 22:59:27
09:42:03,11.18,0.01,684,764556,买盘,601611,2025-10-17 22:59:27
09:42:06,11.18,0.0,366,409383,卖盘,601611,2025-10-17 22:59:27
09:42:09,11.2,0.02,149,166774,买盘,601611,2025-10-17 22:59:27
09:42:12,11.19,-0.01,599,670280,卖盘,601611,2025-10-17 22:59:27
09:42:15,11.18,-0.01,321,359082,卖盘,601611,2025-10-17 22:59:27
09:42:18,11.19,0.01,612,684538,买盘,601611,2025-10-17 22:59:27
09:42:21,11.2,0.01,1985,2221348,买盘,601611,2025-10-17 22:59:27
09:42:24,11.2,0.0,441,493741,买盘,601611,2025-10-17 22:59:27
09:42:27,11.2,0.0,253,283404,卖盘,601611,2025-10-17 22:59:27
09:42:30,11.22,0.02,279,312646,买盘,601611,2025-10-17 22:59:27
09:42:33,11.22,0.0,77,86369,卖盘,601611,2025-10-17 22:59:27
09:42:36,11.21,-0.01,428,479884,卖盘,601611,2025-10-17 22:59:27
09:42:39,11.21,0.0,217,243451,卖盘,601611,2025-10-17 22:59:27
09:42:42,11.22,0.01,282,316328,买盘,601611,2025-10-17 22:59:27
09:42:45,11.22,0.0,127,142440,买盘,601611,2025-10-17 22:59:27
09:42:48,11.22,0.0,343,384770,买盘,601611,2025-10-17 22:59:27
09:42:51,11.21,-0.01,722,809747,卖盘,601611,2025-10-17 22:59:27
09:42:54,11.2,-0.01,226,253264,卖盘,601611,2025-10-17 22:59:27
09:42:57,11.21,0.01,466,522186,买盘,601611,2025-10-17 22:59:27
09:43:00,11.21,0.0,224,251068,买盘,601611,2025-10-17 22:59:27
09:43:03,11.21,0.0,414,463948,买盘,601611,2025-10-17 22:59:27
09:43:06,11.2,-0.01,710,795717,卖盘,601611,2025-10-17 22:59:27
09:43:09,11.2,0.0,1181,1322913,卖盘,601611,2025-10-17 22:59:27
09:43:12,11.18,-0.02,4125,4614163,卖盘,601611,2025-10-17 22:59:27
09:43:15,11.18,0.0,2405,2687291,买盘,601611,2025-10-17 22:59:27
09:43:18,11.17,-0.01,413,461453,卖盘,601611,2025-10-17 22:59:27
09:43:21,11.16,-0.01,2630,2933975,卖盘,601611,2025-10-17 22:59:27
09:43:24,11.15,-0.01,1313,1465524,卖盘,601611,2025-10-17 22:59:27
09:43:27,11.15,0.0,1474,1644962,卖盘,601611,2025-10-17 22:59:27
09:43:30,11.13,-0.02,1205,1342736,卖盘,601611,2025-10-17 22:59:27
09:43:33,11.13,0.0,1106,1230876,卖盘,601611,2025-10-17 22:59:27
09:43:36,11.12,-0.01,491,546215,卖盘,601611,2025-10-17 22:59:27
09:43:39,11.12,0.0,3231,3592711,卖盘,601611,2025-10-17 22:59:27
09:43:42,11.11,-0.01,857,952481,卖盘,601611,2025-10-17 22:59:27
09:43:45,11.11,0.0,1900,2111045,卖盘,601611,2025-10-17 22:59:27
09:43:48,11.11,0.0,2029,2254682,卖盘,601611,2025-10-17 22:59:27
09:43:51,11.07,-0.04,5547,6154199,卖盘,601611,2025-10-17 22:59:27
09:43:54,11.07,0.0,526,581744,卖盘,601611,2025-10-17 22:59:27
09:43:57,11.05,-0.02,863,954321,卖盘,601611,2025-10-17 22:59:27
09:44:00,11.04,-0.01,1564,1728221,卖盘,601611,2025-10-17 22:59:27
09:44:03,11.05,0.01,4115,4542366,买盘,601611,2025-10-17 22:59:27
09:44:06,11.04,-0.01,3152,3472734,中性盘,601611,2025-10-17 22:59:27
09:44:09,11.0,-0.04,3442,3792429,卖盘,601611,2025-10-17 22:59:27
09:44:12,11.01,0.01,2124,2339712,中性盘,601611,2025-10-17 22:59:27
09:44:15,11.01,0.0,1930,2124557,卖盘,601611,2025-10-17 22:59:27
09:44:18,11.01,0.0,2180,2400629,卖盘,601611,2025-10-17 22:59:27
09:44:21,11.0,-0.01,8788,9668102,卖盘,601611,2025-10-17 22:59:27
09:44:24,10.99,-0.01,2229,2453355,卖盘,601611,2025-10-17 22:59:27
09:44:27,10.99,0.0,1723,1894297,卖盘,601611,2025-10-17 22:59:27
09:44:30,10.99,0.0,1261,1385382,卖盘,601611,2025-10-17 22:59:27
09:44:33,10.98,-0.01,1620,1779864,卖盘,601611,2025-10-17 22:59:27
09:44:36,10.98,0.0,886,973098,卖盘,601611,2025-10-17 22:59:27
09:44:39,10.97,-0.01,2511,2756355,卖盘,601611,2025-10-17 22:59:27
09:44:42,10.97,0.0,3386,3714931,卖盘,601611,2025-10-17 22:59:27
09:44:45,10.98,0.01,5903,6483436,买盘,601611,2025-10-17 22:59:27
09:44:48,11.0,0.02,4342,4774954,买盘,601611,2025-10-17 22:59:27
09:44:51,11.0,0.0,2190,2408641,卖盘,601611,2025-10-17 22:59:27
09:44:54,11.0,0.0,2291,2518441,买盘,601611,2025-10-17 22:59:27
09:44:57,11.0,0.0,1114,1225296,卖盘,601611,2025-10-17 22:59:27
09:45:00,11.03,0.03,847,932352,买盘,601611,2025-10-17 22:59:27
09:45:03,11.04,0.01,817,899677,买盘,601611,2025-10-17 22:59:27
09:45:06,11.04,0.0,492,543273,买盘,601611,2025-10-17 22:59:27
09:45:09,11.06,0.02,739,816162,卖盘,601611,2025-10-17 22:59:27
09:45:12,11.04,-0.02,617,681929,中性盘,601611,2025-10-17 22:59:27
09:45:15,11.07,0.03,561,620320,买盘,601611,2025-10-17 22:59:27
09:45:18,11.06,-0.01,490,542091,卖盘,601611,2025-10-17 22:59:27
09:45:21,11.07,0.01,509,563174,买盘,601611,2025-10-17 22:59:27
09:45:24,11.06,-0.01,1278,1413646,卖盘,601611,2025-10-17 22:59:27
09:45:27,11.04,-0.02,3629,4006577,卖盘,601611,2025-10-17 22:59:27
09:45:30,11.02,-0.02,550,606842,卖盘,601611,2025-10-17 22:59:27
09:45:33,11.01,-0.01,1560,1721735,卖盘,601611,2025-10-17 22:59:27
09:45:36,11.01,0.0,2695,2968071,卖盘,601611,2025-10-17 22:59:27
09:45:39,11.0,-0.01,758,834277,卖盘,601611,2025-10-17 22:59:27
09:45:42,11.01,0.01,481,529357,买盘,601611,2025-10-17 22:59:27
09:45:45,11.0,-0.01,2434,2677200,卖盘,601611,2025-10-17 22:59:27
09:45:48,10.99,-0.01,1121,1232593,卖盘,601611,2025-10-17 22:59:27
09:45:51,10.98,-0.01,691,759251,卖盘,601611,2025-10-17 22:59:27
09:45:54,10.98,0.0,1859,2041212,卖盘,601611,2025-10-17 22:59:27
09:45:57,10.97,-0.01,1376,1509923,卖盘,601611,2025-10-17 22:59:27
09:46:00,10.97,0.0,579,634950,买盘,601611,2025-10-17 22:59:27
09:46:03,10.96,-0.01,1282,1405259,卖盘,601611,2025-10-17 22:59:27
09:46:06,10.96,0.0,664,727557,买盘,601611,2025-10-17 22:59:27
09:46:09,10.96,0.0,1517,1662036,买盘,601611,2025-10-17 22:59:27
09:46:12,10.95,-0.01,1249,1367990,卖盘,601611,2025-10-17 22:59:27
09:46:15,10.95,0.0,1240,1357354,买盘,601611,2025-10-17 22:59:27
09:46:18,10.95,0.0,1972,2158900,买盘,601611,2025-10-17 22:59:27
09:46:21,10.96,0.01,2339,2561142,买盘,601611,2025-10-17 22:59:27
09:46:24,10.95,-0.01,3581,3921157,卖盘,601611,2025-10-17 22:59:27
09:46:27,10.96,0.01,763,835560,买盘,601611,2025-10-17 22:59:27
09:46:30,10.95,-0.01,879,962677,卖盘,601611,2025-10-17 22:59:27
09:46:33,10.95,0.0,1468,1608333,卖盘,601611,2025-10-17 22:59:27
09:46:36,10.95,0.0,1698,1860603,卖盘,601611,2025-10-17 22:59:27
09:46:39,10.96,0.01,1418,1553424,买盘,601611,2025-10-17 22:59:27
09:46:42,10.96,0.0,626,685732,卖盘,601611,2025-10-17 22:59:27
09:46:45,10.97,0.01,608,667359,买盘,601611,2025-10-17 22:59:27
09:46:48,10.97,0.0,1578,1731341,卖盘,601611,2025-10-17 22:59:27
09:46:51,10.98,0.01,379,415843,买盘,601611,2025-10-17 22:59:27
09:46:54,10.99,0.01,1046,1148318,买盘,601611,2025-10-17 22:59:27
09:46:57,10.99,0.0,459,504477,买盘,601611,2025-10-17 22:59:27
09:47:00,11.0,0.01,998,1097369,买盘,601611,2025-10-17 22:59:27
09:47:03,10.99,-0.01,1206,1326294,卖盘,601611,2025-10-17 22:59:27
09:47:06,11.0,0.01,684,752475,买盘,601611,2025-10-17 22:59:27
09:47:09,11.0,0.0,438,481897,卖盘,601611,2025-10-17 22:59:27
09:47:12,11.0,0.0,1067,1173662,卖盘,601611,2025-10-17 22:59:27
09:47:15,11.0,0.0,763,839592,买盘,601611,2025-10-17 22:59:27
09:47:18,11.0,0.0,570,627057,买盘,601611,2025-10-17 22:59:27
09:47:21,11.01,0.01,1906,2097063,买盘,601611,2025-10-17 22:59:27
09:47:24,11.01,0.0,1093,1202555,买盘,601611,2025-10-17 22:59:27
09:47:27,11.01,0.0,424,466644,买盘,601611,2025-10-17 22:59:27
09:47:30,11.02,0.01,213,234874,买盘,601611,2025-10-17 22:59:27
09:47:33,11.03,0.01,121,133446,买盘,601611,2025-10-17 22:59:27
09:47:36,11.04,0.01,273,301138,买盘,601611,2025-10-17 22:59:27
09:47:39,11.02,-0.02,935,1031207,卖盘,601611,2025-10-17 22:59:27
09:47:42,11.01,-0.01,1267,1396686,卖盘,601611,2025-10-17 22:59:27
09:47:45,11.03,0.02,304,335346,买盘,601611,2025-10-17 22:59:27
09:47:48,11.0,-0.03,733,807365,卖盘,601611,2025-10-17 22:59:27
09:47:51,11.02,0.02,349,384194,买盘,601611,2025-10-17 22:59:27
09:47:54,11.01,-0.01,198,218059,卖盘,601611,2025-10-17 22:59:27
09:47:57,11.02,0.01,2316,2553057,买盘,601611,2025-10-17 22:59:27
09:48:00,11.02,0.0,568,625677,买盘,601611,2025-10-17 22:59:27
09:48:03,11.02,0.0,607,668494,卖盘,601611,2025-10-17 22:59:27
09:48:06,11.01,-0.01,785,864704,卖盘,601611,2025-10-17 22:59:27
09:48:09,11.01,0.0,801,882431,卖盘,601611,2025-10-17 22:59:27
09:48:12,11.0,-0.01,320,352165,卖盘,601611,2025-10-17 22:59:27
09:48:15,11.01,0.01,2209,2430330,买盘,601611,2025-10-17 22:59:27
09:48:18,11.0,-0.01,1570,1727736,卖盘,601611,2025-10-17 22:59:27
09:48:21,10.98,-0.02,859,944472,卖盘,601611,2025-10-17 22:59:27
09:48:24,10.99,0.01,193,212041,买盘,601611,2025-10-17 22:59:27
09:48:27,10.98,-0.01,407,446916,卖盘,601611,2025-10-17 22:59:27
09:48:30,10.97,-0.01,777,852670,卖盘,601611,2025-10-17 22:59:27
09:48:33,10.97,0.0,897,983465,卖盘,601611,2025-10-17 22:59:27
09:48:36,10.97,0.0,493,540631,买盘,601611,2025-10-17 22:59:27
09:48:39,10.95,-0.02,1245,1364559,卖盘,601611,2025-10-17 22:59:27
09:48:42,10.96,0.01,706,773297,买盘,601611,2025-10-17 22:59:27
09:48:45,10.95,-0.01,1118,1224311,卖盘,601611,2025-10-17 22:59:27
09:48:48,10.94,-0.01,1296,1418811,卖盘,601611,2025-10-17 22:59:27
09:48:51,10.94,0.0,458,501122,卖盘,601611,2025-10-17 22:59:27
09:48:54,10.94,0.0,2798,3058748,买盘,601611,2025-10-17 22:59:27
09:48:57,10.91,-0.03,2302,2513182,卖盘,601611,2025-10-17 22:59:27
09:49:00,10.9,-0.01,2542,2772816,卖盘,601611,2025-10-17 22:59:27
09:49:03,10.89,-0.01,3946,4302305,卖盘,601611,2025-10-17 22:59:27
09:49:06,10.89,0.0,1156,1259477,卖盘,601611,2025-10-17 22:59:27
09:49:09,10.91,0.02,2628,2863467,买盘,601611,2025-10-17 22:59:27
09:49:12,10.93,0.02,2830,3091713,买盘,601611,2025-10-17 22:59:27
09:49:15,11.02,0.09,4179,4589408,买盘,601611,2025-10-17 22:59:27
09:49:18,11.03,0.01,1279,1412025,中性盘,601611,2025-10-17 22:59:27
09:49:21,11.07,0.04,2862,3163554,买盘,601611,2025-10-17 22:59:27
09:49:24,11.04,-0.03,1391,1537273,卖盘,601611,2025-10-17 22:59:27
09:49:27,11.05,0.01,914,1010010,买盘,601611,2025-10-17 22:59:27
09:49:30,11.04,-0.01,408,450817,卖盘,601611,2025-10-17 22:59:27
09:49:33,11.05,0.01,633,699434,买盘,601611,2025-10-17 22:59:27
09:49:36,11.05,0.0,775,856057,买盘,601611,2025-10-17 22:59:27
09:49:39,11.06,0.01,905,999861,买盘,601611,2025-10-17 22:59:27
09:49:42,11.05,-0.01,602,665069,卖盘,601611,2025-10-17 22:59:27
09:49:45,11.06,0.01,539,595687,买盘,601611,2025-10-17 22:59:27
09:49:48,11.05,-0.01,2452,2712602,中性盘,601611,2025-10-17 22:59:27
09:49:51,11.06,0.01,825,912470,中性盘,601611,2025-10-17 22:59:27
09:49:54,11.05,-0.01,1018,1125002,卖盘,601611,2025-10-17 22:59:27
09:49:57,11.04,-0.01,1247,1373887,卖盘,601611,2025-10-17 22:59:27
09:50:00,11.02,-0.02,143,157824,卖盘,601611,2025-10-17 22:59:27
09:50:03,11.02,0.0,726,801724,买盘,601611,2025-10-17 22:59:27
09:50:06,11.01,-0.01,824,907871,卖盘,601611,2025-10-17 22:59:27
09:50:09,11.01,0.0,2420,2666472,卖盘,601611,2025-10-17 22:59:27
09:50:12,11.02,0.01,455,500904,买盘,601611,2025-10-17 22:59:27
09:50:15,11.02,0.0,270,297305,买盘,601611,2025-10-17 22:59:27
09:50:18,11.01,-0.01,329,362137,卖盘,601611,2025-10-17 22:59:27
09:50:21,11.01,0.0,364,400685,买盘,601611,2025-10-17 22:59:27
09:50:24,11.0,-0.01,2545,2801921,卖盘,601611,2025-10-17 22:59:27
09:50:27,11.01,0.01,950,1046704,买盘,601611,2025-10-17 22:59:27
09:50:30,11.02,0.01,215,236735,卖盘,601611,2025-10-17 22:59:27
09:50:33,11.02,0.0,370,408001,卖盘,601611,2025-10-17 22:59:27
09:50:36,11.05,0.03,386,425582,买盘,601611,2025-10-17 22:59:27
09:50:39,11.03,-0.02,282,311039,中性盘,601611,2025-10-17 22:59:27
09:50:42,11.02,-0.01,175,193097,卖盘,601611,2025-10-17 22:59:27
09:50:45,11.04,0.02,247,272283,买盘,601611,2025-10-17 22:59:27
09:50:48,11.03,-0.01,2212,2437683,中性盘,601611,2025-10-17 22:59:27
09:50:51,11.03,0.0,1263,1395204,卖盘,601611,2025-10-17 22:59:27
09:50:54,11.03,0.0,260,286942,卖盘,601611,2025-10-17 22:59:27
09:50:57,11.03,0.0,386,426024,卖盘,601611,2025-10-17 22:59:27
09:51:00,11.04,0.01,128,141222,卖盘,601611,2025-10-17 22:59:27
09:51:03,11.03,-0.01,317,349822,卖盘,601611,2025-10-17 22:59:27
09:51:06,11.05,0.02,181,199861,买盘,601611,2025-10-17 22:59:27
09:51:09,11.04,-0.01,133,146851,卖盘,601611,2025-10-17 22:59:27
09:51:12,11.04,0.0,138,152410,卖盘,601611,2025-10-17 22:59:27
09:51:15,11.04,0.0,450,497423,卖盘,601611,2025-10-17 22:59:27
09:51:18,11.05,0.01,473,522367,买盘,601611,2025-10-17 22:59:27
09:51:21,11.06,0.01,304,335857,买盘,601611,2025-10-17 22:59:27
09:51:24,11.07,0.01,553,611592,买盘,601611,2025-10-17 22:59:27
09:51:27,11.07,0.0,263,291104,卖盘,601611,2025-10-17 22:59:27
09:51:30,11.07,0.0,369,408653,卖盘,601611,2025-10-17 22:59:27
09:51:33,11.08,0.01,430,476144,买盘,601611,2025-10-17 22:59:27
09:51:36,11.08,0.0,765,847881,买盘,601611,2025-10-17 22:59:27
09:51:39,11.08,0.0,692,766287,买盘,601611,2025-10-17 22:59:27
09:51:42,11.1,0.02,2272,2521906,买盘,601611,2025-10-17 22:59:27
09:51:45,11.1,0.0,981,1090636,卖盘,601611,2025-10-17 22:59:27
09:51:48,11.11,0.01,28,31122,卖盘,601611,2025-10-17 22:59:27
09:51:51,11.11,0.0,868,965095,卖盘,601611,2025-10-17 22:59:27
09:51:54,11.12,0.01,805,895085,买盘,601611,2025-10-17 22:59:27
09:51:57,11.13,0.01,969,1077142,买盘,601611,2025-10-17 22:59:27
09:52:00,11.12,-0.01,415,461808,卖盘,601611,2025-10-17 22:59:27
09:52:03,11.13,0.01,414,460791,买盘,601611,2025-10-17 22:59:27
09:52:06,11.12,-0.01,360,400224,卖盘,601611,2025-10-17 22:59:27
09:52:09,11.1,-0.02,483,536157,卖盘,601611,2025-10-17 22:59:27
09:52:12,11.08,-0.02,127,140888,卖盘,601611,2025-10-17 22:59:27
09:52:15,11.08,0.0,1137,1262247,卖盘,601611,2025-10-17 22:59:27
09:52:18,11.18,0.1,3311,3685000,买盘,601611,2025-10-17 22:59:27
09:52:21,11.15,-0.03,1159,1294919,卖盘,601611,2025-10-17 22:59:27
09:52:24,11.17,0.02,235,262597,中性盘,601611,2025-10-17 22:59:27
09:52:27,11.18,0.01,606,676917,买盘,601611,2025-10-17 22:59:27
09:52:30,11.17,-0.01,483,538846,买盘,601611,2025-10-17 22:59:27
09:52:33,11.16,-0.01,736,822183,卖盘,601611,2025-10-17 22:59:27
09:52:36,11.17,0.01,1002,1119652,买盘,601611,2025-10-17 22:59:27
09:52:39,11.18,0.01,549,613237,买盘,601611,2025-10-17 22:59:27
09:52:42,11.17,-0.01,618,690537,卖盘,601611,2025-10-17 22:59:27
09:52:45,11.18,0.01,635,709735,买盘,601611,2025-10-17 22:59:27
09:52:48,11.18,0.0,625,698873,卖盘,601611,2025-10-17 22:59:27
09:52:51,11.18,0.0,894,998703,买盘,601611,2025-10-17 22:59:27
09:52:54,11.17,-0.01,544,607843,买盘,601611,2025-10-17 22:59:27
09:52:57,11.16,-0.01,149,166356,卖盘,601611,2025-10-17 22:59:27
09:53:00,11.17,0.01,506,564953,买盘,601611,2025-10-17 22:59:27
09:53:03,11.17,0.0,1415,1581510,卖盘,601611,2025-10-17 22:59:27
09:53:06,11.18,0.01,2594,2902810,买盘,601611,2025-10-17 22:59:27
09:53:09,11.18,0.0,342,382861,卖盘,601611,2025-10-17 22:59:27
09:53:12,11.22,0.04,1491,1670537,买盘,601611,2025-10-17 22:59:27
09:53:15,11.23,0.01,1694,1907448,买盘,601611,2025-10-17 22:59:27
09:53:18,11.25,0.02,159,178688,中性盘,601611,2025-10-17 22:59:27
09:53:21,11.22,-0.03,585,657470,卖盘,601611,2025-10-17 22:59:27
09:53:24,11.2,-0.02,699,784309,卖盘,601611,2025-10-17 22:59:27
09:53:27,11.19,-0.01,1647,1843904,卖盘,601611,2025-10-17 22:59:27
09:53:30,11.17,-0.02,559,625199,卖盘,601611,2025-10-17 22:59:27
09:53:33,11.18,0.01,127,142056,卖盘,601611,2025-10-17 22:59:27
09:53:36,11.2,0.02,1611,1803762,买盘,601611,2025-10-17 22:59:27
09:53:39,11.2,0.0,1221,1369329,卖盘,601611,2025-10-17 22:59:27
09:53:42,11.23,0.03,1249,1399138,买盘,601611,2025-10-17 22:59:27
09:53:45,11.23,0.0,571,641528,买盘,601611,2025-10-17 22:59:27
09:53:48,11.21,-0.02,339,380226,卖盘,601611,2025-10-17 22:59:27
09:53:51,11.21,0.0,854,957587,买盘,601611,2025-10-17 22:59:27
09:53:54,11.22,0.01,1039,1165011,中性盘,601611,2025-10-17 22:59:27
09:53:57,11.22,0.0,557,624979,卖盘,601611,2025-10-17 22:59:27
09:54:00,11.21,-0.01,795,891871,卖盘,601611,2025-10-17 22:59:27
09:54:03,11.21,0.0,557,624533,中性盘,601611,2025-10-17 22:59:27
09:54:06,11.18,-0.03,251,281082,卖盘,601611,2025-10-17 22:59:27
09:54:09,11.18,0.0,706,790054,卖盘,601611,2025-10-17 22:59:27
09:54:12,11.19,0.01,224,250505,中性盘,601611,2025-10-17 22:59:27
09:54:15,11.18,-0.01,617,689846,卖盘,601611,2025-10-17 22:59:27
09:54:18,11.18,0.0,201,224670,买盘,601611,2025-10-17 22:59:27
09:54:21,11.16,-0.02,301,336245,卖盘,601611,2025-10-17 22:59:27
09:54:24,11.17,0.01,154,171938,买盘,601611,2025-10-17 22:59:27
09:54:27,11.16,-0.01,348,388366,卖盘,601611,2025-10-17 22:59:27
09:54:30,11.16,0.0,190,211971,买盘,601611,2025-10-17 22:59:27
09:54:33,11.15,-0.01,317,353515,卖盘,601611,2025-10-17 22:59:27
09:54:36,11.14,-0.01,165,183872,卖盘,601611,2025-10-17 22:59:27
09:54:39,11.14,0.0,3997,4451725,卖盘,601611,2025-10-17 22:59:27
09:54:42,11.1,-0.04,379,421213,卖盘,601611,2025-10-17 22:59:27
09:54:45,11.11,0.01,206,228857,卖盘,601611,2025-10-17 22:59:27
09:54:48,11.1,-0.01,112,124373,卖盘,601611,2025-10-17 22:59:27
09:54:51,11.08,-0.02,224,248488,卖盘,601611,2025-10-17 22:59:27
09:54:54,11.08,0.0,212,235146,卖盘,601611,2025-10-17 22:59:27
09:54:57,11.08,0.0,267,295843,卖盘,601611,2025-10-17 22:59:27
09:55:00,11.08,0.0,178,197200,买盘,601611,2025-10-17 22:59:27
09:55:03,11.07,-0.01,471,521434,卖盘,601611,2025-10-17 22:59:27
09:55:06,11.07,0.0,220,243469,买盘,601611,2025-10-17 22:59:27
09:55:09,11.07,0.0,271,299916,买盘,601611,2025-10-17 22:59:27
09:55:12,11.05,-0.02,99,109532,卖盘,601611,2025-10-17 22:59:27
09:55:15,11.05,0.0,194,214381,卖盘,601611,2025-10-17 22:59:27
09:55:18,11.04,-0.01,184,203294,卖盘,601611,2025-10-17 22:59:27
09:55:21,11.03,-0.01,653,720457,卖盘,601611,2025-10-17 22:59:27
09:55:24,11.04,0.01,377,416283,买盘,601611,2025-10-17 22:59:27
09:55:27,11.03,-0.01,585,645514,中性盘,601611,2025-10-17 22:59:27
09:55:30,11.07,0.04,1528,1689869,买盘,601611,2025-10-17 22:59:27
09:55:33,11.06,-0.01,292,323264,卖盘,601611,2025-10-17 22:59:27
09:55:36,11.08,0.02,125,138503,中性盘,601611,2025-10-17 22:59:27
09:55:39,11.07,-0.01,377,417480,卖盘,601611,2025-10-17 22:59:27
09:55:42,11.07,0.0,175,193720,买盘,601611,2025-10-17 22:59:27
09:55:45,11.08,0.01,192,212738,买盘,601611,2025-10-17 22:59:27
09:55:48,11.09,0.01,357,395695,中性盘,601611,2025-10-17 22:59:27
09:55:51,11.1,0.01,201,222985,买盘,601611,2025-10-17 22:59:27
09:55:54,11.1,0.0,227,251842,买盘,601611,2025-10-17 22:59:27
09:55:57,11.09,-0.01,348,386022,卖盘,601611,2025-10-17 22:59:27
09:56:00,11.1,0.01,182,201893,买盘,601611,2025-10-17 22:59:27
09:56:03,11.06,-0.04,846,936875,卖盘,601611,2025-10-17 22:59:27
09:56:06,11.06,0.0,483,535219,卖盘,601611,2025-10-17 22:59:27
09:56:09,11.09,0.03,2314,2562590,买盘,601611,2025-10-17 22:59:27
09:56:12,11.1,0.01,291,323014,买盘,601611,2025-10-17 22:59:27
09:56:15,11.09,-0.01,122,135321,卖盘,601611,2025-10-17 22:59:27
09:56:18,11.09,0.0,114,126579,卖盘,601611,2025-10-17 22:59:27
09:56:21,11.09,0.0,226,250722,卖盘,601611,2025-10-17 22:59:27
09:56:24,11.08,-0.01,356,394331,卖盘,601611,2025-10-17 22:59:27
09:56:27,11.08,0.0,101,111896,买盘,601611,2025-10-17 22:59:27
09:56:30,11.07,-0.01,833,922524,卖盘,601611,2025-10-17 22:59:27
09:56:33,11.07,0.0,77,85211,买盘,601611,2025-10-17 22:59:27
09:56:36,11.08,0.01,376,416266,买盘,601611,2025-10-17 22:59:27
09:56:39,11.08,0.0,69,76477,卖盘,601611,2025-10-17 22:59:27
09:56:42,11.08,0.0,169,187350,卖盘,601611,2025-10-17 22:59:27
09:56:45,11.09,0.01,657,728290,买盘,601611,2025-10-17 22:59:27
09:56:48,11.08,-0.01,265,293931,卖盘,601611,2025-10-17 22:59:27
09:56:51,11.08,0.0,102,113000,买盘,601611,2025-10-17 22:59:27
09:56:54,11.08,0.0,309,342360,买盘,601611,2025-10-17 22:59:27
09:56:57,11.07,-0.01,314,347618,卖盘,601611,2025-10-17 22:59:27
09:57:00,11.07,0.0,107,118449,买盘,601611,2025-10-17 22:59:27
09:57:03,11.07,0.0,323,357492,买盘,601611,2025-10-17 22:59:27
09:57:06,11.07,0.0,755,835051,买盘,601611,2025-10-17 22:59:27
09:57:09,11.06,-0.01,235,260031,卖盘,601611,2025-10-17 22:59:27
09:57:12,11.06,0.0,49,54222,卖盘,601611,2025-10-17 22:59:27
09:57:15,11.07,0.01,202,223614,买盘,601611,2025-10-17 22:59:27
09:57:18,11.07,0.0,269,297864,卖盘,601611,2025-10-17 22:59:27
09:57:21,11.07,0.0,95,105124,卖盘,601611,2025-10-17 22:59:27
09:57:24,11.07,0.0,67,74115,买盘,601611,2025-10-17 22:59:27
09:57:27,11.07,0.0,269,297710,买盘,601611,2025-10-17 22:59:27
09:57:30,11.07,0.0,159,175920,买盘,601611,2025-10-17 22:59:27
09:57:33,11.07,0.0,595,658221,买盘,601611,2025-10-17 22:59:27
09:57:36,11.07,0.0,242,267763,买盘,601611,2025-10-17 22:59:27
09:57:39,11.06,-0.01,371,410582,卖盘,601611,2025-10-17 22:59:27
09:57:42,11.05,-0.01,249,275392,卖盘,601611,2025-10-17 22:59:27
09:57:45,11.07,0.02,150,165861,买盘,601611,2025-10-17 22:59:27
09:57:48,11.06,-0.01,539,595827,卖盘,601611,2025-10-17 22:59:27
09:57:51,11.05,-0.01,439,485739,卖盘,601611,2025-10-17 22:59:27
09:57:54,11.05,0.0,80,88464,卖盘,601611,2025-10-17 22:59:27
09:57:57,11.05,0.0,470,519408,卖盘,601611,2025-10-17 22:59:27
09:58:00,11.06,0.01,186,205639,买盘,601611,2025-10-17 22:59:27
09:58:03,11.06,0.0,304,336117,卖盘,601611,2025-10-17 22:59:27
09:58:06,11.05,-0.01,493,544867,卖盘,601611,2025-10-17 22:59:27
09:58:09,11.06,0.01,259,286292,买盘,601611,2025-10-17 22:59:27
09:58:12,11.05,-0.01,1407,1554377,卖盘,601611,2025-10-17 22:59:27
09:58:15,11.05,0.0,369,407081,买盘,601611,2025-10-17 22:59:27
09:58:18,11.05,0.0,187,206454,买盘,601611,2025-10-17 22:59:27
09:58:21,11.04,-0.01,93,102676,卖盘,601611,2025-10-17 22:59:27
09:58:24,11.03,-0.01,778,859115,卖盘,601611,2025-10-17 22:59:27
09:58:27,11.03,0.0,261,287897,买盘,601611,2025-10-17 22:59:27
09:58:30,11.03,0.0,148,163220,买盘,601611,2025-10-17 22:59:27
09:58:33,11.03,0.0,803,885127,卖盘,601611,2025-10-17 22:59:27
09:58:36,11.03,0.0,372,410138,卖盘,601611,2025-10-17 22:59:27
09:58:39,11.03,0.0,181,199704,卖盘,601611,2025-10-17 22:59:27
09:58:42,11.03,0.0,267,294331,卖盘,601611,2025-10-17 22:59:27
09:58:45,11.03,0.0,394,434735,卖盘,601611,2025-10-17 22:59:27
09:58:48,11.05,0.02,303,334288,买盘,601611,2025-10-17 22:59:27
09:58:51,11.04,-0.01,72,79417,买盘,601611,2025-10-17 22:59:27
09:58:54,11.04,0.0,331,364973,中性盘,601611,2025-10-17 22:59:27
09:58:57,11.02,-0.02,83,91552,卖盘,601611,2025-10-17 22:59:27
09:59:00,11.03,0.01,296,326628,卖盘,601611,2025-10-17 22:59:27
09:59:03,11.05,0.02,442,487564,买盘,601611,2025-10-17 22:59:27
09:59:06,11.03,-0.02,47,51834,卖盘,601611,2025-10-17 22:59:27
09:59:09,11.03,0.0,67,73901,买盘,601611,2025-10-17 22:59:27
09:59:12,11.03,0.0,102,112511,买盘,601611,2025-10-17 22:59:27
09:59:15,11.03,0.0,811,893790,卖盘,601611,2025-10-17 22:59:27
09:59:18,11.03,0.0,287,316570,卖盘,601611,2025-10-17 22:59:27
09:59:21,11.03,0.0,113,124629,买盘,601611,2025-10-17 22:59:27
09:59:24,11.02,-0.01,145,159846,卖盘,601611,2025-10-17 22:59:27
09:59:27,11.03,0.01,394,434343,买盘,601611,2025-10-17 22:59:27
09:59:30,11.03,0.0,125,137855,买盘,601611,2025-10-17 22:59:27
09:59:33,11.02,-0.01,387,426635,卖盘,601611,2025-10-17 22:59:27
09:59:36,11.03,0.01,166,183007,卖盘,601611,2025-10-17 22:59:27
09:59:39,11.03,0.0,190,209566,卖盘,601611,2025-10-17 22:59:27
09:59:42,11.03,0.0,270,297812,卖盘,601611,2025-10-17 22:59:27
09:59:45,11.03,0.0,412,454590,买盘,601611,2025-10-17 22:59:27
09:59:48,11.03,0.0,121,133488,卖盘,601611,2025-10-17 22:59:27
09:59:51,11.04,0.01,124,136793,买盘,601611,2025-10-17 22:59:27
09:59:54,11.04,0.0,281,309843,买盘,601611,2025-10-17 22:59:27
09:59:57,11.05,0.01,113,124769,买盘,601611,2025-10-17 22:59:27
10:00:00,11.04,-0.01,200,220822,卖盘,601611,2025-10-17 22:59:27
10:00:03,11.05,0.01,309,341264,买盘,601611,2025-10-17 22:59:27
10:00:06,11.05,0.0,311,343543,买盘,601611,2025-10-17 22:59:27
10:00:09,11.04,-0.01,568,627496,卖盘,601611,2025-10-17 22:59:27
10:00:12,11.05,0.01,436,481760,买盘,601611,2025-10-17 22:59:27
10:00:15,11.05,0.0,158,174578,卖盘,601611,2025-10-17 22:59:27
10:00:18,11.05,0.0,183,202286,卖盘,601611,2025-10-17 22:59:27
10:00:21,11.04,-0.01,517,570967,卖盘,601611,2025-10-17 22:59:27
10:00:24,11.03,-0.01,626,690654,卖盘,601611,2025-10-17 22:59:27
10:00:27,11.04,0.01,302,333329,买盘,601611,2025-10-17 22:59:27
10:00:30,11.04,0.0,9,9933,买盘,601611,2025-10-17 22:59:27
10:00:33,11.03,-0.01,219,241698,卖盘,601611,2025-10-17 22:59:27
10:00:36,11.04,0.01,286,315503,买盘,601611,2025-10-17 22:59:27
10:00:39,11.03,-0.01,124,136797,卖盘,601611,2025-10-17 22:59:27
10:00:42,11.03,0.0,138,152225,卖盘,601611,2025-10-17 22:59:27
10:00:45,11.03,0.0,56,61768,卖盘,601611,2025-10-17 22:59:27
10:00:48,11.01,-0.02,3615,3983284,卖盘,601611,2025-10-17 22:59:27
10:00:51,11.02,0.01,254,279708,中性盘,601611,2025-10-17 22:59:27
10:00:54,11.02,0.0,179,197143,买盘,601611,2025-10-17 22:59:27
10:00:57,11.0,-0.02,1811,1993342,卖盘,601611,2025-10-17 22:59:27
10:01:00,11.01,0.01,146,160700,买盘,601611,2025-10-17 22:59:27
10:01:03,11.0,-0.01,612,673231,卖盘,601611,2025-10-17 22:59:27
10:01:06,11.0,0.0,360,396032,卖盘,601611,2025-10-17 22:59:27
10:01:09,11.0,0.0,1387,1526015,卖盘,601611,2025-10-17 22:59:27
10:01:12,11.0,0.0,250,275050,卖盘,601611,2025-10-17 22:59:27
10:01:15,11.0,0.0,884,972933,卖盘,601611,2025-10-17 22:59:27
10:01:18,11.0,0.0,19,20891,买盘,601611,2025-10-17 22:59:27
10:01:21,10.99,-0.01,2665,2927040,卖盘,601611,2025-10-17 22:59:27
10:01:24,10.97,-0.02,45,49439,卖盘,601611,2025-10-17 22:59:27
10:01:27,10.97,0.0,161,176655,卖盘,601611,2025-10-17 22:59:27
10:01:30,10.97,0.0,206,226008,卖盘,601611,2025-10-17 22:59:27
10:01:33,10.98,0.01,192,210683,买盘,601611,2025-10-17 22:59:27
10:01:36,10.98,0.0,310,340144,中性盘,601611,2025-10-17 22:59:27
10:01:39,10.98,0.0,295,323796,卖盘,601611,2025-10-17 22:59:27
10:01:42,10.99,0.01,255,280041,买盘,601611,2025-10-17 22:59:27
10:01:45,10.98,-0.01,433,475078,卖盘,601611,2025-10-17 22:59:27
10:01:48,10.99,0.01,182,199914,买盘,601611,2025-10-17 22:59:27
10:01:51,10.98,-0.01,676,742504,卖盘,601611,2025-10-17 22:59:27
10:01:54,10.99,0.01,293,321912,买盘,601611,2025-10-17 22:59:27
10:01:57,10.99,0.0,457,501913,买盘,601611,2025-10-17 22:59:27
10:02:00,10.98,-0.01,415,455714,卖盘,601611,2025-10-17 22:59:27
10:02:03,10.99,0.01,807,886495,买盘,601611,2025-10-17 22:59:27
10:02:06,10.98,-0.01,290,318545,卖盘,601611,2025-10-17 22:59:27
10:02:09,10.99,0.01,1937,2126741,买盘,601611,2025-10-17 22:59:27
10:02:12,10.99,0.0,631,693619,买盘,601611,2025-10-17 22:59:27
10:02:15,10.99,0.0,329,361790,卖盘,601611,2025-10-17 22:59:27
10:02:18,10.99,0.0,339,372838,卖盘,601611,2025-10-17 22:59:27
10:02:21,11.0,0.01,438,481145,买盘,601611,2025-10-17 22:59:27
10:02:24,11.01,0.01,177,194492,买盘,601611,2025-10-17 22:59:27
10:02:27,11.02,0.01,211,232392,买盘,601611,2025-10-17 22:59:27
10:02:30,11.01,-0.01,290,319081,卖盘,601611,2025-10-17 22:59:27
10:02:33,11.01,0.0,175,192659,买盘,601611,2025-10-17 22:59:27
10:02:36,11.02,0.01,310,341483,买盘,601611,2025-10-17 22:59:27
10:02:39,11.02,0.0,206,226933,卖盘,601611,2025-10-17 22:59:27
10:02:42,11.02,0.0,354,390197,买盘,601611,2025-10-17 22:59:27
10:02:45,11.03,0.01,310,341865,买盘,601611,2025-10-17 22:59:27
10:02:48,11.02,-0.01,49,54042,卖盘,601611,2025-10-17 22:59:27
10:02:51,11.03,0.01,361,398481,买盘,601611,2025-10-17 22:59:27
10:02:54,11.05,0.02,436,481189,买盘,601611,2025-10-17 22:59:27
10:02:57,11.03,-0.02,247,272441,卖盘,601611,2025-10-17 22:59:27
10:03:00,11.03,0.0,155,171029,买盘,601611,2025-10-17 22:59:27
10:03:03,11.03,0.0,169,186417,卖盘,601611,2025-10-17 22:59:27
10:03:06,11.05,0.02,344,379788,买盘,601611,2025-10-17 22:59:27
10:03:09,11.05,0.0,340,375769,卖盘,601611,2025-10-17 22:59:27
10:03:12,11.05,0.0,119,131400,买盘,601611,2025-10-17 22:59:27
10:03:15,11.05,0.0,324,358060,买盘,601611,2025-10-17 22:59:27
10:03:18,11.05,0.0,162,179034,买盘,601611,2025-10-17 22:59:27
10:03:21,11.05,0.0,453,500630,卖盘,601611,2025-10-17 22:59:27
10:03:24,11.05,0.0,249,275219,买盘,601611,2025-10-17 22:59:27
10:03:27,11.05,0.0,116,128168,卖盘,601611,2025-10-17 22:59:27
10:03:30,11.04,-0.01,916,1011867,卖盘,601611,2025-10-17 22:59:27
10:03:33,11.04,0.0,233,257302,卖盘,601611,2025-10-17 22:59:27
10:03:36,11.04,0.0,199,219752,买盘,601611,2025-10-17 22:59:27
10:03:39,11.03,-0.01,546,602347,卖盘,601611,2025-10-17 22:59:27
10:03:42,11.04,0.01,124,136827,买盘,601611,2025-10-17 22:59:27
10:03:45,11.04,0.0,280,308876,买盘,601611,2025-10-17 22:59:27
10:03:48,11.02,-0.02,148,163180,卖盘,601611,2025-10-17 22:59:27
10:03:51,11.03,0.01,151,166548,买盘,601611,2025-10-17 22:59:27
10:03:54,11.02,-0.01,417,459571,卖盘,601611,2025-10-17 22:59:27
10:03:57,11.02,0.0,322,355054,卖盘,601611,2025-10-17 22:59:27
10:04:00,11.02,0.0,136,149931,卖盘,601611,2025-10-17 22:59:27
10:04:03,11.03,0.01,331,364970,买盘,601611,2025-10-17 22:59:27
10:04:06,11.02,-0.01,486,535825,卖盘,601611,2025-10-17 22:59:27
10:04:09,11.03,0.01,111,122435,卖盘,601611,2025-10-17 22:59:27
10:04:12,11.03,0.0,43,47429,卖盘,601611,2025-10-17 22:59:27
10:04:15,11.02,-0.01,115,126831,卖盘,601611,2025-10-17 22:59:27
10:04:18,11.02,0.0,145,159840,卖盘,601611,2025-10-17 22:59:27
10:04:21,11.02,0.0,289,318487,卖盘,601611,2025-10-17 22:59:27
10:04:24,11.02,0.0,136,149877,卖盘,601611,2025-10-17 22:59:27
10:04:27,11.02,0.0,48,52889,买盘,601611,2025-10-17 22:59:27
10:04:30,11.02,0.0,127,139926,买盘,601611,2025-10-17 22:59:27
10:04:33,11.02,0.0,108,119003,买盘,601611,2025-10-17 22:59:27
10:04:36,11.02,0.0,107,117914,卖盘,601611,2025-10-17 22:59:27
10:04:39,11.03,0.01,380,419076,买盘,601611,2025-10-17 22:59:27
10:04:42,11.03,0.0,315,347491,卖盘,601611,2025-10-17 22:59:27
10:04:45,11.03,0.0,155,170959,卖盘,601611,2025-10-17 22:59:27
10:04:48,11.02,-0.01,142,156543,卖盘,601611,2025-10-17 22:59:27
10:04:51,11.04,0.02,96,105918,买盘,601611,2025-10-17 22:59:27
10:04:54,11.04,0.0,140,154366,买盘,601611,2025-10-17 22:59:27
10:04:57,11.04,0.0,46,50770,买盘,601611,2025-10-17 22:59:27
10:05:00,11.03,-0.01,365,402604,卖盘,601611,2025-10-17 22:59:27
10:05:03,11.03,0.0,119,131253,买盘,601611,2025-10-17 22:59:27
10:05:06,11.03,0.0,189,208427,买盘,601611,2025-10-17 22:59:27
10:05:09,11.03,0.0,166,183073,买盘,601611,2025-10-17 22:59:27
10:05:12,11.02,-0.01,334,368299,卖盘,601611,2025-10-17 22:59:27
10:05:15,11.02,0.0,68,74978,卖盘,601611,2025-10-17 22:59:27
10:05:18,11.02,0.0,95,104716,卖盘,601611,2025-10-17 22:59:27
10:05:21,11.02,0.0,425,468519,卖盘,601611,2025-10-17 22:59:27
10:05:24,11.03,0.01,729,803498,买盘,601611,2025-10-17 22:59:27
10:05:27,11.03,0.0,206,227082,买盘,601611,2025-10-17 22:59:27
10:05:30,11.04,0.01,524,578441,买盘,601611,2025-10-17 22:59:27
10:05:33,11.04,0.0,634,699715,买盘,601611,2025-10-17 22:59:27
10:05:36,11.03,-0.01,475,524257,卖盘,601611,2025-10-17 22:59:27
10:05:39,11.03,0.0,756,834354,卖盘,601611,2025-10-17 22:59:27
10:05:42,11.06,0.03,892,985050,买盘,601611,2025-10-17 22:59:27
10:05:45,11.06,0.0,232,256272,买盘,601611,2025-10-17 22:59:27
10:05:48,11.06,0.0,116,128231,买盘,601611,2025-10-17 22:59:27
10:05:51,11.06,0.0,294,325201,买盘,601611,2025-10-17 22:59:27
10:05:54,11.06,0.0,126,139357,卖盘,601611,2025-10-17 22:59:27
10:05:57,11.06,0.0,113,125085,卖盘,601611,2025-10-17 22:59:27
10:06:00,11.07,0.01,66,73062,买盘,601611,2025-10-17 22:59:27
10:06:03,11.08,0.01,123,136220,买盘,601611,2025-10-17 22:59:27
10:06:06,11.07,-0.01,307,339866,卖盘,601611,2025-10-17 22:59:27
10:06:09,11.08,0.01,171,189402,买盘,601611,2025-10-17 22:59:27
10:06:12,11.08,0.0,15,16620,买盘,601611,2025-10-17 22:59:27
10:06:15,11.08,0.0,193,213854,卖盘,601611,2025-10-17 22:59:27
10:06:18,11.07,-0.01,426,472018,卖盘,601611,2025-10-17 22:59:27
10:06:21,11.08,0.01,125,138518,买盘,601611,2025-10-17 22:59:27
10:06:24,11.07,-0.01,163,180589,卖盘,601611,2025-10-17 22:59:27
10:06:27,11.08,0.01,475,526074,买盘,601611,2025-10-17 22:59:27
10:06:30,11.09,0.01,295,326855,买盘,601611,2025-10-17 22:59:27
10:06:33,11.1,0.01,816,904496,买盘,601611,2025-10-17 22:59:27
10:06:36,11.1,0.0,23,25512,买盘,601611,2025-10-17 22:59:27
10:06:39,11.09,-0.01,395,438249,卖盘,601611,2025-10-17 22:59:27
10:06:42,11.08,-0.01,889,985497,卖盘,601611,2025-10-17 22:59:27
10:06:45,11.09,0.01,455,504298,买盘,601611,2025-10-17 22:59:27
10:06:48,11.08,-0.01,2114,2336985,卖盘,601611,2025-10-17 22:59:27
10:06:51,11.08,0.0,121,134102,买盘,601611,2025-10-17 22:59:27
10:06:54,11.09,0.01,247,273899,买盘,601611,2025-10-17 22:59:27
10:06:57,11.08,-0.01,378,418851,卖盘,601611,2025-10-17 22:59:27
10:07:00,11.05,-0.03,1061,1173110,卖盘,601611,2025-10-17 22:59:27
10:07:03,11.05,0.0,89,98345,买盘,601611,2025-10-17 22:59:27
10:07:06,11.09,0.04,1641,1816116,买盘,601611,2025-10-17 22:59:27
10:07:09,11.09,0.0,40,44370,卖盘,601611,2025-10-17 22:59:27
10:07:12,11.09,0.0,98,108743,卖盘,601611,2025-10-17 22:59:27
10:07:15,11.09,0.0,392,434931,卖盘,601611,2025-10-17 22:59:27
10:07:18,11.1,0.01,85,94317,买盘,601611,2025-10-17 22:59:27
10:07:21,11.09,-0.01,636,706380,卖盘,601611,2025-10-17 22:59:27
10:07:24,11.12,0.03,478,531075,买盘,601611,2025-10-17 22:59:27
10:07:27,11.11,-0.01,528,586922,卖盘,601611,2025-10-17 22:59:27
10:07:30,11.13,0.02,394,438683,买盘,601611,2025-10-17 22:59:27
10:07:33,11.13,0.0,34,37888,卖盘,601611,2025-10-17 22:59:27
10:07:36,11.15,0.02,157,174809,买盘,601611,2025-10-17 22:59:27
10:07:39,11.15,0.0,368,410116,买盘,601611,2025-10-17 22:59:27
10:07:42,11.15,0.0,391,435839,买盘,601611,2025-10-17 22:59:27
10:07:45,11.12,-0.03,1588,1766022,卖盘,601611,2025-10-17 22:59:27
10:07:48,11.11,-0.01,1598,1780018,卖盘,601611,2025-10-17 22:59:27
10:07:51,11.13,0.02,330,366703,中性盘,601611,2025-10-17 22:59:27
10:07:54,11.14,0.01,57,63424,买盘,601611,2025-10-17 22:59:27
10:07:57,11.14,0.0,195,217141,买盘,601611,2025-10-17 22:59:27
10:08:00,11.13,-0.01,51,56763,买盘,601611,2025-10-17 22:59:27
10:08:03,11.12,-0.01,225,250415,卖盘,601611,2025-10-17 22:59:27
10:08:06,11.11,-0.01,113,125558,卖盘,601611,2025-10-17 22:59:27
10:08:09,11.11,0.0,276,306913,卖盘,601611,2025-10-17 22:59:27
10:08:12,11.11,0.0,375,416698,卖盘,601611,2025-10-17 22:59:27
10:08:15,11.11,0.0,444,493073,买盘,601611,2025-10-17 22:59:27
10:08:18,11.1,-0.01,67,74376,买盘,601611,2025-10-17 22:59:27
10:08:21,11.09,-0.01,707,784986,卖盘,601611,2025-10-17 22:59:27
10:08:24,11.09,0.0,59,65434,卖盘,601611,2025-10-17 22:59:27
10:08:27,11.09,0.0,125,138580,卖盘,601611,2025-10-17 22:59:27
10:08:30,11.08,-0.01,94,104230,卖盘,601611,2025-10-17 22:59:27
10:08:33,11.08,0.0,117,129652,卖盘,601611,2025-10-17 22:59:27
10:08:36,11.08,0.0,14,15502,买盘,601611,2025-10-17 22:59:27
10:08:39,11.07,-0.01,76,84162,卖盘,601611,2025-10-17 22:59:27
10:08:42,11.07,0.0,134,148377,卖盘,601611,2025-10-17 22:59:27
10:08:45,11.06,-0.01,49,54235,卖盘,601611,2025-10-17 22:59:27
10:08:48,11.06,0.0,66,73033,卖盘,601611,2025-10-17 22:59:27
10:08:51,11.06,0.0,122,135040,卖盘,601611,2025-10-17 22:59:27
10:08:54,11.06,0.0,157,173626,卖盘,601611,2025-10-17 22:59:27
10:08:57,11.05,-0.01,307,339358,卖盘,601611,2025-10-17 22:59:27
10:09:00,11.04,-0.01,130,143618,卖盘,601611,2025-10-17 22:59:27
10:09:03,11.05,0.01,1780,1966799,买盘,601611,2025-10-17 22:59:27
10:09:06,11.04,-0.01,325,358820,卖盘,601611,2025-10-17 22:59:27
10:09:09,11.04,0.0,200,220764,买盘,601611,2025-10-17 22:59:27
10:09:12,11.04,0.0,92,101545,买盘,601611,2025-10-17 22:59:27
10:09:15,11.03,-0.01,218,240555,卖盘,601611,2025-10-17 22:59:27
10:09:18,11.04,0.01,200,221115,买盘,601611,2025-10-17 22:59:27
10:09:21,11.04,0.0,307,338710,买盘,601611,2025-10-17 22:59:27
10:09:24,11.04,0.0,449,495390,买盘,601611,2025-10-17 22:59:27
10:09:27,11.04,0.0,59,65115,买盘,601611,2025-10-17 22:59:27
10:09:30,11.04,0.0,127,140223,卖盘,601611,2025-10-17 22:59:27
10:09:33,11.04,0.0,168,185454,买盘,601611,2025-10-17 22:59:27
10:09:36,11.04,0.0,131,144584,买盘,601611,2025-10-17 22:59:27
10:09:39,11.04,0.0,175,193257,卖盘,601611,2025-10-17 22:59:27
10:09:42,11.04,0.0,42,46371,卖盘,601611,2025-10-17 22:59:27
10:09:45,11.04,0.0,84,92802,卖盘,601611,2025-10-17 22:59:27
10:09:48,11.05,0.01,232,256178,买盘,601611,2025-10-17 22:59:27
10:09:51,11.05,0.0,66,72897,买盘,601611,2025-10-17 22:59:27
10:09:54,11.04,-0.01,3,3312,卖盘,601611,2025-10-17 22:59:27
10:09:57,11.05,0.01,226,249598,买盘,601611,2025-10-17 22:59:27
10:10:00,11.05,0.0,63,69577,买盘,601611,2025-10-17 22:59:27
10:10:03,11.04,-0.01,72,79545,卖盘,601611,2025-10-17 22:59:27
10:10:06,11.05,0.01,119,131508,卖盘,601611,2025-10-17 22:59:27
10:10:09,11.05,0.0,54,59670,卖盘,601611,2025-10-17 22:59:27
10:10:12,11.07,0.02,38,42004,买盘,601611,2025-10-17 22:59:27
10:10:15,11.05,-0.02,1209,1335133,卖盘,601611,2025-10-17 22:59:27
10:10:18,11.04,-0.01,1211,1334968,中性盘,601611,2025-10-17 22:59:27
10:10:21,11.05,0.01,179,197637,买盘,601611,2025-10-17 22:59:27
10:10:24,11.04,-0.01,249,274819,中性盘,601611,2025-10-17 22:59:27
10:10:27,11.04,0.0,100,110333,卖盘,601611,2025-10-17 22:59:27
10:10:30,11.03,-0.01,100,110369,卖盘,601611,2025-10-17 22:59:27
10:10:33,11.03,0.0,82,90461,卖盘,601611,2025-10-17 22:59:27
10:10:36,11.03,0.0,92,101505,卖盘,601611,2025-10-17 22:59:27
10:10:39,11.03,0.0,115,126845,买盘,601611,2025-10-17 22:59:27
10:10:42,11.02,-0.01,23,25368,卖盘,601611,2025-10-17 22:59:27
10:10:45,11.02,0.0,60,66140,卖盘,601611,2025-10-17 22:59:27
10:10:48,11.02,0.0,909,1001752,卖盘,601611,2025-10-17 22:59:27
10:10:51,11.02,0.0,349,384791,卖盘,601611,2025-10-17 22:59:27
10:10:54,11.03,0.01,136,149961,买盘,601611,2025-10-17 22:59:27
10:10:57,11.01,-0.02,1324,1458406,卖盘,601611,2025-10-17 22:59:27
10:11:00,11.01,0.0,56,61708,卖盘,601611,2025-10-17 22:59:27
10:11:03,11.01,0.0,300,330518,卖盘,601611,2025-10-17 22:59:27
10:11:06,11.01,0.0,145,159667,卖盘,601611,2025-10-17 22:59:27
10:11:09,11.02,0.01,157,172862,买盘,601611,2025-10-17 22:59:27
10:11:12,11.01,-0.01,389,428378,卖盘,601611,2025-10-17 22:59:27
10:11:15,11.01,0.0,95,104665,卖盘,601611,2025-10-17 22:59:27
10:11:18,11.01,0.0,140,154146,卖盘,601611,2025-10-17 22:59:27
10:11:21,11.01,0.0,176,193783,卖盘,601611,2025-10-17 22:59:27
10:11:24,11.01,0.0,1728,1901077,卖盘,601611,2025-10-17 22:59:27
10:11:27,11.02,0.01,133,146498,买盘,601611,2025-10-17 22:59:27
10:11:30,11.01,-0.01,161,177312,卖盘,601611,2025-10-17 22:59:27
10:11:33,11.02,0.01,127,140324,买盘,601611,2025-10-17 22:59:27
10:11:36,11.02,0.0,137,150974,卖盘,601611,2025-10-17 22:59:27
10:11:39,11.03,0.01,171,188464,买盘,601611,2025-10-17 22:59:27
10:11:42,11.03,0.0,106,116903,卖盘,601611,2025-10-17 22:59:27
10:11:45,11.03,0.0,173,190820,卖盘,601611,2025-10-17 22:59:27
10:11:48,11.01,-0.02,429,472434,卖盘,601611,2025-10-17 22:59:27
10:11:51,11.03,0.02,267,294430,买盘,601611,2025-10-17 22:59:27
10:11:54,11.01,-0.02,1636,1800412,卖盘,601611,2025-10-17 22:59:27
10:11:57,11.01,0.0,554,609455,买盘,601611,2025-10-17 22:59:27
10:12:00,11.01,0.0,67,73830,卖盘,601611,2025-10-17 22:59:27
10:12:03,11.01,0.0,39,42957,卖盘,601611,2025-10-17 22:59:27
10:12:06,11.01,0.0,168,184968,卖盘,601611,2025-10-17 22:59:27
10:12:09,11.0,-0.01,590,649119,卖盘,601611,2025-10-17 22:59:27
10:12:12,11.0,0.0,131,144070,买盘,601611,2025-10-17 22:59:27
10:12:15,11.0,0.0,87,95676,买盘,601611,2025-10-17 22:59:27
10:12:18,10.99,-0.01,214,235334,卖盘,601611,2025-10-17 22:59:27
10:12:21,10.99,0.0,847,931604,卖盘,601611,2025-10-17 22:59:27
10:12:24,10.99,0.0,205,225296,卖盘,601611,2025-10-17 22:59:27
10:12:27,10.98,-0.01,1552,1705221,卖盘,601611,2025-10-17 22:59:27
10:12:30,10.99,0.01,124,136275,中性盘,601611,2025-10-17 22:59:27
10:12:33,10.98,-0.01,225,247133,卖盘,601611,2025-10-17 22:59:27
10:12:36,10.99,0.01,786,863155,买盘,601611,2025-10-17 22:59:27
10:12:39,10.99,0.0,450,494130,买盘,601611,2025-10-17 22:59:27
10:12:42,10.98,-0.01,140,153746,卖盘,601611,2025-10-17 22:59:27
10:12:45,10.98,0.0,215,236085,卖盘,601611,2025-10-17 22:59:27
10:12:48,10.99,0.01,178,195485,买盘,601611,2025-10-17 22:59:27
10:12:51,10.99,0.0,736,808301,买盘,601611,2025-10-17 22:59:27
10:12:54,10.99,0.0,94,103307,卖盘,601611,2025-10-17 22:59:27
10:12:57,11.0,0.01,147,161595,买盘,601611,2025-10-17 22:59:27
10:13:00,11.0,0.0,116,127480,买盘,601611,2025-10-17 22:59:27
10:13:03,10.99,-0.01,110,120910,卖盘,601611,2025-10-17 22:59:27
10:13:06,10.99,0.0,306,336322,卖盘,601611,2025-10-17 22:59:27
10:13:09,10.99,0.0,269,295515,买盘,601611,2025-10-17 22:59:27
10:13:12,10.98,-0.01,391,429398,卖盘,601611,2025-10-17 22:59:27
10:13:15,10.99,0.01,1400,1537361,买盘,601611,2025-10-17 22:59:27
10:13:18,10.98,-0.01,549,603262,卖盘,601611,2025-10-17 22:59:27
10:13:21,10.98,0.0,216,237321,卖盘,601611,2025-10-17 22:59:27
10:13:24,10.99,0.01,468,514645,买盘,601611,2025-10-17 22:59:27
10:13:27,10.99,0.0,601,660123,卖盘,601611,2025-10-17 22:59:27
10:13:30,10.99,0.0,150,164861,卖盘,601611,2025-10-17 22:59:27
10:13:33,11.0,0.01,648,712117,买盘,601611,2025-10-17 22:59:27
10:13:36,11.0,0.0,119,130862,买盘,601611,2025-10-17 22:59:27
10:13:39,11.0,0.0,151,166008,卖盘,601611,2025-10-17 22:59:27
10:13:42,11.0,0.0,135,148510,买盘,601611,2025-10-17 22:59:27
10:13:45,11.02,0.02,313,344332,买盘,601611,2025-10-17 22:59:27
10:13:48,11.03,0.01,365,401955,买盘,601611,2025-10-17 22:59:27
10:13:51,11.02,-0.01,64,70524,卖盘,601611,2025-10-17 22:59:27
10:13:54,11.02,0.0,162,178644,买盘,601611,2025-10-17 22:59:27
10:13:57,11.03,0.01,138,152210,买盘,601611,2025-10-17 22:59:27
10:14:00,11.04,0.01,775,855216,买盘,601611,2025-10-17 22:59:27
10:14:03,11.03,-0.01,93,102586,买盘,601611,2025-10-17 22:59:27
10:14:06,11.03,0.0,1216,1340987,卖盘,601611,2025-10-17 22:59:27
10:14:09,11.02,-0.01,223,245975,卖盘,601611,2025-10-17 22:59:27
10:14:12,11.02,0.0,192,211465,买盘,601611,2025-10-17 22:59:27
10:14:15,11.03,0.01,38,41906,买盘,601611,2025-10-17 22:59:27
10:14:18,11.03,0.0,72,79358,买盘,601611,2025-10-17 22:59:27
10:14:21,11.02,-0.01,127,139963,卖盘,601611,2025-10-17 22:59:27
10:14:24,11.02,0.0,63,69437,卖盘,601611,2025-10-17 22:59:27
10:14:27,11.03,0.01,43,47398,买盘,601611,2025-10-17 22:59:27
10:14:30,11.02,-0.01,268,295595,卖盘,601611,2025-10-17 22:59:27
10:14:33,11.02,0.0,242,266777,卖盘,601611,2025-10-17 22:59:27
10:14:36,11.03,0.01,72,79398,买盘,601611,2025-10-17 22:59:27
10:14:39,11.03,0.0,78,85981,卖盘,601611,2025-10-17 22:59:27
10:14:42,11.02,-0.01,242,266748,卖盘,601611,2025-10-17 22:59:27
10:14:45,11.02,0.0,86,94785,买盘,601611,2025-10-17 22:59:27
10:14:48,11.03,0.01,137,151095,买盘,601611,2025-10-17 22:59:27
10:14:51,11.02,-0.01,89,98070,买盘,601611,2025-10-17 22:59:27
10:14:54,11.02,0.0,96,105765,买盘,601611,2025-10-17 22:59:27
10:14:57,11.02,0.0,316,347933,买盘,601611,2025-10-17 22:59:27
10:15:00,11.02,0.0,128,140952,买盘,601611,2025-10-17 22:59:27
10:15:03,11.02,0.0,117,128788,买盘,601611,2025-10-17 22:59:27
10:15:06,11.01,-0.01,13,14323,中性盘,601611,2025-10-17 22:59:27
10:15:09,11.01,0.0,102,112297,卖盘,601611,2025-10-17 22:59:27
10:15:12,11.01,0.0,402,442657,买盘,601611,2025-10-17 22:59:27
10:15:15,11.02,0.01,208,229443,买盘,601611,2025-10-17 22:59:27
10:15:18,11.0,-0.02,296,325444,卖盘,601611,2025-10-17 22:59:27
10:15:21,11.01,0.01,78,85939,中性盘,601611,2025-10-17 22:59:27
10:15:24,11.0,-0.01,75,82540,卖盘,601611,2025-10-17 22:59:27
10:15:27,11.01,0.01,284,312595,买盘,601611,2025-10-17 22:59:27
10:15:30,11.01,0.0,275,302738,卖盘,601611,2025-10-17 22:59:27
10:15:33,11.01,0.0,211,232316,卖盘,601611,2025-10-17 22:59:27
10:15:36,11.01,0.0,92,101330,卖盘,601611,2025-10-17 22:59:27
10:15:39,11.02,0.01,74,81496,买盘,601611,2025-10-17 22:59:27
10:15:42,11.02,0.0,306,336920,买盘,601611,2025-10-17 22:59:27
10:15:45,11.01,-0.01,146,160795,卖盘,601611,2025-10-17 22:59:27
10:15:48,11.02,0.01,157,172800,买盘,601611,2025-10-17 22:59:27
10:15:51,11.01,-0.01,46,50680,中性盘,601611,2025-10-17 22:59:27
10:15:54,11.01,0.0,56,61652,买盘,601611,2025-10-17 22:59:27
10:15:57,11.01,0.0,114,125499,买盘,601611,2025-10-17 22:59:27
10:16:00,11.0,-0.01,481,529173,卖盘,601611,2025-10-17 22:59:27
10:16:03,11.0,0.0,113,124325,卖盘,601611,2025-10-17 22:59:27
10:16:06,11.0,0.0,93,102310,卖盘,601611,2025-10-17 22:59:27
10:16:09,11.0,0.0,151,166164,卖盘,601611,2025-10-17 22:59:27
10:16:12,11.0,0.0,521,573083,卖盘,601611,2025-10-17 22:59:27
10:16:15,11.0,0.0,99,108848,买盘,601611,2025-10-17 22:59:27
10:16:18,11.0,0.0,355,390179,买盘,601611,2025-10-17 22:59:27
10:16:21,11.0,0.0,81,89070,买盘,601611,2025-10-17 22:59:27
10:16:24,10.99,-0.01,1263,1387009,卖盘,601611,2025-10-17 22:59:27
10:16:27,10.99,0.0,220,241718,买盘,601611,2025-10-17 22:59:27
10:16:30,10.98,-0.01,250,274548,卖盘,601611,2025-10-17 22:59:27
10:16:33,10.97,-0.01,270,296453,卖盘,601611,2025-10-17 22:59:27
10:16:36,10.97,0.0,98,107521,卖盘,601611,2025-10-17 22:59:27
10:16:39,10.97,0.0,577,633123,卖盘,601611,2025-10-17 22:59:27
10:16:42,10.97,0.0,259,284141,卖盘,601611,2025-10-17 22:59:27
10:16:45,10.96,-0.01,214,234762,卖盘,601611,2025-10-17 22:59:27
10:16:48,10.97,0.01,247,270841,买盘,601611,2025-10-17 22:59:27
10:16:51,10.96,-0.01,108,118387,卖盘,601611,2025-10-17 22:59:27
10:16:54,10.96,0.0,2250,2465054,卖盘,601611,2025-10-17 22:59:27
10:16:57,10.96,0.0,219,240026,买盘,601611,2025-10-17 22:59:27
10:17:00,10.95,-0.01,271,296875,卖盘,601611,2025-10-17 22:59:27
10:17:03,10.96,0.01,152,166523,买盘,601611,2025-10-17 22:59:27
10:17:06,10.96,0.0,281,307742,买盘,601611,2025-10-17 22:59:27
10:17:09,10.96,0.0,630,690040,买盘,601611,2025-10-17 22:59:27
10:17:12,10.95,-0.01,850,930904,卖盘,601611,2025-10-17 22:59:27
10:17:15,10.96,0.01,426,466631,买盘,601611,2025-10-17 22:59:27
10:17:18,10.95,-0.01,406,444676,卖盘,601611,2025-10-17 22:59:27
10:17:21,10.95,0.0,459,502661,卖盘,601611,2025-10-17 22:59:27
10:17:24,10.95,0.0,1053,1153893,卖盘,601611,2025-10-17 22:59:27
10:17:27,10.96,0.01,289,316653,中性盘,601611,2025-10-17 22:59:27
10:17:30,10.96,0.0,273,299197,卖盘,601611,2025-10-17 22:59:27
10:17:33,10.97,0.01,314,344221,买盘,601611,2025-10-17 22:59:27
10:17:36,10.97,0.0,51,55948,卖盘,601611,2025-10-17 22:59:27
10:17:39,10.98,0.01,141,154758,买盘,601611,2025-10-17 22:59:27
10:17:42,10.98,0.0,67,73608,卖盘,601611,2025-10-17 22:59:27
10:17:45,10.98,0.0,90,98874,卖盘,601611,2025-10-17 22:59:27
10:17:48,11.0,0.02,398,437653,买盘,601611,2025-10-17 22:59:27
10:17:51,11.0,0.0,196,215599,卖盘,601611,2025-10-17 22:59:27
10:17:54,11.0,0.0,214,235277,卖盘,601611,2025-10-17 22:59:27
10:17:57,11.01,0.01,201,221176,买盘,601611,2025-10-17 22:59:27
10:18:00,11.0,-0.01,174,191395,卖盘,601611,2025-10-17 22:59:27
10:18:03,10.99,-0.01,253,277920,卖盘,601611,2025-10-17 22:59:27
10:18:06,11.0,0.01,91,100093,买盘,601611,2025-10-17 22:59:27
10:18:09,10.98,-0.02,93,102247,卖盘,601611,2025-10-17 22:59:27
10:18:12,11.0,0.02,245,269268,买盘,601611,2025-10-17 22:59:27
10:18:15,10.99,-0.01,43,47252,买盘,601611,2025-10-17 22:59:27
10:18:18,10.98,-0.01,188,206425,卖盘,601611,2025-10-17 22:59:27
10:18:21,10.98,0.0,154,169099,卖盘,601611,2025-10-17 22:59:27
10:18:24,10.98,0.0,46,50514,卖盘,601611,2025-10-17 22:59:27
10:18:27,10.98,0.0,63,69224,卖盘,601611,2025-10-17 22:59:27
10:18:30,10.98,0.0,324,355767,卖盘,601611,2025-10-17 22:59:27
10:18:33,10.98,0.0,36,39539,卖盘,601611,2025-10-17 22:59:27
10:18:36,10.98,0.0,146,160308,买盘,601611,2025-10-17 22:59:27
10:18:39,10.98,0.0,150,164677,买盘,601611,2025-10-17 22:59:27
10:18:42,10.97,-0.01,240,263410,卖盘,601611,2025-10-17 22:59:27
10:18:45,10.97,0.0,55,60351,卖盘,601611,2025-10-17 22:59:27
10:18:48,10.98,0.01,85,93327,买盘,601611,2025-10-17 22:59:27
10:18:51,10.98,0.0,94,103200,买盘,601611,2025-10-17 22:59:27
10:18:54,10.97,-0.01,113,124002,卖盘,601611,2025-10-17 22:59:27
10:18:57,10.98,0.01,381,417984,买盘,601611,2025-10-17 22:59:27
10:19:00,10.97,-0.01,230,252360,卖盘,601611,2025-10-17 22:59:27
10:19:03,10.98,0.01,267,293024,买盘,601611,2025-10-17 22:59:27
10:19:06,10.97,-0.01,351,385180,卖盘,601611,2025-10-17 22:59:27
10:19:09,10.98,0.01,96,105348,买盘,601611,2025-10-17 22:59:27
10:19:12,10.97,-0.01,353,387260,卖盘,601611,2025-10-17 22:59:27
10:19:15,10.98,0.01,150,164686,买盘,601611,2025-10-17 22:59:27
10:19:18,10.98,0.0,279,306149,买盘,601611,2025-10-17 22:59:27
10:19:21,10.98,0.0,323,354578,买盘,601611,2025-10-17 22:59:27
10:19:24,10.98,0.0,51,55998,卖盘,601611,2025-10-17 22:59:27
10:19:27,10.98,0.0,90,98822,卖盘,601611,2025-10-17 22:59:27
10:19:30,10.98,0.0,1380,1518658,卖盘,601611,2025-10-17 22:59:27
10:19:33,10.99,0.01,225,247136,中性盘,601611,2025-10-17 22:59:27
10:19:36,10.99,0.0,79,86821,卖盘,601611,2025-10-17 22:59:27
10:19:39,10.99,0.0,296,325304,卖盘,601611,2025-10-17 22:59:27
10:19:42,10.99,0.0,45,49455,买盘,601611,2025-10-17 22:59:27
10:19:45,11.0,0.01,854,938488,买盘,601611,2025-10-17 22:59:27
10:19:48,11.0,0.0,267,293700,卖盘,601611,2025-10-17 22:59:27
10:19:51,11.01,0.01,35,38535,买盘,601611,2025-10-17 22:59:27
10:19:54,11.01,0.0,224,246416,买盘,601611,2025-10-17 22:59:27
10:19:57,11.0,-0.01,153,168329,卖盘,601611,2025-10-17 22:59:27
10:20:00,10.98,-0.02,389,427284,卖盘,601611,2025-10-17 22:59:27
10:20:03,10.97,-0.01,130,142769,卖盘,601611,2025-10-17 22:59:27
10:20:06,10.98,0.01,67,73634,中性盘,601611,2025-10-17 22:59:27
10:20:09,10.98,0.0,113,124236,卖盘,601611,2025-10-17 22:59:27
10:20:12,10.98,0.0,123,135053,卖盘,601611,2025-10-17 22:59:27
10:20:15,10.98,0.0,80,87836,买盘,601611,2025-10-17 22:59:27
10:20:18,10.99,0.01,122,133966,买盘,601611,2025-10-17 22:59:27
10:20:21,10.98,-0.01,10,10984,卖盘,601611,2025-10-17 22:59:27
10:20:24,10.98,0.0,59,64813,卖盘,601611,2025-10-17 22:59:27
10:20:27,10.98,0.0,161,176913,卖盘,601611,2025-10-17 22:59:27
10:20:30,10.98,0.0,194,213126,卖盘,601611,2025-10-17 22:59:27
10:20:33,10.98,0.0,803,881704,卖盘,601611,2025-10-17 22:59:27
10:20:36,10.98,0.0,206,226545,卖盘,601611,2025-10-17 22:59:27
10:20:39,10.98,0.0,162,177893,卖盘,601611,2025-10-17 22:59:27
10:20:42,10.98,0.0,151,165884,卖盘,601611,2025-10-17 22:59:27
10:20:45,10.98,0.0,398,437064,卖盘,601611,2025-10-17 22:59:27
10:20:48,10.98,0.0,37,40643,卖盘,601611,2025-10-17 22:59:27
10:20:51,10.99,0.01,436,478644,买盘,601611,2025-10-17 22:59:27
10:20:54,10.99,0.0,148,162399,买盘,601611,2025-10-17 22:59:27
10:20:57,11.0,0.01,26,28582,买盘,601611,2025-10-17 22:59:27
10:21:00,10.99,-0.01,69,75831,卖盘,601611,2025-10-17 22:59:27
10:21:03,10.99,0.0,60,65911,买盘,601611,2025-10-17 22:59:27
10:21:06,10.99,0.0,77,84621,买盘,601611,2025-10-17 22:59:27
10:21:09,10.99,0.0,282,309918,买盘,601611,2025-10-17 22:59:27
10:21:12,10.98,-0.01,102,112070,卖盘,601611,2025-10-17 22:59:27
10:21:15,10.99,0.01,150,164738,卖盘,601611,2025-10-17 22:59:27
10:21:18,10.99,0.0,55,60453,买盘,601611,2025-10-17 22:59:27
10:21:21,10.99,0.0,32,35171,卖盘,601611,2025-10-17 22:59:27
10:21:24,10.99,0.0,151,165950,卖盘,601611,2025-10-17 22:59:27
10:21:27,10.99,0.0,85,93415,买盘,601611,2025-10-17 22:59:27
10:21:30,10.98,-0.01,276,303078,卖盘,601611,2025-10-17 22:59:27
10:21:33,10.98,0.0,186,204093,买盘,601611,2025-10-17 22:59:27
10:21:36,10.97,-0.01,116,127281,卖盘,601611,2025-10-17 22:59:27
10:21:39,10.98,0.01,979,1073862,买盘,601611,2025-10-17 22:59:27
10:21:42,10.97,-0.01,36,39508,卖盘,601611,2025-10-17 22:59:27
10:21:45,10.98,0.01,477,523657,买盘,601611,2025-10-17 22:59:27
10:21:48,10.98,0.0,178,195296,中性盘,601611,2025-10-17 22:59:27
10:21:51,10.97,-0.01,168,184331,卖盘,601611,2025-10-17 22:59:27
10:21:54,10.97,0.0,304,333497,卖盘,601611,2025-10-17 22:59:27
10:21:57,10.98,0.01,429,471063,买盘,601611,2025-10-17 22:59:27
10:22:00,10.98,0.0,36,39045,卖盘,601611,2025-10-17 22:59:27
10:22:03,10.97,-0.01,622,683415,卖盘,601611,2025-10-17 22:59:27
10:22:06,10.98,0.01,7,7684,买盘,601611,2025-10-17 22:59:27
10:22:09,10.98,0.0,118,129549,买盘,601611,2025-10-17 22:59:27
10:22:12,10.98,0.0,99,108686,买盘,601611,2025-10-17 22:59:27
10:22:15,10.98,0.0,409,448693,买盘,601611,2025-10-17 22:59:27
10:22:18,10.97,-0.01,317,347618,卖盘,601611,2025-10-17 22:59:27
10:22:21,10.97,0.0,29,31813,买盘,601611,2025-10-17 22:59:27
10:22:24,10.97,0.0,103,112977,买盘,601611,2025-10-17 22:59:27
10:22:27,10.96,-0.01,230,252190,卖盘,601611,2025-10-17 22:59:27
10:22:30,10.96,0.0,255,279546,卖盘,601611,2025-10-17 22:59:27
10:22:33,10.97,0.01,69,75694,买盘,601611,2025-10-17 22:59:27
10:22:36,10.97,0.0,20,21940,卖盘,601611,2025-10-17 22:59:27
10:22:39,10.97,0.0,587,643556,卖盘,601611,2025-10-17 22:59:27
10:22:42,10.97,0.0,115,126117,买盘,601611,2025-10-17 22:59:27
10:22:45,10.97,0.0,764,837371,买盘,601611,2025-10-17 22:59:27
10:22:48,10.96,-0.01,284,311286,卖盘,601611,2025-10-17 22:59:27
10:22:51,10.97,0.01,1306,1430743,买盘,601611,2025-10-17 22:59:27
10:22:54,10.97,0.0,145,159066,卖盘,601611,2025-10-17 22:59:27
10:22:57,10.97,0.0,53,58144,卖盘,601611,2025-10-17 22:59:27
10:23:00,10.98,0.01,457,501376,买盘,601611,2025-10-17 22:59:27
10:23:03,10.97,-0.01,193,211768,卖盘,601611,2025-10-17 22:59:27
10:23:06,10.98,0.01,256,280766,买盘,601611,2025-10-17 22:59:27
10:23:09,10.97,-0.01,101,110816,卖盘,601611,2025-10-17 22:59:27
10:23:12,10.97,0.0,133,145906,卖盘,601611,2025-10-17 22:59:27
10:23:15,10.98,0.01,321,352413,买盘,601611,2025-10-17 22:59:27
10:23:18,10.97,-0.01,633,694939,中性盘,601611,2025-10-17 22:59:27
10:23:21,10.97,0.0,191,209538,卖盘,601611,2025-10-17 22:59:27
10:23:24,11.01,0.04,1433,1574924,买盘,601611,2025-10-17 22:59:27
10:23:27,11.0,-0.01,148,162993,卖盘,601611,2025-10-17 22:59:27
10:23:30,11.02,0.02,119,131121,买盘,601611,2025-10-17 22:59:27
10:23:33,11.01,-0.01,166,182716,卖盘,601611,2025-10-17 22:59:27
10:23:36,11.02,0.01,49,53983,买盘,601611,2025-10-17 22:59:27
10:23:39,11.02,0.0,40,44073,买盘,601611,2025-10-17 22:59:27
10:23:42,11.01,-0.01,159,175135,卖盘,601611,2025-10-17 22:59:27
10:23:45,11.06,0.05,978,1080098,买盘,601611,2025-10-17 22:59:27
10:23:48,11.02,-0.04,117,129103,卖盘,601611,2025-10-17 22:59:27
10:23:51,11.02,0.0,90,99269,卖盘,601611,2025-10-17 22:59:27
10:23:54,11.03,0.01,97,106983,买盘,601611,2025-10-17 22:59:27
10:23:57,11.03,0.0,113,124629,买盘,601611,2025-10-17 22:59:27
10:24:00,11.03,0.0,148,163334,卖盘,601611,2025-10-17 22:59:27
10:24:03,11.03,0.0,133,146747,卖盘,601611,2025-10-17 22:59:27
10:24:06,11.05,0.02,157,173403,买盘,601611,2025-10-17 22:59:27
10:24:09,11.05,0.0,204,225373,买盘,601611,2025-10-17 22:59:27
10:24:12,11.04,-0.01,282,311352,中性盘,601611,2025-10-17 22:59:27
10:24:15,11.05,0.01,114,125937,买盘,601611,2025-10-17 22:59:27
10:24:18,11.04,-0.01,64,70664,卖盘,601611,2025-10-17 22:59:27
10:24:21,11.05,0.01,121,133645,买盘,601611,2025-10-17 22:59:27
10:24:24,11.05,0.0,434,479528,买盘,601611,2025-10-17 22:59:27
10:24:27,11.05,0.0,101,111502,买盘,601611,2025-10-17 22:59:27
10:24:30,11.04,-0.01,59,65156,卖盘,601611,2025-10-17 22:59:27
10:24:33,11.04,0.0,439,484948,卖盘,601611,2025-10-17 22:59:27
10:24:36,11.03,-0.01,63,69544,卖盘,601611,2025-10-17 22:59:27
10:24:39,11.03,0.0,348,383865,卖盘,601611,2025-10-17 22:59:27
10:24:42,11.02,-0.01,112,123474,卖盘,601611,2025-10-17 22:59:27
10:24:45,11.01,-0.01,63,69425,卖盘,601611,2025-10-17 22:59:27
10:24:48,11.01,0.0,255,280911,卖盘,601611,2025-10-17 22:59:27
10:24:51,11.01,0.0,139,153110,买盘,601611,2025-10-17 22:59:27
10:24:54,11.01,0.0,272,299558,卖盘,601611,2025-10-17 22:59:27
10:24:57,11.01,0.0,269,296169,卖盘,601611,2025-10-17 22:59:27
10:25:00,11.01,0.0,259,285187,卖盘,601611,2025-10-17 22:59:27
10:25:03,11.01,0.0,48,52848,卖盘,601611,2025-10-17 22:59:27
10:25:06,11.02,0.01,51,56192,买盘,601611,2025-10-17 22:59:27
10:25:09,11.01,-0.01,7,7707,卖盘,601611,2025-10-17 22:59:27
10:25:12,11.01,0.0,55,60605,卖盘,601611,2025-10-17 22:59:27
10:25:15,11.01,0.0,121,133221,卖盘,601611,2025-10-17 22:59:27
10:25:18,11.01,0.0,204,224614,卖盘,601611,2025-10-17 22:59:27
10:25:21,11.01,0.0,25,27525,买盘,601611,2025-10-17 22:59:27
10:25:24,11.0,-0.01,32,35226,卖盘,601611,2025-10-17 22:59:27
10:25:27,11.01,0.01,160,176164,买盘,601611,2025-10-17 22:59:27
10:25:30,11.02,0.01,168,185134,买盘,601611,2025-10-17 22:59:27
10:25:33,11.03,0.01,181,199569,买盘,601611,2025-10-17 22:59:27
10:25:36,11.03,0.0,868,958074,买盘,601611,2025-10-17 22:59:27
10:25:39,11.03,0.0,22,24294,卖盘,601611,2025-10-17 22:59:27
10:25:42,11.05,0.02,98,108220,买盘,601611,2025-10-17 22:59:27
10:25:45,11.05,0.0,75,82818,卖盘,601611,2025-10-17 22:59:27
10:25:48,11.05,0.0,175,193328,买盘,601611,2025-10-17 22:59:27
10:25:51,11.05,0.0,196,216421,买盘,601611,2025-10-17 22:59:27
10:25:54,11.04,-0.01,71,78440,卖盘,601611,2025-10-17 22:59:27
10:25:57,11.05,0.01,39,43074,买盘,601611,2025-10-17 22:59:27
10:26:00,11.05,0.0,171,188902,买盘,601611,2025-10-17 22:59:27
10:26:03,11.04,-0.01,434,479438,卖盘,601611,2025-10-17 22:59:27
10:26:06,11.04,0.0,46,50804,卖盘,601611,2025-10-17 22:59:27
10:26:09,11.05,0.01,82,90601,买盘,601611,2025-10-17 22:59:27
10:26:12,11.05,0.0,198,218725,买盘,601611,2025-10-17 22:59:27
10:26:15,11.05,0.0,17,18785,买盘,601611,2025-10-17 22:59:27
10:26:18,11.05,0.0,13,14365,买盘,601611,2025-10-17 22:59:27
10:26:21,11.05,0.0,53,58552,买盘,601611,2025-10-17 22:59:27
10:26:24,11.05,0.0,50,55233,买盘,601611,2025-10-17 22:59:27
10:26:27,11.05,0.0,271,299336,买盘,601611,2025-10-17 22:59:27
10:26:30,11.05,0.0,180,198923,买盘,601611,2025-10-17 22:59:27
10:26:33,11.04,-0.01,103,113805,卖盘,601611,2025-10-17 22:59:27
10:26:36,11.05,0.01,35,38672,买盘,601611,2025-10-17 22:59:27
10:26:39,11.04,-0.01,17,18771,卖盘,601611,2025-10-17 22:59:27
10:26:42,11.05,0.01,11,12155,买盘,601611,2025-10-17 22:59:27
10:26:45,11.05,0.0,379,418503,买盘,601611,2025-10-17 22:59:27
10:26:48,11.04,-0.01,159,175648,卖盘,601611,2025-10-17 22:59:27
10:26:51,11.05,0.01,68,75134,买盘,601611,2025-10-17 22:59:27
10:26:54,11.04,-0.01,1,1104,卖盘,601611,2025-10-17 22:59:27
10:26:57,11.04,0.0,20,22098,卖盘,601611,2025-10-17 22:59:27
10:27:00,11.04,0.0,172,189909,卖盘,601611,2025-10-17 22:59:27
10:27:03,11.05,0.01,152,167815,买盘,601611,2025-10-17 22:59:27
10:27:06,11.05,0.0,34,37570,买盘,601611,2025-10-17 22:59:27
10:27:09,11.05,0.0,113,124778,买盘,601611,2025-10-17 22:59:27
10:27:12,11.05,0.0,323,356915,买盘,601611,2025-10-17 22:59:27
10:27:15,11.05,0.0,27,29835,卖盘,601611,2025-10-17 22:59:27
10:27:18,11.05,0.0,69,76255,卖盘,601611,2025-10-17 22:59:27
10:27:21,11.05,0.0,58,64094,卖盘,601611,2025-10-17 22:59:27
10:27:24,11.06,0.01,50,55289,买盘,601611,2025-10-17 22:59:27
10:27:27,11.05,-0.01,5,5525,卖盘,601611,2025-10-17 22:59:27
10:27:30,11.06,0.01,37,40898,买盘,601611,2025-10-17 22:59:27
10:27:33,11.06,0.0,37,40909,买盘,601611,2025-10-17 22:59:27
10:27:36,11.06,0.0,59,65218,买盘,601611,2025-10-17 22:59:27
10:27:39,11.06,0.0,26,28754,买盘,601611,2025-10-17 22:59:27
10:27:42,11.06,0.0,221,244422,买盘,601611,2025-10-17 22:59:27
10:27:45,11.06,0.0,92,101716,买盘,601611,2025-10-17 22:59:27
10:27:48,11.06,0.0,8,8848,卖盘,601611,2025-10-17 22:59:27
10:27:51,11.07,0.01,18,19926,买盘,601611,2025-10-17 22:59:27
10:27:54,11.06,-0.01,297,328542,卖盘,601611,2025-10-17 22:59:27
10:27:57,11.06,0.0,171,189261,买盘,601611,2025-10-17 22:59:27
10:28:00,11.07,0.01,69,76327,买盘,601611,2025-10-17 22:59:27
10:28:03,11.05,-0.02,783,865377,卖盘,601611,2025-10-17 22:59:27
10:28:06,11.07,0.02,92,101649,买盘,601611,2025-10-17 22:59:27
10:28:09,11.06,-0.01,699,771852,买盘,601611,2025-10-17 22:59:27
10:28:12,11.06,0.0,119,131628,买盘,601611,2025-10-17 22:59:27
10:28:15,11.06,0.0,1365,1509689,卖盘,601611,2025-10-17 22:59:27
10:28:18,11.06,0.0,17,18791,买盘,601611,2025-10-17 22:59:27
10:28:21,11.06,0.0,154,170315,买盘,601611,2025-10-17 22:59:27
10:28:24,11.06,0.0,73,80766,卖盘,601611,2025-10-17 22:59:27
10:28:27,11.06,0.0,103,113927,卖盘,601611,2025-10-17 22:59:27
10:28:30,11.06,0.0,24,26548,卖盘,601611,2025-10-17 22:59:27
10:28:33,11.06,0.0,67,74102,卖盘,601611,2025-10-17 22:59:27
10:28:36,11.06,0.0,84,92908,卖盘,601611,2025-10-17 22:59:27
10:28:39,11.07,0.01,148,163779,买盘,601611,2025-10-17 22:59:27
10:28:42,11.06,-0.01,312,345367,卖盘,601611,2025-10-17 22:59:27
10:28:45,11.07,0.01,173,191417,买盘,601611,2025-10-17 22:59:27
10:28:48,11.07,0.0,40,44258,卖盘,601611,2025-10-17 22:59:27
10:28:51,11.07,0.0,29,32089,买盘,601611,2025-10-17 22:59:27
10:28:54,11.07,0.0,152,168212,买盘,601611,2025-10-17 22:59:27
10:28:57,11.07,0.0,381,421637,买盘,601611,2025-10-17 22:59:27
10:29:00,11.07,0.0,71,78570,买盘,601611,2025-10-17 22:59:27
10:29:03,11.07,0.0,184,203545,买盘,601611,2025-10-17 22:59:27
10:29:06,11.07,0.0,4,4427,买盘,601611,2025-10-17 22:59:27
10:29:09,11.05,-0.02,48,53114,卖盘,601611,2025-10-17 22:59:27
10:29:12,11.04,-0.01,176,194494,卖盘,601611,2025-10-17 22:59:27
10:29:15,11.05,0.01,36,39779,中性盘,601611,2025-10-17 22:59:27
10:29:18,11.05,0.0,43,47500,买盘,601611,2025-10-17 22:59:27
10:29:21,11.04,-0.01,252,278214,卖盘,601611,2025-10-17 22:59:27
10:29:24,11.04,0.0,36,39744,买盘,601611,2025-10-17 22:59:27
10:29:27,11.03,-0.01,37,40823,卖盘,601611,2025-10-17 22:59:27
10:29:30,11.05,0.02,221,244015,买盘,601611,2025-10-17 22:59:27
10:29:33,11.04,-0.01,271,298918,中性盘,601611,2025-10-17 22:59:27
10:29:36,11.03,-0.01,62,68386,卖盘,601611,2025-10-17 22:59:27
10:29:39,11.02,-0.01,26,28654,卖盘,601611,2025-10-17 22:59:27
10:29:42,11.02,0.0,163,179672,卖盘,601611,2025-10-17 22:59:27
10:29:45,11.02,0.0,85,93690,卖盘,601611,2025-10-17 22:59:27
10:29:48,11.02,0.0,101,111350,卖盘,601611,2025-10-17 22:59:27
10:29:51,11.02,0.0,56,61682,买盘,601611,2025-10-17 22:59:27
10:29:54,11.01,-0.01,47,51750,卖盘,601611,2025-10-17 22:59:27
10:29:57,11.01,0.0,209,230111,卖盘,601611,2025-10-17 22:59:27
10:30:00,11.03,0.02,709,781511,买盘,601611,2025-10-17 22:59:27
10:30:03,11.02,-0.01,64,70582,卖盘,601611,2025-10-17 22:59:27
10:30:06,11.01,-0.01,58,63906,卖盘,601611,2025-10-17 22:59:27
10:30:09,11.02,0.01,152,167589,卖盘,601611,2025-10-17 22:59:27
10:30:12,11.02,0.0,77,84860,买盘,601611,2025-10-17 22:59:27
10:30:15,11.03,0.01,35,38605,买盘,601611,2025-10-17 22:59:27
10:30:18,11.02,-0.01,567,624846,卖盘,601611,2025-10-17 22:59:27
10:30:21,11.02,0.0,44,48484,买盘,601611,2025-10-17 22:59:27
10:30:24,11.02,0.0,51,56202,买盘,601611,2025-10-17 22:59:27
10:30:27,11.03,0.01,137,150994,买盘,601611,2025-10-17 22:59:27
10:30:30,11.02,-0.01,67,73854,卖盘,601611,2025-10-17 22:59:27
10:30:33,11.02,0.0,21,23152,卖盘,601611,2025-10-17 22:59:27
10:30:36,11.02,0.0,111,122328,卖盘,601611,2025-10-17 22:59:27
10:30:39,11.03,0.01,28,30883,买盘,601611,2025-10-17 22:59:27
10:30:42,11.03,0.0,36,39692,买盘,601611,2025-10-17 22:59:27
10:30:45,11.03,0.0,179,197269,买盘,601611,2025-10-17 22:59:27
10:30:48,11.03,0.0,36,39690,买盘,601611,2025-10-17 22:59:27
10:30:51,11.02,-0.01,104,114646,卖盘,601611,2025-10-17 22:59:27
10:30:54,11.03,0.01,8,8817,买盘,601611,2025-10-17 22:59:27
10:30:57,11.03,0.0,14,15438,买盘,601611,2025-10-17 22:59:27
10:31:00,11.03,0.0,139,153305,买盘,601611,2025-10-17 22:59:27
10:31:03,11.02,-0.01,421,464132,卖盘,601611,2025-10-17 22:59:27
10:31:06,11.02,0.0,69,76056,卖盘,601611,2025-10-17 22:59:27
10:31:09,11.02,0.0,28,30875,卖盘,601611,2025-10-17 22:59:27
10:31:12,11.03,0.01,42,46285,买盘,601611,2025-10-17 22:59:27
10:31:15,11.02,-0.01,1848,2035399,卖盘,601611,2025-10-17 22:59:27
10:31:18,11.02,0.0,105,115707,买盘,601611,2025-10-17 22:59:27
10:31:21,11.02,0.0,45,49585,买盘,601611,2025-10-17 22:59:27
10:31:24,11.02,0.0,55,60610,买盘,601611,2025-10-17 22:59:27
10:31:27,11.01,-0.01,25,27540,卖盘,601611,2025-10-17 22:59:27
10:31:30,11.01,0.0,163,179564,卖盘,601611,2025-10-17 22:59:27
10:31:33,11.01,0.0,50,55061,卖盘,601611,2025-10-17 22:59:27
10:31:36,11.01,0.0,717,789425,卖盘,601611,2025-10-17 22:59:27
10:31:39,11.02,0.01,141,155277,买盘,601611,2025-10-17 22:59:27
10:31:42,11.01,-0.01,85,93584,买盘,601611,2025-10-17 22:59:27
10:31:45,11.01,0.0,191,210259,买盘,601611,2025-10-17 22:59:27
10:31:48,11.01,0.0,614,676009,买盘,601611,2025-10-17 22:59:27
10:31:54,11.01,0.0,139,153045,卖盘,601611,2025-10-17 22:59:27
10:31:57,11.01,0.0,50,55050,买盘,601611,2025-10-17 22:59:27
10:32:00,11.01,0.0,63,69363,买盘,601611,2025-10-17 22:59:27
10:32:03,11.01,0.0,642,706388,买盘,601611,2025-10-17 22:59:27
10:32:06,11.02,0.01,44,48464,买盘,601611,2025-10-17 22:59:27
10:32:09,11.01,-0.01,39,42939,卖盘,601611,2025-10-17 22:59:27
10:32:12,11.02,0.01,42,46274,买盘,601611,2025-10-17 22:59:27
10:32:15,11.02,0.0,53,58390,买盘,601611,2025-10-17 22:59:27
10:32:18,11.01,-0.01,71,78200,卖盘,601611,2025-10-17 22:59:27
10:32:21,11.02,0.01,306,337212,买盘,601611,2025-10-17 22:59:27
10:32:24,11.02,0.0,259,285424,卖盘,601611,2025-10-17 22:59:27
10:32:27,11.02,0.0,16,17629,买盘,601611,2025-10-17 22:59:27
10:32:30,11.02,0.0,63,69402,买盘,601611,2025-10-17 22:59:27
10:32:33,11.02,0.0,290,319387,买盘,601611,2025-10-17 22:59:27
10:32:36,11.02,0.0,43,47384,买盘,601611,2025-10-17 22:59:27
10:32:39,11.01,-0.01,137,150949,卖盘,601611,2025-10-17 22:59:27
10:32:42,11.02,0.01,362,398894,买盘,601611,2025-10-17 22:59:27
10:32:45,11.02,0.0,50,55100,卖盘,601611,2025-10-17 22:59:27
10:32:48,11.03,0.01,65,71642,买盘,601611,2025-10-17 22:59:27
10:32:51,11.03,0.0,50,55137,买盘,601611,2025-10-17 22:59:27
10:32:54,11.03,0.0,88,97006,买盘,601611,2025-10-17 22:59:27
10:32:57,11.03,0.0,93,102579,买盘,601611,2025-10-17 22:59:27
10:33:00,11.03,0.0,30,33090,卖盘,601611,2025-10-17 22:59:27
10:33:03,11.04,0.01,126,139079,买盘,601611,2025-10-17 22:59:27
10:33:06,11.04,0.0,33,36404,买盘,601611,2025-10-17 22:59:27
10:33:09,11.04,0.0,6,6624,买盘,601611,2025-10-17 22:59:27
10:33:12,11.04,0.0,1,1104,卖盘,601611,2025-10-17 22:59:27
10:33:15,11.05,0.01,153,169041,买盘,601611,2025-10-17 22:59:27
10:33:18,11.05,0.0,208,229679,买盘,601611,2025-10-17 22:59:27
10:33:21,11.04,-0.01,163,180049,卖盘,601611,2025-10-17 22:59:27
10:33:24,11.05,0.01,223,246398,买盘,601611,2025-10-17 22:59:27
10:33:27,11.05,0.0,69,76196,中性盘,601611,2025-10-17 22:59:27
10:33:30,11.05,0.0,137,151455,买盘,601611,2025-10-17 22:59:27
10:33:33,11.05,0.0,119,131474,买盘,601611,2025-10-17 22:59:27
10:33:36,11.05,0.0,31,34257,卖盘,601611,2025-10-17 22:59:27
10:33:39,11.04,-0.01,179,197752,卖盘,601611,2025-10-17 22:59:27
10:33:42,11.05,0.01,41,45315,买盘,601611,2025-10-17 22:59:27
10:33:45,11.05,0.0,422,466650,卖盘,601611,2025-10-17 22:59:27
10:33:48,11.05,0.0,20,22100,买盘,601611,2025-10-17 22:59:27
10:33:51,11.05,0.0,90,99427,买盘,601611,2025-10-17 22:59:27
10:33:54,11.06,0.01,47,51935,买盘,601611,2025-10-17 22:59:27
10:33:57,11.06,0.0,81,89485,买盘,601611,2025-10-17 22:59:27
10:34:00,11.06,0.0,293,323882,买盘,601611,2025-10-17 22:59:27
10:34:03,11.05,-0.01,77,85065,卖盘,601611,2025-10-17 22:59:27
10:34:06,11.05,0.0,670,739734,买盘,601611,2025-10-17 22:59:27
10:34:09,11.06,0.01,26,28746,买盘,601611,2025-10-17 22:59:27
10:34:12,11.05,-0.01,194,214354,卖盘,601611,2025-10-17 22:59:27
10:34:15,11.04,-0.01,86,95024,卖盘,601611,2025-10-17 22:59:27
10:34:18,11.04,0.0,13,14352,买盘,601611,2025-10-17 22:59:27
10:34:21,11.04,0.0,13,14352,买盘,601611,2025-10-17 22:59:27
10:34:24,11.04,0.0,23,25447,买盘,601611,2025-10-17 22:59:27
10:34:27,11.04,0.0,22,24233,卖盘,601611,2025-10-17 22:59:27
10:34:30,11.04,0.0,166,183319,买盘,601611,2025-10-17 22:59:27
10:34:33,11.04,0.0,13,14352,卖盘,601611,2025-10-17 22:59:27
10:34:36,11.04,0.0,72,79481,卖盘,601611,2025-10-17 22:59:27
10:34:39,11.03,-0.01,168,185453,卖盘,601611,2025-10-17 22:59:27
10:34:45,11.04,0.01,92,101512,买盘,601611,2025-10-17 22:59:27
10:34:48,11.04,0.0,49,54100,卖盘,601611,2025-10-17 22:59:27
10:34:51,11.04,0.0,20,22080,卖盘,601611,2025-10-17 22:59:27
10:34:54,11.04,0.0,53,58548,卖盘,601611,2025-10-17 22:59:27
10:34:57,11.04,0.0,113,124754,买盘,601611,2025-10-17 22:59:27
10:35:00,11.05,0.01,256,282631,买盘,601611,2025-10-17 22:59:27
10:35:03,11.04,-0.01,38,41952,卖盘,601611,2025-10-17 22:59:27
10:35:06,11.04,0.0,132,145742,卖盘,601611,2025-10-17 22:59:27
10:35:09,11.04,0.0,9,9936,买盘,601611,2025-10-17 22:59:27
10:35:12,11.04,0.0,191,210825,买盘,601611,2025-10-17 22:59:27
10:35:15,11.04,0.0,100,110420,卖盘,601611,2025-10-17 22:59:27
10:35:18,11.04,0.0,232,256129,卖盘,601611,2025-10-17 22:59:27
10:35:21,11.04,0.0,88,97155,卖盘,601611,2025-10-17 22:59:27
10:35:24,11.05,0.01,53,58522,买盘,601611,2025-10-17 22:59:27
10:35:27,11.04,-0.01,80,88323,卖盘,601611,2025-10-17 22:59:27
10:35:30,11.04,0.0,192,211968,卖盘,601611,2025-10-17 22:59:27
10:35:33,11.05,0.01,75,82814,买盘,601611,2025-10-17 22:59:27
10:35:36,11.04,-0.01,473,522257,卖盘,601611,2025-10-17 22:59:27
10:35:39,11.05,0.01,232,256217,买盘,601611,2025-10-17 22:59:27
10:35:42,11.03,-0.02,3,3310,卖盘,601611,2025-10-17 22:59:27
10:35:45,11.03,0.0,39,43039,卖盘,601611,2025-10-17 22:59:27
10:35:48,11.04,0.01,49,54069,中性盘,601611,2025-10-17 22:59:27
10:35:54,11.05,0.01,113,124791,买盘,601611,2025-10-17 22:59:27
10:35:57,11.04,-0.01,173,191070,卖盘,601611,2025-10-17 22:59:27
10:36:00,11.05,0.01,49,54134,买盘,601611,2025-10-17 22:59:27
10:36:03,11.05,0.0,53,58568,卖盘,601611,2025-10-17 22:59:27
10:36:06,11.05,0.0,30,33170,卖盘,601611,2025-10-17 22:59:27
10:36:09,11.06,0.01,91,100637,买盘,601611,2025-10-17 22:59:27
10:36:12,11.05,-0.01,175,193430,卖盘,601611,2025-10-17 22:59:27
10:36:15,11.05,0.0,261,288467,卖盘,601611,2025-10-17 22:59:27
10:36:18,11.05,0.0,37,40920,卖盘,601611,2025-10-17 22:59:27
10:36:21,11.05,0.0,349,385893,卖盘,601611,2025-10-17 22:59:27
10:36:24,11.06,0.01,236,260914,买盘,601611,2025-10-17 22:59:27
10:36:27,11.05,-0.01,10,11058,卖盘,601611,2025-10-17 22:59:27
10:36:30,11.06,0.01,24,26554,卖盘,601611,2025-10-17 22:59:27
10:36:33,11.06,0.0,14,15484,买盘,601611,2025-10-17 22:59:27
10:36:36,11.06,0.0,50,55349,卖盘,601611,2025-10-17 22:59:27
10:36:39,11.06,0.0,42,46487,卖盘,601611,2025-10-17 22:59:27
10:36:42,11.07,0.01,24,26568,买盘,601611,2025-10-17 22:59:27
10:36:45,11.06,-0.01,187,206967,卖盘,601611,2025-10-17 22:59:27
10:36:48,11.07,0.01,362,400734,买盘,601611,2025-10-17 22:59:27
10:36:51,11.06,-0.01,31,34305,卖盘,601611,2025-10-17 22:59:27
10:36:54,11.06,0.0,29,32096,卖盘,601611,2025-10-17 22:59:27
10:36:57,11.07,0.01,38,42066,中性盘,601611,2025-10-17 22:59:27
10:37:00,11.07,0.0,110,121867,卖盘,601611,2025-10-17 22:59:27
10:37:03,11.08,0.01,169,187246,买盘,601611,2025-10-17 22:59:27
10:37:06,11.09,0.01,4,4435,买盘,601611,2025-10-17 22:59:27
10:37:09,11.1,0.01,461,511157,买盘,601611,2025-10-17 22:59:27
10:37:12,11.09,-0.01,29,32173,卖盘,601611,2025-10-17 22:59:27
10:37:15,11.1,0.01,526,583860,买盘,601611,2025-10-17 22:59:27
10:37:18,11.1,0.0,109,120990,卖盘,601611,2025-10-17 22:59:27
10:37:21,11.1,0.0,729,808771,卖盘,601611,2025-10-17 22:59:27
10:37:24,11.1,0.0,355,394297,买盘,601611,2025-10-17 22:59:27
10:37:27,11.08,-0.02,286,317280,卖盘,601611,2025-10-17 22:59:27
10:37:30,11.08,0.0,68,75387,卖盘,601611,2025-10-17 22:59:27
10:37:33,11.08,0.0,545,603380,买盘,601611,2025-10-17 22:59:27
10:37:36,11.07,-0.01,1767,1951684,买盘,601611,2025-10-17 22:59:27
10:37:39,11.04,-0.03,32,35374,中性盘,601611,2025-10-17 22:59:27
10:37:42,11.06,0.02,20,22110,买盘,601611,2025-10-17 22:59:27
10:37:45,11.02,-0.04,1512,1666840,卖盘,601611,2025-10-17 22:59:27
10:37:48,11.02,0.0,100,110356,卖盘,601611,2025-10-17 22:59:27
10:37:51,11.02,0.0,29,31966,卖盘,601611,2025-10-17 22:59:27
10:37:54,11.02,0.0,223,245746,卖盘,601611,2025-10-17 22:59:27
10:37:57,11.02,0.0,199,219243,卖盘,601611,2025-10-17 22:59:27
10:38:00,11.02,0.0,192,211555,买盘,601611,2025-10-17 22:59:27
10:38:03,11.02,0.0,76,83709,买盘,601611,2025-10-17 22:59:27
10:38:06,11.02,0.0,19,20938,买盘,601611,2025-10-17 22:59:27
10:38:09,11.02,0.0,84,92529,买盘,601611,2025-10-17 22:59:27
10:38:12,11.01,-0.01,45,49569,卖盘,601611,2025-10-17 22:59:27
10:38:15,11.02,0.01,331,364532,买盘,601611,2025-10-17 22:59:27
10:38:18,11.01,-0.01,35,38565,卖盘,601611,2025-10-17 22:59:27
10:38:21,11.02,0.01,43,47358,买盘,601611,2025-10-17 22:59:27
10:38:24,11.01,-0.01,41,45169,卖盘,601611,2025-10-17 22:59:27
10:38:27,11.01,0.0,202,222564,卖盘,601611,2025-10-17 22:59:27
10:38:30,11.02,0.01,97,106847,买盘,601611,2025-10-17 22:59:27
10:38:33,11.01,-0.01,60,66090,卖盘,601611,2025-10-17 22:59:27
10:38:36,11.01,0.0,55,60556,卖盘,601611,2025-10-17 22:59:27
10:38:39,11.01,0.0,97,106821,卖盘,601611,2025-10-17 22:59:27
10:38:42,11.01,0.0,194,213640,卖盘,601611,2025-10-17 22:59:27
10:38:45,11.02,0.01,278,306281,买盘,601611,2025-10-17 22:59:27
10:38:48,11.02,0.0,186,204816,买盘,601611,2025-10-17 22:59:27
10:38:51,11.02,0.0,168,185136,买盘,601611,2025-10-17 22:59:27
10:38:54,11.02,0.0,111,122377,买盘,601611,2025-10-17 22:59:27
10:38:57,11.03,0.01,790,870584,买盘,601611,2025-10-17 22:59:27
10:39:00,11.02,-0.01,44,48488,卖盘,601611,2025-10-17 22:59:27
10:39:03,11.03,0.01,37,40775,买盘,601611,2025-10-17 22:59:27
10:39:06,11.02,-0.01,141,155480,卖盘,601611,2025-10-17 22:59:27
10:39:09,11.02,0.0,73,80452,卖盘,601611,2025-10-17 22:59:27
10:39:12,11.02,0.0,72,79350,卖盘,601611,2025-10-17 22:59:27
10:39:15,11.03,0.01,36,39686,买盘,601611,2025-10-17 22:59:27
10:39:18,11.03,0.0,62,68342,买盘,601611,2025-10-17 22:59:27
10:39:21,11.03,0.0,412,454302,买盘,601611,2025-10-17 22:59:27
10:39:24,11.03,0.0,88,97068,卖盘,601611,2025-10-17 22:59:27
10:39:27,11.03,0.0,28,30887,卖盘,601611,2025-10-17 22:59:27
10:39:30,11.03,0.0,49,54055,卖盘,601611,2025-10-17 22:59:27
10:39:33,11.03,0.0,28,30884,卖盘,601611,2025-10-17 22:59:27
10:39:36,11.03,0.0,192,211897,卖盘,601611,2025-10-17 22:59:27
10:39:39,11.04,0.01,276,304631,买盘,601611,2025-10-17 22:59:27
10:39:42,11.03,-0.01,107,118121,卖盘,601611,2025-10-17 22:59:27
10:39:45,11.04,0.01,248,273677,中性盘,601611,2025-10-17 22:59:27
10:39:48,11.04,0.0,23,25393,卖盘,601611,2025-10-17 22:59:27
10:39:51,11.04,0.0,364,401861,卖盘,601611,2025-10-17 22:59:27
10:39:54,11.04,0.0,17,18769,卖盘,601611,2025-10-17 22:59:27
10:39:57,11.05,0.01,86,94939,买盘,601611,2025-10-17 22:59:27
10:40:00,11.05,0.0,603,665025,买盘,601611,2025-10-17 22:59:27
10:40:03,11.05,0.0,30,33143,买盘,601611,2025-10-17 22:59:27
10:40:06,11.03,-0.02,11,12143,卖盘,601611,2025-10-17 22:59:27
10:40:09,11.04,0.01,6,6620,买盘,601611,2025-10-17 22:59:27
10:40:12,11.03,-0.01,14,15442,卖盘,601611,2025-10-17 22:59:27
10:40:15,11.03,0.0,10,11030,卖盘,601611,2025-10-17 22:59:27
10:40:18,11.04,0.01,349,385004,买盘,601611,2025-10-17 22:59:27
10:40:21,11.04,0.0,43,47472,卖盘,601611,2025-10-17 22:59:27
10:40:24,11.04,0.0,59,65141,卖盘,601611,2025-10-17 22:59:27
10:40:27,11.04,0.0,21,23184,卖盘,601611,2025-10-17 22:59:27
10:40:30,11.04,0.0,61,67303,买盘,601611,2025-10-17 22:59:27
10:40:33,11.03,-0.01,82,90460,卖盘,601611,2025-10-17 22:59:27
10:40:36,11.04,0.01,155,171120,买盘,601611,2025-10-17 22:59:27
10:40:39,11.04,0.0,12,13248,买盘,601611,2025-10-17 22:59:27
10:40:42,11.03,-0.01,280,308838,卖盘,601611,2025-10-17 22:59:27
10:40:45,11.03,0.0,510,563145,买盘,601611,2025-10-17 22:59:27
10:40:51,11.03,0.0,103,113640,卖盘,601611,2025-10-17 22:59:27
10:40:54,11.03,0.0,36,39737,卖盘,601611,2025-10-17 22:59:27
10:40:57,11.03,0.0,101,111410,卖盘,601611,2025-10-17 22:59:27
10:41:00,11.03,0.0,65,71695,买盘,601611,2025-10-17 22:59:27
10:41:03,11.03,0.0,113,124639,买盘,601611,2025-10-17 22:59:27
10:41:06,11.03,0.0,532,586622,卖盘,601611,2025-10-17 22:59:27
10:41:09,11.03,0.0,28,30873,卖盘,601611,2025-10-17 22:59:27
10:41:12,11.03,0.0,32,35296,买盘,601611,2025-10-17 22:59:27
10:41:15,11.03,0.0,128,141184,买盘,601611,2025-10-17 22:59:27
10:41:18,11.03,0.0,167,184122,买盘,601611,2025-10-17 22:59:27
10:41:21,11.04,0.01,30,33120,买盘,601611,2025-10-17 22:59:27
10:41:24,11.03,-0.01,115,126848,卖盘,601611,2025-10-17 22:59:27
10:41:27,11.03,0.0,188,207535,卖盘,601611,2025-10-17 22:59:27
10:41:30,11.03,0.0,93,102615,卖盘,601611,2025-10-17 22:59:27
10:41:33,11.03,0.0,518,571354,卖盘,601611,2025-10-17 22:59:27
10:41:36,11.02,-0.01,35,38596,卖盘,601611,2025-10-17 22:59:27
10:41:39,11.02,0.0,61,67251,卖盘,601611,2025-10-17 22:59:27
10:41:42,11.02,0.0,82,90419,卖盘,601611,2025-10-17 22:59:27
10:41:45,11.03,0.01,84,92651,买盘,601611,2025-10-17 22:59:27
10:41:48,11.02,-0.01,128,141116,卖盘,601611,2025-10-17 22:59:27
10:41:51,11.02,0.0,27,29763,卖盘,601611,2025-10-17 22:59:27
10:41:54,11.02,0.0,56,61731,卖盘,601611,2025-10-17 22:59:27
10:41:57,11.03,0.01,110,121231,买盘,601611,2025-10-17 22:59:27
10:42:00,11.03,0.0,2,2206,买盘,601611,2025-10-17 22:59:27
10:42:03,11.02,-0.01,373,410825,卖盘,601611,2025-10-17 22:59:27
10:42:06,11.02,0.0,64,70549,卖盘,601611,2025-10-17 22:59:27
10:42:09,11.02,0.0,77,84855,卖盘,601611,2025-10-17 22:59:27
10:42:12,11.02,0.0,154,169708,卖盘,601611,2025-10-17 22:59:27
10:42:15,11.02,0.0,157,172923,买盘,601611,2025-10-17 22:59:27
10:42:18,11.02,0.0,114,125619,买盘,601611,2025-10-17 22:59:27
10:42:21,11.01,-0.01,31,34132,卖盘,601611,2025-10-17 22:59:27
10:42:24,11.01,0.0,38,41848,卖盘,601611,2025-10-17 22:59:27
10:42:27,11.02,0.01,116,127768,买盘,601611,2025-10-17 22:59:27
10:42:30,11.02,0.0,103,113498,卖盘,601611,2025-10-17 22:59:27
10:42:33,11.02,0.0,101,111300,卖盘,601611,2025-10-17 22:59:27
10:42:36,11.01,-0.01,306,336975,卖盘,601611,2025-10-17 22:59:27
10:42:39,11.01,0.0,99,108999,卖盘,601611,2025-10-17 22:59:27
10:42:42,11.01,0.0,109,120012,卖盘,601611,2025-10-17 22:59:27
10:42:45,11.02,0.01,278,306169,买盘,601611,2025-10-17 22:59:27
10:42:48,11.01,-0.01,108,118908,卖盘,601611,2025-10-17 22:59:27
10:42:51,11.01,0.0,20,22025,卖盘,601611,2025-10-17 22:59:27
10:42:54,11.01,0.0,145,159645,卖盘,601611,2025-10-17 22:59:27
10:42:57,11.01,0.0,183,201484,卖盘,601611,2025-10-17 22:59:27
10:43:00,11.01,0.0,125,137651,卖盘,601611,2025-10-17 22:59:27
10:43:03,11.01,0.0,113,124434,卖盘,601611,2025-10-17 22:59:27
10:43:06,11.01,0.0,198,217999,卖盘,601611,2025-10-17 22:59:27
10:43:09,11.02,0.01,166,182682,买盘,601611,2025-10-17 22:59:27
10:43:12,11.01,-0.01,6,6606,买盘,601611,2025-10-17 22:59:27
10:43:15,11.02,0.01,87,95802,买盘,601611,2025-10-17 22:59:27
10:43:18,11.01,-0.01,93,102393,卖盘,601611,2025-10-17 22:59:27
10:43:21,11.01,0.0,245,269768,卖盘,601611,2025-10-17 22:59:27
10:43:24,11.01,0.0,99,109028,卖盘,601611,2025-10-17 22:59:27
10:43:27,11.02,0.01,341,375740,买盘,601611,2025-10-17 22:59:27
10:43:30,11.01,-0.01,49,53949,卖盘,601611,2025-10-17 22:59:27
10:43:33,11.01,0.0,7,7712,卖盘,601611,2025-10-17 22:59:27
10:43:36,11.01,0.0,40,44046,卖盘,601611,2025-10-17 22:59:27
10:43:39,11.02,0.01,2,2204,买盘,601611,2025-10-17 22:59:27
10:43:42,11.01,-0.01,3,3303,卖盘,601611,2025-10-17 22:59:27
10:43:45,11.01,0.0,33,36339,卖盘,601611,2025-10-17 22:59:27
10:43:48,11.01,0.0,64,70485,卖盘,601611,2025-10-17 22:59:27
10:43:51,11.01,0.0,215,236715,卖盘,601611,2025-10-17 22:59:27
10:43:54,11.02,0.01,327,360357,买盘,601611,2025-10-17 22:59:27
10:43:57,11.01,-0.01,210,231413,卖盘,601611,2025-10-17 22:59:27
10:44:00,11.02,0.01,26,28650,中性盘,601611,2025-10-17 22:59:27
10:44:03,11.02,0.0,74,81500,买盘,601611,2025-10-17 22:59:27
10:44:06,11.01,-0.01,26,28647,卖盘,601611,2025-10-17 22:59:27
10:44:09,11.02,0.01,35,38570,买盘,601611,2025-10-17 22:59:27
10:44:12,11.01,-0.01,5,5506,卖盘,601611,2025-10-17 22:59:27
10:44:15,11.02,0.01,187,205888,买盘,601611,2025-10-17 22:59:27
10:44:18,11.01,-0.01,481,529765,卖盘,601611,2025-10-17 22:59:27
10:44:21,11.01,0.0,973,1070952,卖盘,601611,2025-10-17 22:59:27
10:44:24,11.01,0.0,98,107898,买盘,601611,2025-10-17 22:59:27
10:44:27,11.01,0.0,77,84822,买盘,601611,2025-10-17 22:59:27
10:44:30,11.01,0.0,38,41838,卖盘,601611,2025-10-17 22:59:27
10:44:33,11.01,0.0,33,36361,卖盘,601611,2025-10-17 22:59:27
10:44:36,11.01,0.0,221,243340,卖盘,601611,2025-10-17 22:59:27
10:44:39,11.01,0.0,502,552647,卖盘,601611,2025-10-17 22:59:27
10:44:42,11.0,-0.01,25,27509,卖盘,601611,2025-10-17 22:59:27
10:44:45,11.0,0.0,52,57201,卖盘,601611,2025-10-17 22:59:27
10:44:48,11.01,0.01,182,200299,买盘,601611,2025-10-17 22:59:27
10:44:51,11.0,-0.01,191,210114,卖盘,601611,2025-10-17 22:59:27
10:44:54,11.0,0.0,3928,4320509,卖盘,601611,2025-10-17 22:59:27
10:44:57,11.0,0.0,127,139700,买盘,601611,2025-10-17 22:59:27
10:45:00,11.0,0.0,78,85735,买盘,601611,2025-10-17 22:59:27
10:45:03,11.0,0.0,188,206707,买盘,601611,2025-10-17 22:59:27
10:45:06,10.99,-0.01,44,48395,卖盘,601611,2025-10-17 22:59:27
10:45:09,10.99,0.0,36,39567,卖盘,601611,2025-10-17 22:59:27
10:45:12,10.99,0.0,296,325515,卖盘,601611,2025-10-17 22:59:27
10:45:15,11.0,0.01,125,137377,买盘,601611,2025-10-17 22:59:27
10:45:18,10.99,-0.01,171,187957,卖盘,601611,2025-10-17 22:59:27
10:45:21,11.0,0.01,17,18695,买盘,601611,2025-10-17 22:59:27
10:45:24,11.0,0.0,63,69239,买盘,601611,2025-10-17 22:59:27
10:45:27,10.99,-0.01,38,41797,卖盘,601611,2025-10-17 22:59:27
10:45:30,10.99,0.0,79,86826,卖盘,601611,2025-10-17 22:59:27
10:45:33,11.0,0.01,1635,1799211,买盘,601611,2025-10-17 22:59:27
10:45:36,11.0,0.0,25,27506,卖盘,601611,2025-10-17 22:59:27
10:45:39,11.0,0.0,71,78101,卖盘,601611,2025-10-17 22:59:27
10:45:42,11.0,0.0,79,86917,卖盘,601611,2025-10-17 22:59:27
10:45:45,11.0,0.0,232,255296,卖盘,601611,2025-10-17 22:59:27
10:45:48,11.01,0.01,7,7707,中性盘,601611,2025-10-17 22:59:27
10:45:51,11.01,0.0,79,86979,卖盘,601611,2025-10-17 22:59:27
10:45:54,11.02,0.01,40,44068,买盘,601611,2025-10-17 22:59:27
10:45:57,11.01,-0.01,27,29733,卖盘,601611,2025-10-17 22:59:27
10:46:00,11.01,0.0,129,142038,卖盘,601611,2025-10-17 22:59:27
10:46:03,11.01,0.0,123,135421,中性盘,601611,2025-10-17 22:59:27
10:46:06,11.01,0.0,16,17616,卖盘,601611,2025-10-17 22:59:27
10:46:09,11.01,0.0,105,115605,卖盘,601611,2025-10-17 22:59:27
10:46:12,11.0,-0.01,12,13210,卖盘,601611,2025-10-17 22:59:27
10:46:15,11.02,0.02,29,31931,买盘,601611,2025-10-17 22:59:27
10:46:18,11.01,-0.01,93,102393,卖盘,601611,2025-10-17 22:59:27
10:46:21,11.01,0.0,41,45176,卖盘,601611,2025-10-17 22:59:27
10:46:24,11.01,0.0,51,56190,卖盘,601611,2025-10-17 22:59:27
10:46:27,11.01,0.0,263,289573,卖盘,601611,2025-10-17 22:59:27
10:46:30,11.02,0.01,19,20921,买盘,601611,2025-10-17 22:59:27
10:46:33,11.0,-0.02,9,9900,卖盘,601611,2025-10-17 22:59:27
10:46:36,11.01,0.01,107,117728,买盘,601611,2025-10-17 22:59:27
10:46:42,11.01,0.0,70,77067,卖盘,601611,2025-10-17 22:59:27
10:46:45,11.02,0.01,145,159670,买盘,601611,2025-10-17 22:59:27
10:46:48,11.0,-0.02,163,179364,卖盘,601611,2025-10-17 22:59:27
10:46:51,11.01,0.01,67,73769,买盘,601611,2025-10-17 22:59:27
10:46:54,11.01,0.0,197,216786,买盘,601611,2025-10-17 22:59:27
10:46:57,11.02,0.01,589,649077,买盘,601611,2025-10-17 22:59:27
10:47:00,11.03,0.01,215,237130,买盘,601611,2025-10-17 22:59:27
10:47:03,11.02,-0.01,150,165305,卖盘,601611,2025-10-17 22:59:27
10:47:06,11.02,0.0,21,23142,卖盘,601611,2025-10-17 22:59:27
10:47:09,11.02,0.0,132,145472,卖盘,601611,2025-10-17 22:59:27
10:47:12,11.03,0.01,64,70549,买盘,601611,2025-10-17 22:59:27
10:47:15,11.02,-0.01,27,29760,中性盘,601611,2025-10-17 22:59:27
10:47:18,11.02,0.0,54,59509,卖盘,601611,2025-10-17 22:59:27
10:47:21,11.02,0.0,161,177442,卖盘,601611,2025-10-17 22:59:27
10:47:24,11.03,0.01,169,186271,买盘,601611,2025-10-17 22:59:27
10:47:27,11.02,-0.01,3,3305,中性盘,601611,2025-10-17 22:59:27
10:47:30,11.02,0.0,548,603450,买盘,601611,2025-10-17 22:59:27
10:47:33,11.02,0.0,73,80406,买盘,601611,2025-10-17 22:59:27
10:47:36,11.02,0.0,53,58411,买盘,601611,2025-10-17 22:59:27
10:47:39,11.02,0.0,16,17632,卖盘,601611,2025-10-17 22:59:27
10:47:42,11.02,0.0,13,14332,卖盘,601611,2025-10-17 22:59:27
10:47:45,11.03,0.01,11,12133,买盘,601611,2025-10-17 22:59:27
10:47:48,11.03,0.0,15,16531,买盘,601611,2025-10-17 22:59:27
10:47:51,11.02,-0.01,14,15428,卖盘,601611,2025-10-17 22:59:27
10:47:54,11.02,0.0,1388,1527757,卖盘,601611,2025-10-17 22:59:27
10:47:57,11.01,-0.01,29,31952,卖盘,601611,2025-10-17 22:59:27
10:48:00,11.02,0.01,469,516781,买盘,601611,2025-10-17 22:59:27
10:48:06,11.03,0.01,4,4412,买盘,601611,2025-10-17 22:59:27
10:48:09,11.02,-0.01,55,60663,卖盘,601611,2025-10-17 22:59:27
10:48:12,11.02,0.0,209,230423,卖盘,601611,2025-10-17 22:59:27
10:48:15,11.03,0.01,169,186377,买盘,601611,2025-10-17 22:59:27
10:48:18,11.02,-0.01,22,24244,卖盘,601611,2025-10-17 22:59:27
10:48:21,11.02,0.0,15,16544,卖盘,601611,2025-10-17 22:59:27
10:48:24,11.03,0.01,308,339624,买盘,601611,2025-10-17 22:59:27
10:48:27,11.02,-0.01,133,146674,卖盘,601611,2025-10-17 22:59:27
10:48:30,11.02,0.0,19,20938,卖盘,601611,2025-10-17 22:59:27
10:48:33,11.02,0.0,3,3306,买盘,601611,2025-10-17 22:59:27
10:48:36,11.03,0.01,31,34174,买盘,601611,2025-10-17 22:59:27
10:48:39,11.02,-0.01,42,46310,卖盘,601611,2025-10-17 22:59:27
10:48:42,11.02,0.0,37,40778,卖盘,601611,2025-10-17 22:59:27
10:48:45,11.02,0.0,39,42988,卖盘,601611,2025-10-17 22:59:27
10:48:48,11.02,0.0,39,42988,卖盘,601611,2025-10-17 22:59:27
10:48:51,11.02,0.0,59,65025,卖盘,601611,2025-10-17 22:59:27
10:48:54,11.02,0.0,204,224913,卖盘,601611,2025-10-17 22:59:27
10:48:57,11.03,0.01,41,45221,买盘,601611,2025-10-17 22:59:27
10:49:00,11.03,0.0,224,247072,买盘,601611,2025-10-17 22:59:27
10:49:03,11.03,0.0,6,6613,买盘,601611,2025-10-17 22:59:27
10:49:06,11.03,0.0,139,153299,买盘,601611,2025-10-17 22:59:27
10:49:09,11.02,-0.01,70,77141,卖盘,601611,2025-10-17 22:59:27
10:49:12,11.02,0.0,50,55099,买盘,601611,2025-10-17 22:59:27
10:49:15,11.02,0.0,18,19836,买盘,601611,2025-10-17 22:59:27
10:49:18,11.02,0.0,51,56166,买盘,601611,2025-10-17 22:59:27
10:49:21,11.01,-0.01,20,22033,卖盘,601611,2025-10-17 22:59:27
10:49:24,11.02,0.01,90,99199,卖盘,601611,2025-10-17 22:59:27
10:49:27,11.02,0.0,10,11020,卖盘,601611,2025-10-17 22:59:27
10:49:30,11.02,0.0,34,37468,卖盘,601611,2025-10-17 22:59:27
10:49:33,11.01,-0.01,17,18717,卖盘,601611,2025-10-17 22:59:27
10:49:36,11.02,0.01,71,78205,买盘,601611,2025-10-17 22:59:27
10:49:39,11.02,0.0,24,26436,买盘,601611,2025-10-17 22:59:27
10:49:42,11.01,-0.01,18,19820,卖盘,601611,2025-10-17 22:59:27
10:49:45,11.02,0.01,102,112404,买盘,601611,2025-10-17 22:59:27
10:49:48,11.01,-0.01,50,55050,卖盘,601611,2025-10-17 22:59:27
10:49:54,11.01,0.0,37,40738,卖盘,601611,2025-10-17 22:59:27
10:49:57,11.02,0.01,16,17624,买盘,601611,2025-10-17 22:59:27
10:50:00,11.02,0.0,172,189474,买盘,601611,2025-10-17 22:59:27
10:50:03,11.02,0.0,28,30835,买盘,601611,2025-10-17 22:59:27
10:50:06,11.01,-0.01,15,16520,卖盘,601611,2025-10-17 22:59:27
10:50:09,11.02,0.01,37,40773,买盘,601611,2025-10-17 22:59:27
10:50:12,11.01,-0.01,180,198197,卖盘,601611,2025-10-17 22:59:27
10:50:15,11.01,0.0,294,323696,卖盘,601611,2025-10-17 22:59:27
10:50:18,11.01,0.0,1089,1197584,买盘,601611,2025-10-17 22:59:27
10:50:21,11.0,-0.01,33,36328,卖盘,601611,2025-10-17 22:59:27
10:50:24,11.0,0.0,107,117597,买盘,601611,2025-10-17 22:59:27
10:50:27,11.0,0.0,41,45100,买盘,601611,2025-10-17 22:59:27
10:50:30,10.99,-0.01,86,94557,卖盘,601611,2025-10-17 22:59:27
10:50:33,11.0,0.01,24,26414,中性盘,601611,2025-10-17 22:59:27
10:50:36,11.0,0.0,110,120946,买盘,601611,2025-10-17 22:59:27
10:50:39,10.99,-0.01,135,148379,卖盘,601611,2025-10-17 22:59:27
10:50:42,10.99,0.0,65,71476,卖盘,601611,2025-10-17 22:59:27
10:50:45,10.99,0.0,469,515461,卖盘,601611,2025-10-17 22:59:27
10:50:48,10.99,0.0,28,30791,卖盘,601611,2025-10-17 22:59:27
10:50:51,10.99,0.0,381,418719,卖盘,601611,2025-10-17 22:59:27
10:50:54,10.98,-0.01,188,206609,卖盘,601611,2025-10-17 22:59:27
10:50:57,10.99,0.01,13,14287,买盘,601611,2025-10-17 22:59:27
10:51:00,10.98,-0.01,286,314030,卖盘,601611,2025-10-17 22:59:27
10:51:03,10.99,0.01,73,80177,买盘,601611,2025-10-17 22:59:27
10:51:06,10.98,-0.01,747,820206,卖盘,601611,2025-10-17 22:59:27
10:51:09,10.98,0.0,254,278884,卖盘,601611,2025-10-17 22:59:27
10:51:12,10.97,-0.01,2406,2639394,卖盘,601611,2025-10-17 22:59:27
10:51:15,10.96,-0.01,55,60307,卖盘,601611,2025-10-17 22:59:27
10:51:18,10.95,-0.01,866,948797,卖盘,601611,2025-10-17 22:59:27
10:51:21,10.96,0.01,144,157705,买盘,601611,2025-10-17 22:59:27
10:51:24,10.96,0.0,230,252080,买盘,601611,2025-10-17 22:59:27
10:51:27,10.95,-0.01,261,286012,卖盘,601611,2025-10-17 22:59:27
10:51:30,10.95,0.0,58,63541,卖盘,601611,2025-10-17 22:59:27
10:51:33,10.95,0.0,392,429274,卖盘,601611,2025-10-17 22:59:27
10:51:36,10.95,0.0,124,135780,卖盘,601611,2025-10-17 22:59:27
10:51:39,10.94,-0.01,485,531065,卖盘,601611,2025-10-17 22:59:27
10:51:42,10.96,0.02,1295,1419248,买盘,601611,2025-10-17 22:59:27
10:51:45,10.96,0.0,108,118322,卖盘,601611,2025-10-17 22:59:27
10:51:48,10.96,0.0,336,368197,中性盘,601611,2025-10-17 22:59:27
10:51:51,10.96,0.0,325,356003,买盘,601611,2025-10-17 22:59:27
10:51:54,10.96,0.0,1649,1805727,买盘,601611,2025-10-17 22:59:27
10:51:57,10.95,-0.01,75,82212,卖盘,601611,2025-10-17 22:59:27
10:52:00,10.95,0.0,75,82212,卖盘,601611,2025-10-17 22:59:27
10:52:03,10.96,0.01,2162,2366375,买盘,601611,2025-10-17 22:59:27
10:52:06,10.96,0.0,43,47105,买盘,601611,2025-10-17 22:59:27
10:52:09,10.96,0.0,110,120540,买盘,601611,2025-10-17 22:59:27
10:52:12,10.96,0.0,132,144636,买盘,601611,2025-10-17 22:59:27
10:52:15,10.97,0.01,400,438390,买盘,601611,2025-10-17 22:59:27
10:52:18,10.97,0.0,5,5488,卖盘,601611,2025-10-17 22:59:27
10:52:21,10.97,0.0,140,153704,卖盘,601611,2025-10-17 22:59:27
10:52:24,10.97,0.0,207,227118,卖盘,601611,2025-10-17 22:59:27
10:52:27,10.98,0.01,61,66978,卖盘,601611,2025-10-17 22:59:27
10:52:30,10.98,0.0,16,17883,卖盘,601611,2025-10-17 22:59:27
10:52:33,10.99,0.01,21,23063,买盘,601611,2025-10-17 22:59:27
10:52:36,10.99,0.0,118,129604,买盘,601611,2025-10-17 22:59:27
10:52:39,10.98,-0.01,68,74670,卖盘,601611,2025-10-17 22:59:27
10:52:42,10.99,0.01,142,156058,买盘,601611,2025-10-17 22:59:27
10:52:45,10.98,-0.01,46,50508,卖盘,601611,2025-10-17 22:59:27
10:52:48,10.98,0.0,604,663714,卖盘,601611,2025-10-17 22:59:27
