时间,成交价,价格变动,成交量,成交额,买卖盘性质,股票代码,采集时间
09:25:01,9.59,0.0,10244,9823996,卖盘,601727,2025-10-17 22:54:21
09:30:01,9.59,0.0,273,261572,买盘,601727,2025-10-17 22:54:21
09:30:04,9.58,-0.01,2127,2035503,卖盘,601727,2025-10-17 22:54:21
09:30:07,9.55,-0.03,1745,1670010,卖盘,601727,2025-10-17 22:54:21
09:30:10,9.56,0.01,1336,1277920,中性盘,601727,2025-10-17 22:54:21
09:30:13,9.57,0.01,2238,2140400,买盘,601727,2025-10-17 22:54:21
09:30:16,9.55,-0.02,3016,2886213,卖盘,601727,2025-10-17 22:54:21
09:30:19,9.55,0.0,3356,3208248,卖盘,601727,2025-10-17 22:54:21
09:30:23,9.55,0.0,3508,3351046,买盘,601727,2025-10-17 22:54:21
09:30:25,9.55,0.0,6050,5772752,买盘,601727,2025-10-17 22:54:21
09:30:28,9.55,0.0,2122,2028107,买盘,601727,2025-10-17 22:54:21
09:30:31,9.54,-0.01,4037,3856154,卖盘,601727,2025-10-17 22:54:21
09:30:34,9.54,0.0,2231,2127688,买盘,601727,2025-10-17 22:54:21
09:30:37,9.54,0.0,2283,2178559,买盘,601727,2025-10-17 22:54:21
09:30:40,9.53,-0.01,3035,2893182,卖盘,601727,2025-10-17 22:54:21
09:30:43,9.53,0.0,3209,3058292,卖盘,601727,2025-10-17 22:54:21
09:30:47,9.52,-0.01,1360,1295202,卖盘,601727,2025-10-17 22:54:21
09:30:49,9.52,0.0,5677,5408312,卖盘,601727,2025-10-17 22:54:21
09:30:53,9.51,-0.01,4549,4330273,卖盘,601727,2025-10-17 22:54:21
09:30:55,9.51,0.0,3089,2938702,卖盘,601727,2025-10-17 22:54:21
09:30:58,9.51,0.0,6593,6273859,卖盘,601727,2025-10-17 22:54:21
09:31:01,9.51,0.0,3736,3553911,卖盘,601727,2025-10-17 22:54:21
09:31:04,9.51,0.0,2134,2028568,买盘,601727,2025-10-17 22:54:21
09:31:08,9.51,0.0,6759,6429926,买盘,601727,2025-10-17 22:54:21
09:31:10,9.52,0.01,3465,3300014,买盘,601727,2025-10-17 22:54:21
09:31:14,9.51,-0.01,3083,2934694,卖盘,601727,2025-10-17 22:54:21
09:31:17,9.52,0.01,3468,3301562,中性盘,601727,2025-10-17 22:54:21
09:31:19,9.52,0.0,4968,4730037,买盘,601727,2025-10-17 22:54:21
09:31:23,9.52,0.0,2987,2846306,卖盘,601727,2025-10-17 22:54:21
09:31:25,9.52,0.0,3086,2939893,卖盘,601727,2025-10-17 22:54:21
09:31:28,9.54,0.02,2182,2079380,买盘,601727,2025-10-17 22:54:21
09:31:31,9.53,-0.01,2375,2266507,卖盘,601727,2025-10-17 22:54:21
09:31:34,9.54,0.01,1568,1495868,买盘,601727,2025-10-17 22:54:21
09:31:37,9.54,0.0,6950,6646967,买盘,601727,2025-10-17 22:54:21
09:31:41,9.56,0.02,1668,1592785,买盘,601727,2025-10-17 22:54:21
09:31:43,9.56,0.0,4312,4127847,卖盘,601727,2025-10-17 22:54:21
09:31:47,9.58,0.02,5498,5266163,买盘,601727,2025-10-17 22:54:21
09:31:49,9.59,0.01,3189,3057348,买盘,601727,2025-10-17 22:54:21
09:31:52,9.6,0.01,6250,5997833,买盘,601727,2025-10-17 22:54:21
09:31:55,9.61,0.01,1435,1377918,买盘,601727,2025-10-17 22:54:21
09:31:58,9.6,-0.01,1652,1586771,卖盘,601727,2025-10-17 22:54:21
09:32:01,9.61,0.01,3172,3043876,买盘,601727,2025-10-17 22:54:21
09:32:04,9.59,-0.02,2809,2696011,卖盘,601727,2025-10-17 22:54:21
09:32:07,9.58,-0.01,1766,1692767,卖盘,601727,2025-10-17 22:54:21
09:32:10,9.58,0.0,935,896659,卖盘,601727,2025-10-17 22:54:21
09:32:13,9.58,0.0,1528,1463306,买盘,601727,2025-10-17 22:54:21
09:32:17,9.58,0.0,765,732903,买盘,601727,2025-10-17 22:54:21
09:32:19,9.59,0.01,1146,1098275,买盘,601727,2025-10-17 22:54:21
09:32:23,9.58,-0.01,1208,1158190,卖盘,601727,2025-10-17 22:54:21
09:32:25,9.59,0.01,1839,1762741,买盘,601727,2025-10-17 22:54:21
09:32:28,9.59,0.0,1417,1358663,卖盘,601727,2025-10-17 22:54:21
09:32:31,9.59,0.0,1514,1451673,中性盘,601727,2025-10-17 22:54:21
09:32:34,9.58,-0.01,2366,2268114,卖盘,601727,2025-10-17 22:54:21
09:32:37,9.59,0.01,682,653673,买盘,601727,2025-10-17 22:54:21
09:32:40,9.58,-0.01,1345,1288936,卖盘,601727,2025-10-17 22:54:21
09:32:43,9.58,0.0,1736,1663561,卖盘,601727,2025-10-17 22:54:21
09:32:46,9.58,0.0,588,563150,卖盘,601727,2025-10-17 22:54:21
09:32:49,9.57,-0.01,394,377362,卖盘,601727,2025-10-17 22:54:21
09:32:52,9.57,0.0,892,853892,卖盘,601727,2025-10-17 22:54:21
09:32:55,9.57,0.0,632,604706,买盘,601727,2025-10-17 22:54:21
09:32:58,9.57,0.0,1181,1129692,买盘,601727,2025-10-17 22:54:21
09:33:01,9.57,0.0,1465,1401728,买盘,601727,2025-10-17 22:54:21
09:33:04,9.57,0.0,1191,1139983,卖盘,601727,2025-10-17 22:54:21
09:33:07,9.57,0.0,1820,1741922,卖盘,601727,2025-10-17 22:54:21
09:33:10,9.57,0.0,988,945574,买盘,601727,2025-10-17 22:54:21
09:33:13,9.57,0.0,3827,3663886,卖盘,601727,2025-10-17 22:54:21
09:33:16,9.57,0.0,2512,2404174,买盘,601727,2025-10-17 22:54:21
09:33:19,9.56,-0.01,1847,1766575,卖盘,601727,2025-10-17 22:54:21
09:33:23,9.56,0.0,956,914086,卖盘,601727,2025-10-17 22:54:21
09:33:25,9.56,0.0,1416,1352833,卖盘,601727,2025-10-17 22:54:21
09:33:28,9.55,-0.01,1372,1310415,卖盘,601727,2025-10-17 22:54:21
09:33:31,9.55,0.0,147,140377,买盘,601727,2025-10-17 22:54:21
09:33:34,9.54,-0.01,418,398971,卖盘,601727,2025-10-17 22:54:21
09:33:37,9.55,0.01,1099,1048767,买盘,601727,2025-10-17 22:54:21
09:33:40,9.54,-0.01,2226,2123887,卖盘,601727,2025-10-17 22:54:21
09:33:43,9.54,0.0,6904,6586724,买盘,601727,2025-10-17 22:54:21
09:33:46,9.55,0.01,2558,2440524,买盘,601727,2025-10-17 22:54:21
09:33:49,9.54,-0.01,2655,2531844,中性盘,601727,2025-10-17 22:54:21
09:33:52,9.55,0.01,1453,1387231,买盘,601727,2025-10-17 22:54:21
09:33:55,9.55,0.0,3440,3284833,买盘,601727,2025-10-17 22:54:21
09:33:58,9.55,0.0,1148,1095838,卖盘,601727,2025-10-17 22:54:21
09:34:01,9.54,-0.01,1081,1032006,卖盘,601727,2025-10-17 22:54:21
09:34:04,9.54,0.0,516,492661,卖盘,601727,2025-10-17 22:54:21
09:34:07,9.55,0.01,1111,1060460,买盘,601727,2025-10-17 22:54:21
09:34:10,9.55,0.0,1681,1603978,买盘,601727,2025-10-17 22:54:21
09:34:13,9.54,-0.01,1523,1453420,卖盘,601727,2025-10-17 22:54:21
09:34:16,9.54,0.0,861,821689,卖盘,601727,2025-10-17 22:54:21
09:34:19,9.55,0.01,3016,2878779,买盘,601727,2025-10-17 22:54:21
09:34:22,9.55,0.0,884,843828,卖盘,601727,2025-10-17 22:54:21
09:34:25,9.56,0.01,6085,5806915,买盘,601727,2025-10-17 22:54:21
09:34:28,9.56,0.0,4930,4711301,买盘,601727,2025-10-17 22:54:21
09:34:31,9.56,0.0,415,396881,卖盘,601727,2025-10-17 22:54:21
09:34:34,9.56,0.0,1440,1376833,卖盘,601727,2025-10-17 22:54:21
09:34:37,9.58,0.02,645,616949,买盘,601727,2025-10-17 22:54:21
09:34:40,9.56,-0.02,591,565271,卖盘,601727,2025-10-17 22:54:21
09:34:43,9.57,0.01,401,383887,买盘,601727,2025-10-17 22:54:21
09:34:46,9.56,-0.01,355,339604,卖盘,601727,2025-10-17 22:54:21
09:34:49,9.57,0.01,1835,1756080,买盘,601727,2025-10-17 22:54:21
09:34:52,9.57,0.0,759,725997,买盘,601727,2025-10-17 22:54:21
09:34:55,9.57,0.0,1567,1499590,买盘,601727,2025-10-17 22:54:21
09:34:58,9.57,0.0,600,574154,卖盘,601727,2025-10-17 22:54:21
09:35:02,9.57,0.0,1243,1189227,卖盘,601727,2025-10-17 22:54:21
09:35:04,9.57,0.0,1541,1474807,买盘,601727,2025-10-17 22:54:21
09:35:07,9.57,0.0,1024,979588,卖盘,601727,2025-10-17 22:54:21
09:35:10,9.56,-0.01,3671,3508744,卖盘,601727,2025-10-17 22:54:21
09:35:13,9.56,0.0,866,827879,买盘,601727,2025-10-17 22:54:21
09:35:16,9.56,0.0,1974,1885791,买盘,601727,2025-10-17 22:54:21
09:35:19,9.56,0.0,1684,1608726,买盘,601727,2025-10-17 22:54:21
09:35:22,9.55,-0.01,2262,2160513,卖盘,601727,2025-10-17 22:54:21
09:35:25,9.55,0.0,631,602550,买盘,601727,2025-10-17 22:54:21
09:35:28,9.55,0.0,348,332147,买盘,601727,2025-10-17 22:54:21
09:35:32,9.55,0.0,1001,955678,买盘,601727,2025-10-17 22:54:21
09:35:35,9.55,0.0,1537,1467324,买盘,601727,2025-10-17 22:54:21
09:35:37,9.56,0.01,1956,1868189,买盘,601727,2025-10-17 22:54:21
09:35:40,9.55,-0.01,1975,1885659,卖盘,601727,2025-10-17 22:54:21
09:35:43,9.55,0.0,535,510998,卖盘,601727,2025-10-17 22:54:21
09:35:46,9.55,0.0,588,561218,买盘,601727,2025-10-17 22:54:21
09:35:49,9.54,-0.01,1122,1070575,卖盘,601727,2025-10-17 22:54:21
09:35:52,9.55,0.01,612,584084,买盘,601727,2025-10-17 22:54:21
09:35:55,9.54,-0.01,702,670071,卖盘,601727,2025-10-17 22:54:21
09:35:58,9.54,0.0,1614,1539906,卖盘,601727,2025-10-17 22:54:21
09:36:01,9.54,0.0,1406,1341390,卖盘,601727,2025-10-17 22:54:21
09:36:04,9.56,0.02,9572,9145524,买盘,601727,2025-10-17 22:54:21
09:36:07,9.55,-0.01,1236,1181230,卖盘,601727,2025-10-17 22:54:21
09:36:10,9.55,0.0,223,213079,卖盘,601727,2025-10-17 22:54:21
09:36:14,9.55,0.0,993,948962,卖盘,601727,2025-10-17 22:54:21
09:36:17,9.55,0.0,879,839110,卖盘,601727,2025-10-17 22:54:21
09:36:19,9.55,0.0,466,444903,买盘,601727,2025-10-17 22:54:21
09:36:23,9.54,-0.01,780,744764,卖盘,601727,2025-10-17 22:54:21
09:36:25,9.54,0.0,811,773853,卖盘,601727,2025-10-17 22:54:21
09:36:29,9.55,0.01,873,833011,买盘,601727,2025-10-17 22:54:21
09:36:31,9.54,-0.01,1370,1307205,卖盘,601727,2025-10-17 22:54:21
09:36:34,9.54,0.0,531,506713,卖盘,601727,2025-10-17 22:54:21
09:36:37,9.54,0.0,1128,1076221,卖盘,601727,2025-10-17 22:54:21
09:36:40,9.54,0.0,2776,2648232,卖盘,601727,2025-10-17 22:54:21
09:36:43,9.54,0.0,1067,1017990,买盘,601727,2025-10-17 22:54:21
09:36:46,9.55,0.01,1082,1032071,买盘,601727,2025-10-17 22:54:21
09:36:49,9.55,0.0,943,899685,买盘,601727,2025-10-17 22:54:21
09:36:52,9.54,-0.01,1414,1349022,卖盘,601727,2025-10-17 22:54:21
09:36:55,9.54,0.0,731,697417,卖盘,601727,2025-10-17 22:54:21
09:36:58,9.54,0.0,1662,1585850,卖盘,601727,2025-10-17 22:54:21
09:37:01,9.54,0.0,1772,1690896,卖盘,601727,2025-10-17 22:54:21
09:37:04,9.54,0.0,1576,1503725,卖盘,601727,2025-10-17 22:54:21
09:37:07,9.54,0.0,1111,1059792,买盘,601727,2025-10-17 22:54:21
09:37:11,9.54,0.0,1371,1307255,买盘,601727,2025-10-17 22:54:21
09:37:13,9.53,-0.01,4506,4296600,卖盘,601727,2025-10-17 22:54:21
09:37:17,9.56,0.03,6670,6368991,买盘,601727,2025-10-17 22:54:21
09:37:19,9.55,-0.01,1516,1448326,卖盘,601727,2025-10-17 22:54:21
09:37:22,9.55,0.0,1018,972413,卖盘,601727,2025-10-17 22:54:21
09:37:25,9.55,0.0,975,931269,卖盘,601727,2025-10-17 22:54:21
09:37:28,9.55,0.0,823,786048,卖盘,601727,2025-10-17 22:54:21
09:37:32,9.56,0.01,3639,3478889,买盘,601727,2025-10-17 22:54:21
09:37:34,9.56,0.0,1522,1455635,卖盘,601727,2025-10-17 22:54:21
09:37:37,9.57,0.01,1137,1087073,中性盘,601727,2025-10-17 22:54:21
09:37:41,9.58,0.01,272,260318,买盘,601727,2025-10-17 22:54:21
09:37:43,9.58,0.0,1798,1722313,买盘,601727,2025-10-17 22:54:21
09:37:47,9.58,0.0,2443,2339467,卖盘,601727,2025-10-17 22:54:21
09:37:49,9.58,0.0,312,298981,卖盘,601727,2025-10-17 22:54:21
09:37:52,9.58,0.0,643,616218,卖盘,601727,2025-10-17 22:54:21
09:37:55,9.59,0.01,724,693783,买盘,601727,2025-10-17 22:54:21
09:37:58,9.58,-0.01,701,671864,卖盘,601727,2025-10-17 22:54:21
09:38:01,9.57,-0.01,1253,1200764,卖盘,601727,2025-10-17 22:54:21
09:38:04,9.58,0.01,591,565976,买盘,601727,2025-10-17 22:54:21
09:38:07,9.57,-0.01,843,806773,卖盘,601727,2025-10-17 22:54:21
09:38:10,9.56,-0.01,741,708816,卖盘,601727,2025-10-17 22:54:21
09:38:13,9.56,0.0,1081,1033442,卖盘,601727,2025-10-17 22:54:21
09:38:16,9.56,0.0,1540,1472492,买盘,601727,2025-10-17 22:54:21
09:38:19,9.56,0.0,983,939344,买盘,601727,2025-10-17 22:54:21
09:38:22,9.56,0.0,652,622978,买盘,601727,2025-10-17 22:54:21
09:38:26,9.56,0.0,392,374629,买盘,601727,2025-10-17 22:54:21
09:38:28,9.55,-0.01,2149,2052329,卖盘,601727,2025-10-17 22:54:21
09:38:31,9.55,0.0,709,676982,买盘,601727,2025-10-17 22:54:21
09:38:34,9.54,-0.01,644,614615,卖盘,601727,2025-10-17 22:54:21
09:38:37,9.54,0.0,636,607218,卖盘,601727,2025-10-17 22:54:21
09:38:40,9.54,0.0,2724,2598668,卖盘,601727,2025-10-17 22:54:21
09:38:43,9.53,-0.01,4650,4431549,卖盘,601727,2025-10-17 22:54:21
09:38:46,9.53,0.0,874,832920,买盘,601727,2025-10-17 22:54:21
09:38:49,9.53,0.0,553,526715,买盘,601727,2025-10-17 22:54:21
09:38:52,9.52,-0.01,675,642965,卖盘,601727,2025-10-17 22:54:21
09:38:55,9.52,0.0,1767,1682815,卖盘,601727,2025-10-17 22:54:21
09:38:58,9.52,0.0,1726,1643795,卖盘,601727,2025-10-17 22:54:21
09:39:02,9.52,0.0,7774,7398088,卖盘,601727,2025-10-17 22:54:21
09:39:05,9.51,-0.01,8955,8515644,卖盘,601727,2025-10-17 22:54:21
09:39:07,9.5,-0.01,1076,1023014,卖盘,601727,2025-10-17 22:54:21
09:39:11,9.5,0.0,3278,3116085,卖盘,601727,2025-10-17 22:54:21
09:39:13,9.51,0.01,2355,2238098,买盘,601727,2025-10-17 22:54:21
09:39:16,9.51,0.0,1845,1753529,卖盘,601727,2025-10-17 22:54:21
09:39:19,9.51,0.0,1512,1437441,卖盘,601727,2025-10-17 22:54:21
09:39:23,9.51,0.0,1221,1160836,买盘,601727,2025-10-17 22:54:21
09:39:25,9.5,-0.01,2149,2042384,卖盘,601727,2025-10-17 22:54:21
09:39:28,9.5,0.0,2970,2821799,卖盘,601727,2025-10-17 22:54:21
09:39:32,9.5,0.0,2080,1976453,卖盘,601727,2025-10-17 22:54:21
09:39:35,9.5,0.0,3196,3037389,卖盘,601727,2025-10-17 22:54:21
09:39:38,9.5,0.0,3892,3698326,卖盘,601727,2025-10-17 22:54:21
09:39:41,9.51,0.01,2281,2167326,中性盘,601727,2025-10-17 22:54:21
09:39:43,9.5,-0.01,2915,2769993,卖盘,601727,2025-10-17 22:54:21
09:39:47,9.5,0.0,2729,2592995,卖盘,601727,2025-10-17 22:54:21
09:39:49,9.49,-0.01,11425,10848989,卖盘,601727,2025-10-17 22:54:21
09:39:52,9.49,0.0,886,840720,买盘,601727,2025-10-17 22:54:21
09:39:55,9.49,0.0,3172,3007690,买盘,601727,2025-10-17 22:54:21
09:39:58,9.48,-0.01,1256,1190961,卖盘,601727,2025-10-17 22:54:21
09:40:01,9.48,0.0,10896,10329797,卖盘,601727,2025-10-17 22:54:21
09:40:04,9.47,-0.01,1596,1512338,卖盘,601727,2025-10-17 22:54:21
09:40:07,9.47,0.0,2228,2109897,卖盘,601727,2025-10-17 22:54:21
09:40:11,9.46,-0.01,953,902116,卖盘,601727,2025-10-17 22:54:21
09:40:13,9.47,0.01,1803,1706175,买盘,601727,2025-10-17 22:54:21
09:40:16,9.47,0.0,5766,5456025,买盘,601727,2025-10-17 22:54:21
09:40:19,9.46,-0.01,4765,4510130,卖盘,601727,2025-10-17 22:54:21
09:40:22,9.46,0.0,2780,2629776,买盘,601727,2025-10-17 22:54:21
09:40:25,9.47,0.01,3987,3771629,买盘,601727,2025-10-17 22:54:21
09:40:28,9.46,-0.01,3000,2838645,卖盘,601727,2025-10-17 22:54:21
09:40:31,9.46,0.0,3100,2933924,卖盘,601727,2025-10-17 22:54:21
09:40:34,9.46,0.0,4095,3873868,卖盘,601727,2025-10-17 22:54:21
09:40:37,9.45,-0.01,1378,1303355,卖盘,601727,2025-10-17 22:54:21
09:40:40,9.45,0.0,2016,1906122,卖盘,601727,2025-10-17 22:54:21
09:40:43,9.46,0.01,2969,2806418,买盘,601727,2025-10-17 22:54:21
09:40:46,9.46,0.0,4430,4186654,买盘,601727,2025-10-17 22:54:21
09:40:49,9.45,-0.01,4292,4055766,卖盘,601727,2025-10-17 22:54:21
09:40:52,9.45,0.0,3517,3323763,买盘,601727,2025-10-17 22:54:21
09:40:55,9.45,0.0,1674,1582008,卖盘,601727,2025-10-17 22:54:21
09:40:58,9.45,0.0,2918,2756619,卖盘,601727,2025-10-17 22:54:21
09:41:01,9.45,0.0,1690,1596055,买盘,601727,2025-10-17 22:54:21
09:41:04,9.45,0.0,3282,3099691,买盘,601727,2025-10-17 22:54:21
09:41:08,9.44,-0.01,4919,4642426,卖盘,601727,2025-10-17 22:54:21
09:41:10,9.44,0.0,2429,2293357,卖盘,601727,2025-10-17 22:54:21
09:41:13,9.43,-0.01,2723,2570261,卖盘,601727,2025-10-17 22:54:21
09:41:16,9.44,0.01,4857,4584240,买盘,601727,2025-10-17 22:54:21
09:41:19,9.44,0.0,3030,2858178,卖盘,601727,2025-10-17 22:54:21
09:41:22,9.44,0.0,1096,1033998,买盘,601727,2025-10-17 22:54:21
09:41:25,9.43,-0.01,2311,2179752,卖盘,601727,2025-10-17 22:54:21
09:41:28,9.43,0.0,5363,5061252,卖盘,601727,2025-10-17 22:54:21
09:41:31,9.43,0.0,2655,2503810,卖盘,601727,2025-10-17 22:54:21
09:41:34,9.44,0.01,3446,3249988,买盘,601727,2025-10-17 22:54:21
09:41:37,9.44,0.0,5357,5053298,买盘,601727,2025-10-17 22:54:21
09:41:40,9.44,0.0,3572,3372005,卖盘,601727,2025-10-17 22:54:21
09:41:43,9.44,0.0,1463,1380506,卖盘,601727,2025-10-17 22:54:21
09:41:46,9.44,0.0,3145,2968191,买盘,601727,2025-10-17 22:54:21
09:41:49,9.44,0.0,1289,1216873,卖盘,601727,2025-10-17 22:54:21
09:41:52,9.44,0.0,1215,1146627,卖盘,601727,2025-10-17 22:54:21
09:41:55,9.44,0.0,1220,1151285,买盘,601727,2025-10-17 22:54:21
09:41:58,9.44,0.0,897,846286,买盘,601727,2025-10-17 22:54:21
09:42:01,9.44,0.0,1520,1433815,买盘,601727,2025-10-17 22:54:21
09:42:04,9.44,0.0,2113,1992727,买盘,601727,2025-10-17 22:54:21
09:42:07,9.43,-0.01,1685,1589442,卖盘,601727,2025-10-17 22:54:21
09:42:10,9.44,0.01,1084,1022423,买盘,601727,2025-10-17 22:54:21
09:42:13,9.43,-0.01,1272,1198964,卖盘,601727,2025-10-17 22:54:21
09:42:16,9.43,0.0,1033,973970,买盘,601727,2025-10-17 22:54:21
09:42:19,9.43,0.0,1073,1011386,买盘,601727,2025-10-17 22:54:21
09:42:22,9.43,0.0,5739,5407431,买盘,601727,2025-10-17 22:54:21
09:42:25,9.42,-0.01,2184,2057782,卖盘,601727,2025-10-17 22:54:21
09:42:28,9.42,0.0,3402,3205667,卖盘,601727,2025-10-17 22:54:21
09:42:31,9.41,-0.01,1149,1081849,卖盘,601727,2025-10-17 22:54:21
09:42:34,9.42,0.01,1847,1738643,买盘,601727,2025-10-17 22:54:21
09:42:37,9.41,-0.01,2487,2340594,卖盘,601727,2025-10-17 22:54:21
09:42:40,9.41,0.0,3430,3228071,卖盘,601727,2025-10-17 22:54:21
09:42:43,9.41,0.0,8904,8379208,卖盘,601727,2025-10-17 22:54:21
09:42:46,9.41,0.0,4697,4420163,买盘,601727,2025-10-17 22:54:21
09:42:49,9.41,0.0,5984,5629476,卖盘,601727,2025-10-17 22:54:21
09:42:52,9.42,0.01,3858,3630780,买盘,601727,2025-10-17 22:54:21
09:42:55,9.41,-0.01,2013,1893959,卖盘,601727,2025-10-17 22:54:21
09:42:58,9.4,-0.01,3469,3261918,卖盘,601727,2025-10-17 22:54:21
09:43:01,9.41,0.01,3879,3647993,买盘,601727,2025-10-17 22:54:21
09:43:04,9.41,0.0,1926,1811047,买盘,601727,2025-10-17 22:54:21
09:43:07,9.41,0.0,8946,8417387,买盘,601727,2025-10-17 22:54:21
09:43:10,9.42,0.01,12244,11533434,买盘,601727,2025-10-17 22:54:21
09:43:14,9.43,0.01,2579,2430210,买盘,601727,2025-10-17 22:54:21
09:43:16,9.43,0.0,1805,1700670,买盘,601727,2025-10-17 22:54:21
09:43:19,9.43,0.0,1498,1412123,买盘,601727,2025-10-17 22:54:21
09:43:22,9.43,0.0,1873,1764525,卖盘,601727,2025-10-17 22:54:21
09:43:25,9.43,0.0,858,808852,买盘,601727,2025-10-17 22:54:21
09:43:28,9.43,0.0,1212,1142462,买盘,601727,2025-10-17 22:54:21
09:43:31,9.42,-0.01,1657,1562559,卖盘,601727,2025-10-17 22:54:21
09:43:34,9.42,0.0,1317,1241744,卖盘,601727,2025-10-17 22:54:21
09:43:37,9.43,0.01,3820,3600154,买盘,601727,2025-10-17 22:54:21
09:43:40,9.42,-0.01,1651,1556000,买盘,601727,2025-10-17 22:54:21
09:43:43,9.42,0.0,1364,1284502,买盘,601727,2025-10-17 22:54:21
09:43:46,9.41,-0.01,2111,1987549,卖盘,601727,2025-10-17 22:54:21
09:43:49,9.41,0.0,2561,2410673,卖盘,601727,2025-10-17 22:54:21
09:43:52,9.41,0.0,3528,3320027,卖盘,601727,2025-10-17 22:54:21
09:43:55,9.4,-0.01,1130,1063224,卖盘,601727,2025-10-17 22:54:21
09:43:58,9.4,0.0,1469,1381460,卖盘,601727,2025-10-17 22:54:21
09:44:01,9.41,0.01,2668,2509950,买盘,601727,2025-10-17 22:54:21
09:44:04,9.41,0.0,2448,2302493,买盘,601727,2025-10-17 22:54:21
09:44:07,9.41,0.0,1764,1659216,卖盘,601727,2025-10-17 22:54:21
09:44:10,9.41,0.0,1548,1456319,卖盘,601727,2025-10-17 22:54:21
09:44:13,9.41,0.0,923,868903,买盘,601727,2025-10-17 22:54:21
09:44:16,9.41,0.0,1061,998613,买盘,601727,2025-10-17 22:54:21
09:44:19,9.41,0.0,2543,2391868,卖盘,601727,2025-10-17 22:54:21
09:44:22,9.41,0.0,1942,1827032,卖盘,601727,2025-10-17 22:54:21
09:44:25,9.41,0.0,1199,1128350,卖盘,601727,2025-10-17 22:54:21
09:44:28,9.42,0.01,2025,1905677,买盘,601727,2025-10-17 22:54:21
09:44:31,9.41,-0.01,1539,1448126,卖盘,601727,2025-10-17 22:54:21
09:44:34,9.41,0.0,1680,1580230,买盘,601727,2025-10-17 22:54:21
09:44:37,9.41,0.0,1161,1091954,买盘,601727,2025-10-17 22:54:21
09:44:40,9.41,0.0,1108,1042288,买盘,601727,2025-10-17 22:54:21
09:44:43,9.4,-0.01,1820,1712078,卖盘,601727,2025-10-17 22:54:21
09:44:46,9.41,0.01,1062,998944,买盘,601727,2025-10-17 22:54:21
09:44:49,9.39,-0.02,18018,16933477,卖盘,601727,2025-10-17 22:54:21
09:44:52,9.4,0.01,1502,1410375,买盘,601727,2025-10-17 22:54:21
09:44:55,9.4,0.0,2743,2574125,买盘,601727,2025-10-17 22:54:21
09:44:58,9.39,-0.01,1150,1079535,卖盘,601727,2025-10-17 22:54:21
09:45:01,9.39,0.0,1134,1064347,买盘,601727,2025-10-17 22:54:21
09:45:04,9.38,-0.01,2828,2654823,卖盘,601727,2025-10-17 22:54:21
09:45:08,9.38,0.0,3095,2903557,卖盘,601727,2025-10-17 22:54:21
09:45:10,9.38,0.0,3589,3366995,卖盘,601727,2025-10-17 22:54:21
09:45:13,9.38,0.0,2120,1987726,买盘,601727,2025-10-17 22:54:21
09:45:16,9.38,0.0,1331,1247550,买盘,601727,2025-10-17 22:54:21
09:45:19,9.37,-0.01,3716,3483512,卖盘,601727,2025-10-17 22:54:21
09:45:22,9.38,0.01,9846,9233277,买盘,601727,2025-10-17 22:54:21
09:45:25,9.38,0.0,4595,4308947,买盘,601727,2025-10-17 22:54:21
09:45:28,9.38,0.0,2118,1987442,卖盘,601727,2025-10-17 22:54:21
09:45:31,9.39,0.01,2286,2143796,买盘,601727,2025-10-17 22:54:21
09:45:34,9.38,-0.01,3289,3085739,卖盘,601727,2025-10-17 22:54:21
09:45:37,9.39,0.01,2875,2697062,买盘,601727,2025-10-17 22:54:21
09:45:40,9.39,0.0,2234,2096227,买盘,601727,2025-10-17 22:54:21
09:45:43,9.38,-0.01,2140,2007799,卖盘,601727,2025-10-17 22:54:21
09:45:46,9.38,0.0,2199,2062861,卖盘,601727,2025-10-17 22:54:21
09:45:49,9.38,0.0,5172,4851318,买盘,601727,2025-10-17 22:54:21
09:45:52,9.38,0.0,2006,1881729,卖盘,601727,2025-10-17 22:54:21
09:45:55,9.38,0.0,2872,2694398,卖盘,601727,2025-10-17 22:54:21
09:45:58,9.38,0.0,2168,2033682,卖盘,601727,2025-10-17 22:54:21
09:46:01,9.38,0.0,4035,3782518,买盘,601727,2025-10-17 22:54:21
09:46:04,9.38,0.0,1762,1652362,卖盘,601727,2025-10-17 22:54:21
09:46:07,9.39,0.01,2632,2467569,买盘,601727,2025-10-17 22:54:21
09:46:10,9.38,-0.01,1892,1775101,卖盘,601727,2025-10-17 22:54:21
09:46:13,9.38,0.0,843,790913,卖盘,601727,2025-10-17 22:54:21
09:46:16,9.38,0.0,1687,1582508,卖盘,601727,2025-10-17 22:54:21
09:46:19,9.38,0.0,896,840218,买盘,601727,2025-10-17 22:54:21
09:46:22,9.37,-0.01,3955,3707134,卖盘,601727,2025-10-17 22:54:21
09:46:25,9.38,0.01,1513,1418691,买盘,601727,2025-10-17 22:54:21
09:46:28,9.38,0.0,2097,1965209,买盘,601727,2025-10-17 22:54:21
09:46:31,9.37,-0.01,1949,1826505,卖盘,601727,2025-10-17 22:54:21
09:46:34,9.37,0.0,1481,1387787,买盘,601727,2025-10-17 22:54:21
09:46:37,9.36,-0.01,4668,4373241,卖盘,601727,2025-10-17 22:54:21
09:46:40,9.37,0.01,5890,5514011,买盘,601727,2025-10-17 22:54:21
09:46:43,9.36,-0.01,1957,1832011,卖盘,601727,2025-10-17 22:54:21
09:46:46,9.36,0.0,1851,1732878,卖盘,601727,2025-10-17 22:54:21
09:46:49,9.37,0.01,7569,7089287,买盘,601727,2025-10-17 22:54:21
09:46:52,9.37,0.0,5710,5345227,买盘,601727,2025-10-17 22:54:21
09:46:55,9.36,-0.01,4933,4622066,卖盘,601727,2025-10-17 22:54:21
09:46:58,9.37,0.01,1252,1172432,买盘,601727,2025-10-17 22:54:21
09:47:01,9.37,0.0,3229,3024743,买盘,601727,2025-10-17 22:54:21
09:47:04,9.37,0.0,1248,1169073,卖盘,601727,2025-10-17 22:54:21
09:47:07,9.37,0.0,938,878273,买盘,601727,2025-10-17 22:54:21
09:47:10,9.36,-0.01,2716,2543771,卖盘,601727,2025-10-17 22:54:21
09:47:13,9.37,0.01,1229,1150613,买盘,601727,2025-10-17 22:54:21
09:47:16,9.36,-0.01,2431,2276854,卖盘,601727,2025-10-17 22:54:21
09:47:19,9.37,0.01,2283,2136925,买盘,601727,2025-10-17 22:54:21
09:47:22,9.36,-0.01,3853,3608693,卖盘,601727,2025-10-17 22:54:21
09:47:25,9.37,0.01,3654,3421912,买盘,601727,2025-10-17 22:54:21
09:47:28,9.37,0.0,3863,3616950,买盘,601727,2025-10-17 22:54:21
09:47:31,9.37,0.0,2550,2387964,买盘,601727,2025-10-17 22:54:21
09:47:34,9.36,-0.01,1525,1428057,卖盘,601727,2025-10-17 22:54:21
09:47:37,9.36,0.0,1475,1381571,卖盘,601727,2025-10-17 22:54:21
09:47:40,9.36,0.0,1142,1069274,卖盘,601727,2025-10-17 22:54:21
09:47:43,9.37,0.01,2941,2753629,买盘,601727,2025-10-17 22:54:21
09:47:46,9.36,-0.01,1568,1467793,卖盘,601727,2025-10-17 22:54:21
09:47:49,9.37,0.01,1757,1644873,买盘,601727,2025-10-17 22:54:21
09:47:52,9.36,-0.01,3993,3737592,卖盘,601727,2025-10-17 22:54:21
09:47:55,9.36,0.0,1708,1598686,买盘,601727,2025-10-17 22:54:21
09:47:58,9.36,0.0,807,755406,卖盘,601727,2025-10-17 22:54:21
09:48:01,9.36,0.0,2486,2327180,卖盘,601727,2025-10-17 22:54:21
09:48:04,9.36,0.0,1770,1656933,卖盘,601727,2025-10-17 22:54:21
09:48:07,9.36,0.0,1806,1690450,卖盘,601727,2025-10-17 22:54:21
09:48:10,9.36,0.0,1713,1603668,买盘,601727,2025-10-17 22:54:21
09:48:13,9.36,0.0,1669,1562403,卖盘,601727,2025-10-17 22:54:21
09:48:16,9.36,0.0,2369,2217307,卖盘,601727,2025-10-17 22:54:21
09:48:19,9.35,-0.01,960,898480,卖盘,601727,2025-10-17 22:54:21
09:48:22,9.35,0.0,2151,2012155,卖盘,601727,2025-10-17 22:54:21
09:48:25,9.35,0.0,1299,1214936,卖盘,601727,2025-10-17 22:54:21
09:48:28,9.35,0.0,1315,1229911,卖盘,601727,2025-10-17 22:54:21
09:48:31,9.35,0.0,3244,3033403,卖盘,601727,2025-10-17 22:54:21
09:48:34,9.35,0.0,1603,1498992,卖盘,601727,2025-10-17 22:54:21
09:48:37,9.35,0.0,10033,9381509,卖盘,601727,2025-10-17 22:54:21
09:48:40,9.35,0.0,2721,2544611,卖盘,601727,2025-10-17 22:54:21
09:48:43,9.35,0.0,3772,3526919,卖盘,601727,2025-10-17 22:54:21
09:48:46,9.35,0.0,1622,1516732,卖盘,601727,2025-10-17 22:54:21
09:48:49,9.35,0.0,2620,2449728,卖盘,601727,2025-10-17 22:54:21
09:48:52,9.35,0.0,2013,1882203,买盘,601727,2025-10-17 22:54:21
09:48:55,9.36,0.01,6670,6242534,买盘,601727,2025-10-17 22:54:21
09:48:58,9.35,-0.01,2278,2131460,卖盘,601727,2025-10-17 22:54:21
09:49:01,9.36,0.01,1092,1021445,买盘,601727,2025-10-17 22:54:21
09:49:04,9.36,0.0,2200,2059111,买盘,601727,2025-10-17 22:54:21
09:49:07,9.35,-0.01,1424,1332857,卖盘,601727,2025-10-17 22:54:21
09:49:11,9.37,0.02,5213,4884081,买盘,601727,2025-10-17 22:54:21
09:49:13,9.38,0.01,5464,5126640,买盘,601727,2025-10-17 22:54:21
09:49:17,9.39,0.01,2681,2517729,买盘,601727,2025-10-17 22:54:21
09:49:19,9.4,0.01,7906,7433318,买盘,601727,2025-10-17 22:54:21
09:49:22,9.4,0.0,1866,1753872,卖盘,601727,2025-10-17 22:54:21
09:49:25,9.4,0.0,1566,1472201,卖盘,601727,2025-10-17 22:54:21
09:49:28,9.4,0.0,1265,1189215,买盘,601727,2025-10-17 22:54:21
09:49:31,9.4,0.0,1350,1269409,买盘,601727,2025-10-17 22:54:21
09:49:34,9.39,-0.01,1564,1470131,卖盘,601727,2025-10-17 22:54:21
09:49:37,9.39,0.0,1616,1518766,卖盘,601727,2025-10-17 22:54:21
09:49:40,9.4,0.01,745,700162,买盘,601727,2025-10-17 22:54:21
09:49:43,9.39,-0.01,2406,2259469,卖盘,601727,2025-10-17 22:54:21
09:49:46,9.39,0.0,1967,1847567,买盘,601727,2025-10-17 22:54:21
09:49:49,9.39,0.0,866,812858,买盘,601727,2025-10-17 22:54:21
09:49:52,9.39,0.0,1209,1134999,买盘,601727,2025-10-17 22:54:21
09:49:55,9.39,0.0,1527,1432819,买盘,601727,2025-10-17 22:54:21
09:49:58,9.38,-0.01,666,625167,卖盘,601727,2025-10-17 22:54:21
09:50:01,9.38,0.0,1245,1168787,卖盘,601727,2025-10-17 22:54:21
09:50:05,9.38,0.0,1372,1286099,买盘,601727,2025-10-17 22:54:21
09:50:07,9.37,-0.01,464,434923,卖盘,601727,2025-10-17 22:54:21
09:50:10,9.38,0.01,1635,1533234,买盘,601727,2025-10-17 22:54:21
09:50:13,9.37,-0.01,524,491307,卖盘,601727,2025-10-17 22:54:21
09:50:16,9.37,0.0,2176,2039611,卖盘,601727,2025-10-17 22:54:21
09:50:19,9.37,0.0,1088,1019790,卖盘,601727,2025-10-17 22:54:21
09:50:22,9.37,0.0,1538,1441041,卖盘,601727,2025-10-17 22:54:21
09:50:25,9.37,0.0,564,528422,买盘,601727,2025-10-17 22:54:21
09:50:28,9.37,0.0,1732,1621493,买盘,601727,2025-10-17 22:54:21
09:50:31,9.37,0.0,1254,1174262,买盘,601727,2025-10-17 22:54:21
09:50:34,9.37,0.0,1659,1554154,买盘,601727,2025-10-17 22:54:21
09:50:37,9.37,0.0,3317,3108521,卖盘,601727,2025-10-17 22:54:21
09:50:40,9.36,-0.01,927,868221,卖盘,601727,2025-10-17 22:54:21
09:50:43,9.37,0.01,908,850471,买盘,601727,2025-10-17 22:54:21
09:50:46,9.37,0.0,1644,1539697,买盘,601727,2025-10-17 22:54:21
09:50:50,9.36,-0.01,496,464692,卖盘,601727,2025-10-17 22:54:21
09:50:52,9.37,0.01,5467,5117562,卖盘,601727,2025-10-17 22:54:21
09:50:56,9.36,-0.01,496,464360,卖盘,601727,2025-10-17 22:54:21
09:50:58,9.35,-0.01,970,907340,卖盘,601727,2025-10-17 22:54:21
09:51:02,9.36,0.01,860,804593,买盘,601727,2025-10-17 22:54:21
09:51:05,9.35,-0.01,1212,1133929,卖盘,601727,2025-10-17 22:54:21
09:51:08,9.36,0.01,275,257211,买盘,601727,2025-10-17 22:54:21
09:51:10,9.36,0.0,2014,1884194,买盘,601727,2025-10-17 22:54:21
09:51:13,9.35,-0.01,2011,1881519,卖盘,601727,2025-10-17 22:54:21
09:51:16,9.35,0.0,1554,1453540,卖盘,601727,2025-10-17 22:54:21
09:51:19,9.36,0.01,685,640687,买盘,601727,2025-10-17 22:54:21
09:51:22,9.36,0.0,1101,1030180,买盘,601727,2025-10-17 22:54:21
09:51:25,9.36,0.0,1845,1726913,买盘,601727,2025-10-17 22:54:21
09:51:28,9.36,0.0,2370,2216681,卖盘,601727,2025-10-17 22:54:21
09:51:31,9.36,0.0,1456,1361951,买盘,601727,2025-10-17 22:54:21
09:51:34,9.36,0.0,1114,1041996,买盘,601727,2025-10-17 22:54:21
09:51:37,9.35,-0.01,2325,2174376,卖盘,601727,2025-10-17 22:54:21
09:51:40,9.35,0.0,4613,4313503,卖盘,601727,2025-10-17 22:54:21
09:51:43,9.36,0.01,1076,1006699,买盘,601727,2025-10-17 22:54:21
09:51:46,9.36,0.0,1783,1667385,买盘,601727,2025-10-17 22:54:21
09:51:49,9.35,-0.01,931,870776,卖盘,601727,2025-10-17 22:54:21
09:51:52,9.35,0.0,1572,1470242,卖盘,601727,2025-10-17 22:54:21
09:51:55,9.35,0.0,1096,1025062,卖盘,601727,2025-10-17 22:54:21
09:51:58,9.35,0.0,3908,3654275,卖盘,601727,2025-10-17 22:54:21
09:52:01,9.35,0.0,4135,3866350,卖盘,601727,2025-10-17 22:54:21
09:52:04,9.36,0.01,3600,3369191,买盘,601727,2025-10-17 22:54:21
09:52:07,9.36,0.0,2380,2228701,卖盘,601727,2025-10-17 22:54:21
09:52:10,9.36,0.0,1244,1164489,卖盘,601727,2025-10-17 22:54:21
09:52:13,9.36,0.0,405,379174,卖盘,601727,2025-10-17 22:54:21
09:52:16,9.36,0.0,883,826588,卖盘,601727,2025-10-17 22:54:21
09:52:19,9.36,0.0,1473,1378983,卖盘,601727,2025-10-17 22:54:21
09:52:22,9.37,0.01,2262,2119227,买盘,601727,2025-10-17 22:54:21
09:52:25,9.37,0.0,1166,1093123,卖盘,601727,2025-10-17 22:54:21
09:52:28,9.37,0.0,814,762896,卖盘,601727,2025-10-17 22:54:21
09:52:31,9.38,0.01,558,522938,买盘,601727,2025-10-17 22:54:21
09:52:34,9.38,0.0,504,472685,买盘,601727,2025-10-17 22:54:21
09:52:37,9.37,-0.01,960,900315,卖盘,601727,2025-10-17 22:54:21
09:52:40,9.38,0.01,1692,1585904,买盘,601727,2025-10-17 22:54:21
09:52:43,9.38,0.0,334,313294,卖盘,601727,2025-10-17 22:54:21
09:52:46,9.38,0.0,667,625690,卖盘,601727,2025-10-17 22:54:21
09:52:49,9.38,0.0,1117,1047915,卖盘,601727,2025-10-17 22:54:21
09:52:52,9.38,0.0,523,490546,买盘,601727,2025-10-17 22:54:21
09:52:55,9.38,0.0,922,864612,买盘,601727,2025-10-17 22:54:21
09:52:58,9.38,0.0,968,907833,买盘,601727,2025-10-17 22:54:21
09:53:01,9.38,0.0,590,553206,买盘,601727,2025-10-17 22:54:21
09:53:04,9.38,0.0,525,492337,卖盘,601727,2025-10-17 22:54:21
09:53:08,9.39,0.01,1155,1082804,买盘,601727,2025-10-17 22:54:21
09:53:10,9.38,-0.01,1001,939208,卖盘,601727,2025-10-17 22:54:21
09:53:13,9.38,0.0,610,571985,卖盘,601727,2025-10-17 22:54:21
09:53:16,9.38,0.0,1125,1055050,买盘,601727,2025-10-17 22:54:21
09:53:19,9.38,0.0,604,566473,买盘,601727,2025-10-17 22:54:21
09:53:22,9.38,0.0,1961,1839303,买盘,601727,2025-10-17 22:54:21
09:53:25,9.38,0.0,421,394886,买盘,601727,2025-10-17 22:54:21
09:53:28,9.38,0.0,2847,2669427,卖盘,601727,2025-10-17 22:54:21
09:53:31,9.37,-0.01,660,618652,卖盘,601727,2025-10-17 22:54:21
09:53:34,9.37,0.0,1100,1030819,买盘,601727,2025-10-17 22:54:21
09:53:37,9.36,-0.01,2017,1888048,卖盘,601727,2025-10-17 22:54:21
09:53:40,9.37,0.01,853,798661,买盘,601727,2025-10-17 22:54:21
09:53:43,9.36,-0.01,1155,1081247,卖盘,601727,2025-10-17 22:54:21
09:53:46,9.37,0.01,1251,1171480,买盘,601727,2025-10-17 22:54:21
09:53:49,9.36,-0.01,1145,1071887,卖盘,601727,2025-10-17 22:54:21
09:53:52,9.36,0.0,684,640306,卖盘,601727,2025-10-17 22:54:21
09:53:55,9.36,0.0,2418,2263483,卖盘,601727,2025-10-17 22:54:21
09:53:58,9.36,0.0,653,611071,买盘,601727,2025-10-17 22:54:21
09:54:02,9.35,-0.01,8594,8035592,卖盘,601727,2025-10-17 22:54:21
09:54:04,9.35,0.0,684,639308,买盘,601727,2025-10-17 22:54:21
09:54:07,9.34,-0.01,737,688957,卖盘,601727,2025-10-17 22:54:21
09:54:10,9.35,0.01,1099,1026896,买盘,601727,2025-10-17 22:54:21
09:54:13,9.34,-0.01,1253,1171029,卖盘,601727,2025-10-17 22:54:21
09:54:16,9.34,0.0,613,572796,卖盘,601727,2025-10-17 22:54:21
09:54:20,9.34,0.0,985,920320,卖盘,601727,2025-10-17 22:54:21
09:54:22,9.34,0.0,1552,1450019,卖盘,601727,2025-10-17 22:54:21
09:54:25,9.35,0.01,3329,3109722,买盘,601727,2025-10-17 22:54:21
09:54:28,9.34,-0.01,2265,2115713,卖盘,601727,2025-10-17 22:54:21
09:54:31,9.34,0.0,2404,2245480,卖盘,601727,2025-10-17 22:54:21
09:54:34,9.34,0.0,1230,1148494,卖盘,601727,2025-10-17 22:54:21
09:54:37,9.34,0.0,1063,992818,买盘,601727,2025-10-17 22:54:21
09:54:40,9.34,0.0,1826,1704744,买盘,601727,2025-10-17 22:54:21
09:54:43,9.34,0.0,567,529269,买盘,601727,2025-10-17 22:54:21
09:54:46,9.33,-0.01,3008,2806641,卖盘,601727,2025-10-17 22:54:21
09:54:50,9.33,0.0,1603,1496252,卖盘,601727,2025-10-17 22:54:21
09:54:52,9.34,0.01,2723,2542201,买盘,601727,2025-10-17 22:54:21
09:54:55,9.34,0.0,2207,2059247,买盘,601727,2025-10-17 22:54:21
09:54:58,9.34,0.0,1460,1362856,买盘,601727,2025-10-17 22:54:21
09:55:01,9.34,0.0,2531,2361752,买盘,601727,2025-10-17 22:54:21
09:55:04,9.33,-0.01,804,750472,卖盘,601727,2025-10-17 22:54:21
09:55:07,9.34,0.01,710,662502,买盘,601727,2025-10-17 22:54:21
09:55:10,9.33,-0.01,1570,1465029,卖盘,601727,2025-10-17 22:54:21
09:55:13,9.34,0.01,2052,1914624,买盘,601727,2025-10-17 22:54:21
09:55:16,9.33,-0.01,1613,1504467,卖盘,601727,2025-10-17 22:54:21
09:55:19,9.33,0.0,1556,1451523,买盘,601727,2025-10-17 22:54:21
09:55:23,9.34,0.01,797,743661,买盘,601727,2025-10-17 22:54:21
09:55:25,9.33,-0.01,931,868608,卖盘,601727,2025-10-17 22:54:21
09:55:28,9.33,0.0,895,835042,卖盘,601727,2025-10-17 22:54:21
09:55:31,9.33,0.0,2124,1982274,卖盘,601727,2025-10-17 22:54:21
09:55:34,9.33,0.0,2226,2077551,卖盘,601727,2025-10-17 22:54:21
09:55:37,9.33,0.0,1891,1765004,卖盘,601727,2025-10-17 22:54:21
09:55:41,9.33,0.0,2017,1882012,卖盘,601727,2025-10-17 22:54:21
09:55:43,9.34,0.01,1069,997452,买盘,601727,2025-10-17 22:54:21
09:55:46,9.34,0.0,926,864030,买盘,601727,2025-10-17 22:54:21
09:55:49,9.33,-0.01,3215,2998664,卖盘,601727,2025-10-17 22:54:21
09:55:52,9.34,0.01,1580,1474664,买盘,601727,2025-10-17 22:54:21
09:55:55,9.33,-0.01,1211,1129420,卖盘,601727,2025-10-17 22:54:21
09:55:58,9.33,0.0,2513,2344791,买盘,601727,2025-10-17 22:54:21
09:56:02,9.33,0.0,1091,1018115,卖盘,601727,2025-10-17 22:54:21
09:56:04,9.33,0.0,1142,1065581,卖盘,601727,2025-10-17 22:54:21
09:56:07,9.33,0.0,1023,954132,卖盘,601727,2025-10-17 22:54:21
09:56:10,9.33,0.0,797,743573,买盘,601727,2025-10-17 22:54:21
09:56:13,9.33,0.0,744,693893,买盘,601727,2025-10-17 22:54:21
09:56:16,9.33,0.0,1174,1094660,买盘,601727,2025-10-17 22:54:21
09:56:19,9.33,0.0,870,811338,买盘,601727,2025-10-17 22:54:21
09:56:22,9.32,-0.01,943,879184,卖盘,601727,2025-10-17 22:54:21
09:56:25,9.32,0.0,1585,1477453,卖盘,601727,2025-10-17 22:54:21
09:56:28,9.33,0.01,4563,4252926,买盘,601727,2025-10-17 22:54:21
09:56:31,9.33,0.0,1304,1216011,买盘,601727,2025-10-17 22:54:21
09:56:34,9.33,0.0,1610,1500995,买盘,601727,2025-10-17 22:54:21
09:56:37,9.32,-0.01,1621,1510910,卖盘,601727,2025-10-17 22:54:21
09:56:41,9.32,0.0,1095,1020727,卖盘,601727,2025-10-17 22:54:21
09:56:43,9.32,0.0,4205,3921709,卖盘,601727,2025-10-17 22:54:21
09:56:47,9.32,0.0,1095,1020569,卖盘,601727,2025-10-17 22:54:21
09:56:49,9.32,0.0,1723,1606693,卖盘,601727,2025-10-17 22:54:21
09:56:52,9.32,0.0,2143,1997947,卖盘,601727,2025-10-17 22:54:21
09:56:55,9.33,0.01,1198,1116941,买盘,601727,2025-10-17 22:54:21
09:56:58,9.32,-0.01,977,910976,卖盘,601727,2025-10-17 22:54:21
09:57:01,9.32,0.0,606,565007,卖盘,601727,2025-10-17 22:54:21
09:57:05,9.32,0.0,1174,1094296,卖盘,601727,2025-10-17 22:54:21
09:57:07,9.32,0.0,751,700002,卖盘,601727,2025-10-17 22:54:21
09:57:10,9.32,0.0,1078,1005031,卖盘,601727,2025-10-17 22:54:21
09:57:14,9.33,0.01,4944,4609905,买盘,601727,2025-10-17 22:54:21
09:57:16,9.33,0.0,1744,1627537,卖盘,601727,2025-10-17 22:54:21
09:57:19,9.33,0.0,953,889308,卖盘,601727,2025-10-17 22:54:21
09:57:23,9.34,0.01,1849,1725864,买盘,601727,2025-10-17 22:54:21
09:57:26,9.34,0.0,5176,4836649,买盘,601727,2025-10-17 22:54:21
09:57:28,9.34,0.0,1036,967629,卖盘,601727,2025-10-17 22:54:21
09:57:31,9.35,0.01,1289,1204023,买盘,601727,2025-10-17 22:54:21
09:57:34,9.34,-0.01,564,526993,卖盘,601727,2025-10-17 22:54:21
09:57:37,9.34,0.0,1021,953606,买盘,601727,2025-10-17 22:54:21
09:57:41,9.34,0.0,756,706253,买盘,601727,2025-10-17 22:54:21
09:57:43,9.34,0.0,851,794999,卖盘,601727,2025-10-17 22:54:21
09:57:46,9.34,0.0,1734,1619591,买盘,601727,2025-10-17 22:54:21
09:57:49,9.34,0.0,614,573593,买盘,601727,2025-10-17 22:54:21
09:57:52,9.35,0.01,2149,2008301,买盘,601727,2025-10-17 22:54:21
09:57:55,9.34,-0.01,1377,1286095,卖盘,601727,2025-10-17 22:54:21
09:57:58,9.34,0.0,345,322218,买盘,601727,2025-10-17 22:54:21
09:58:01,9.34,0.0,875,816944,买盘,601727,2025-10-17 22:54:21
09:58:04,9.34,0.0,988,922554,买盘,601727,2025-10-17 22:54:21
09:58:07,9.34,0.0,857,800113,买盘,601727,2025-10-17 22:54:21
09:58:10,9.34,0.0,1346,1256322,买盘,601727,2025-10-17 22:54:21
09:58:13,9.33,-0.01,637,594665,卖盘,601727,2025-10-17 22:54:21
09:58:16,9.34,0.01,2250,2099791,买盘,601727,2025-10-17 22:54:21
09:58:20,9.34,0.0,708,661010,买盘,601727,2025-10-17 22:54:21
09:58:22,9.34,0.0,577,538642,买盘,601727,2025-10-17 22:54:21
09:58:25,9.34,0.0,495,462099,买盘,601727,2025-10-17 22:54:21
09:58:28,9.34,0.0,350,326685,买盘,601727,2025-10-17 22:54:21
09:58:31,9.33,-0.01,1533,1430334,卖盘,601727,2025-10-17 22:54:21
09:58:34,9.34,0.01,546,509601,买盘,601727,2025-10-17 22:54:21
09:58:37,9.34,0.0,829,773610,买盘,601727,2025-10-17 22:54:21
09:58:40,9.33,-0.01,616,575005,卖盘,601727,2025-10-17 22:54:21
09:58:43,9.33,0.0,496,462854,卖盘,601727,2025-10-17 22:54:21
09:58:46,9.33,0.0,883,823989,卖盘,601727,2025-10-17 22:54:21
09:58:50,9.33,0.0,718,669894,卖盘,601727,2025-10-17 22:54:21
09:58:52,9.33,0.0,524,488882,买盘,601727,2025-10-17 22:54:21
09:58:55,9.33,0.0,389,362706,买盘,601727,2025-10-17 22:54:21
09:58:58,9.32,-0.01,1051,979957,卖盘,601727,2025-10-17 22:54:21
09:59:02,9.33,0.01,707,659292,买盘,601727,2025-10-17 22:54:21
09:59:04,9.33,0.0,582,542850,买盘,601727,2025-10-17 22:54:21
09:59:08,9.33,0.0,2379,2219216,买盘,601727,2025-10-17 22:54:21
09:59:11,9.33,0.0,606,565406,卖盘,601727,2025-10-17 22:54:21
09:59:13,9.33,0.0,806,752211,卖盘,601727,2025-10-17 22:54:21
09:59:17,9.33,0.0,1750,1632728,卖盘,601727,2025-10-17 22:54:21
09:59:19,9.33,0.0,500,466424,买盘,601727,2025-10-17 22:54:21
09:59:23,9.33,0.0,1091,1018038,卖盘,601727,2025-10-17 22:54:21
09:59:26,9.34,0.01,1031,961881,买盘,601727,2025-10-17 22:54:21
09:59:28,9.33,-0.01,1854,1730907,卖盘,601727,2025-10-17 22:54:21
09:59:31,9.34,0.01,373,348153,买盘,601727,2025-10-17 22:54:21
09:59:34,9.34,0.0,1087,1014395,买盘,601727,2025-10-17 22:54:21
09:59:37,9.34,0.0,754,703900,买盘,601727,2025-10-17 22:54:21
09:59:40,9.33,-0.01,2545,2374489,卖盘,601727,2025-10-17 22:54:21
09:59:43,9.33,0.0,515,480476,买盘,601727,2025-10-17 22:54:21
09:59:46,9.32,-0.01,1041,971216,卖盘,601727,2025-10-17 22:54:21
09:59:49,9.33,0.01,1767,1647228,买盘,601727,2025-10-17 22:54:21
09:59:53,9.32,-0.01,1253,1168227,卖盘,601727,2025-10-17 22:54:21
09:59:55,9.32,0.0,1566,1459755,卖盘,601727,2025-10-17 22:54:21
09:59:59,9.32,0.0,483,450302,卖盘,601727,2025-10-17 22:54:21
10:00:01,9.32,0.0,5928,5525061,卖盘,601727,2025-10-17 22:54:21
10:00:04,9.31,-0.01,447,416579,卖盘,601727,2025-10-17 22:54:21
10:00:07,9.32,0.01,731,680928,买盘,601727,2025-10-17 22:54:21
10:00:11,9.31,-0.01,2501,2328699,卖盘,601727,2025-10-17 22:54:21
10:00:13,9.31,0.0,670,623911,卖盘,601727,2025-10-17 22:54:21
10:00:16,9.31,0.0,12366,11512810,卖盘,601727,2025-10-17 22:54:21
10:00:19,9.31,0.0,2927,2724430,卖盘,601727,2025-10-17 22:54:21
10:00:23,9.31,0.0,284,264398,买盘,601727,2025-10-17 22:54:21
10:00:25,9.3,-0.01,1024,952945,卖盘,601727,2025-10-17 22:54:21
10:00:28,9.31,0.01,2129,1981040,买盘,601727,2025-10-17 22:54:21
10:00:32,9.31,0.0,1460,1357962,买盘,601727,2025-10-17 22:54:21
10:00:35,9.31,0.0,7307,6795937,买盘,601727,2025-10-17 22:54:21
10:00:37,9.29,-0.02,21345,19850397,卖盘,601727,2025-10-17 22:54:21
10:00:40,9.3,0.01,1229,1142603,买盘,601727,2025-10-17 22:54:21
10:00:43,9.29,-0.01,1872,1739391,卖盘,601727,2025-10-17 22:54:21
10:00:46,9.28,-0.01,2976,2763515,卖盘,601727,2025-10-17 22:54:21
10:00:50,9.29,0.01,1370,1271696,买盘,601727,2025-10-17 22:54:21
10:00:52,9.29,0.0,1116,1035748,买盘,601727,2025-10-17 22:54:21
10:00:55,9.28,-0.01,2021,1876014,卖盘,601727,2025-10-17 22:54:21
10:00:58,9.29,0.01,8445,7843617,买盘,601727,2025-10-17 22:54:21
10:01:01,9.28,-0.01,3894,3615566,卖盘,601727,2025-10-17 22:54:21
10:01:04,9.28,0.0,2194,2036385,卖盘,601727,2025-10-17 22:54:21
10:01:07,9.28,0.0,1113,1033254,卖盘,601727,2025-10-17 22:54:21
10:01:10,9.28,0.0,1198,1111870,卖盘,601727,2025-10-17 22:54:21
10:01:13,9.27,-0.01,967,896938,卖盘,601727,2025-10-17 22:54:21
10:01:16,9.28,0.01,2143,1987199,买盘,601727,2025-10-17 22:54:21
10:01:19,9.27,-0.01,2800,2595949,卖盘,601727,2025-10-17 22:54:21
10:01:22,9.27,0.0,2552,2365774,买盘,601727,2025-10-17 22:54:21
10:01:26,9.27,0.0,2589,2399814,卖盘,601727,2025-10-17 22:54:21
10:01:28,9.27,0.0,2336,2165413,卖盘,601727,2025-10-17 22:54:21
10:01:31,9.26,-0.01,1297,1202140,卖盘,601727,2025-10-17 22:54:21
10:01:34,9.27,0.01,6818,6320096,买盘,601727,2025-10-17 22:54:21
10:01:37,9.26,-0.01,7798,7222374,卖盘,601727,2025-10-17 22:54:21
10:01:40,9.27,0.01,2117,1962580,买盘,601727,2025-10-17 22:54:21
10:01:43,9.26,-0.01,2125,1969496,卖盘,601727,2025-10-17 22:54:21
10:01:46,9.27,0.01,2733,2532755,买盘,601727,2025-10-17 22:54:21
10:01:49,9.27,0.0,5641,5231502,买盘,601727,2025-10-17 22:54:21
10:01:53,9.28,0.01,11670,10823631,买盘,601727,2025-10-17 22:54:21
10:01:55,9.28,0.0,6943,6442321,卖盘,601727,2025-10-17 22:54:21
10:01:58,9.28,0.0,1572,1459195,卖盘,601727,2025-10-17 22:54:21
10:02:01,9.28,0.0,1614,1497381,卖盘,601727,2025-10-17 22:54:21
10:02:04,9.28,0.0,2440,2264273,买盘,601727,2025-10-17 22:54:21
10:02:07,9.28,0.0,1411,1309241,买盘,601727,2025-10-17 22:54:21
10:02:10,9.28,0.0,2295,2131118,买盘,601727,2025-10-17 22:54:21
10:02:13,9.28,0.0,6262,5820761,卖盘,601727,2025-10-17 22:54:21
10:02:16,9.3,0.02,1890,1756216,买盘,601727,2025-10-17 22:54:21
10:02:20,9.31,0.01,4581,4261876,买盘,601727,2025-10-17 22:54:21
10:02:23,9.3,-0.01,630,586070,卖盘,601727,2025-10-17 22:54:21
10:02:25,9.31,0.01,401,373359,卖盘,601727,2025-10-17 22:54:21
10:02:28,9.31,0.0,805,749045,卖盘,601727,2025-10-17 22:54:21
10:02:31,9.32,0.01,667,620980,买盘,601727,2025-10-17 22:54:21
10:02:34,9.31,-0.01,423,393815,中性盘,601727,2025-10-17 22:54:21
10:02:37,9.31,0.0,762,709078,买盘,601727,2025-10-17 22:54:21
10:02:40,9.32,0.01,1226,1141135,买盘,601727,2025-10-17 22:54:21
10:02:43,9.31,-0.01,937,872557,中性盘,601727,2025-10-17 22:54:21
10:02:46,9.32,0.01,730,679663,买盘,601727,2025-10-17 22:54:21
10:02:49,9.31,-0.01,989,920850,卖盘,601727,2025-10-17 22:54:21
10:02:53,9.32,0.01,770,717252,买盘,601727,2025-10-17 22:54:21
10:02:55,9.32,0.0,826,769244,买盘,601727,2025-10-17 22:54:21
10:02:58,9.32,0.0,502,467690,买盘,601727,2025-10-17 22:54:21
10:03:01,9.32,0.0,511,475975,买盘,601727,2025-10-17 22:54:21
10:03:04,9.32,0.0,1181,1099910,买盘,601727,2025-10-17 22:54:21
10:03:07,9.32,0.0,467,434983,买盘,601727,2025-10-17 22:54:21
10:03:10,9.31,-0.01,983,915649,卖盘,601727,2025-10-17 22:54:21
10:03:13,9.31,0.0,1471,1369705,卖盘,601727,2025-10-17 22:54:21
10:03:16,9.31,0.0,206,191786,买盘,601727,2025-10-17 22:54:21
10:03:19,9.3,-0.01,2830,2632127,卖盘,601727,2025-10-17 22:54:21
10:03:22,9.3,0.0,884,821785,买盘,601727,2025-10-17 22:54:21
10:03:25,9.29,-0.01,426,396083,卖盘,601727,2025-10-17 22:54:21
10:03:28,9.3,0.01,750,697138,买盘,601727,2025-10-17 22:54:21
10:03:31,9.3,0.0,212,197055,买盘,601727,2025-10-17 22:54:21
10:03:34,9.29,-0.01,1123,1043392,卖盘,601727,2025-10-17 22:54:21
10:03:37,9.29,0.0,579,537965,中性盘,601727,2025-10-17 22:54:21
10:03:40,9.29,0.0,1846,1715397,卖盘,601727,2025-10-17 22:54:21
10:03:43,9.3,0.01,1302,1210195,买盘,601727,2025-10-17 22:54:21
10:03:46,9.29,-0.01,927,861468,卖盘,601727,2025-10-17 22:54:21
10:03:49,9.29,0.0,477,443278,卖盘,601727,2025-10-17 22:54:21
10:03:52,9.29,0.0,1026,953231,卖盘,601727,2025-10-17 22:54:21
10:03:55,9.29,0.0,726,674482,卖盘,601727,2025-10-17 22:54:21
10:03:58,9.29,0.0,1138,1057307,买盘,601727,2025-10-17 22:54:21
10:04:01,9.3,0.01,850,790007,买盘,601727,2025-10-17 22:54:21
10:04:04,9.29,-0.01,474,440437,卖盘,601727,2025-10-17 22:54:21
10:04:07,9.3,0.01,411,381866,买盘,601727,2025-10-17 22:54:21
10:04:10,9.29,-0.01,651,605066,卖盘,601727,2025-10-17 22:54:21
10:04:13,9.29,0.0,396,368002,卖盘,601727,2025-10-17 22:54:21
10:04:16,9.29,0.0,2320,2156525,卖盘,601727,2025-10-17 22:54:21
10:04:19,9.29,0.0,411,381952,卖盘,601727,2025-10-17 22:54:21
10:04:22,9.3,0.01,2988,2777806,买盘,601727,2025-10-17 22:54:21
10:04:25,9.3,0.0,2741,2549168,买盘,601727,2025-10-17 22:54:21
10:04:28,9.3,0.0,1340,1246150,卖盘,601727,2025-10-17 22:54:21
10:04:32,9.31,0.01,494,459505,买盘,601727,2025-10-17 22:54:21
10:04:35,9.3,-0.01,862,801630,卖盘,601727,2025-10-17 22:54:21
10:04:37,9.3,0.0,577,536666,买盘,601727,2025-10-17 22:54:21
10:04:40,9.3,0.0,765,711363,买盘,601727,2025-10-17 22:54:21
10:04:44,9.31,0.01,1778,1653560,买盘,601727,2025-10-17 22:54:21
10:04:46,9.3,-0.01,961,893728,卖盘,601727,2025-10-17 22:54:21
10:04:49,9.3,0.0,247,229730,卖盘,601727,2025-10-17 22:54:21
10:04:53,9.3,0.0,3959,3685613,卖盘,601727,2025-10-17 22:54:21
10:04:56,9.31,0.01,1032,960176,买盘,601727,2025-10-17 22:54:21
10:04:58,9.31,0.0,1463,1361957,卖盘,601727,2025-10-17 22:54:21
10:05:01,9.31,0.0,1135,1056632,卖盘,601727,2025-10-17 22:54:21
10:05:04,9.31,0.0,844,785914,买盘,601727,2025-10-17 22:54:21
10:05:07,9.31,0.0,817,760725,卖盘,601727,2025-10-17 22:54:21
10:05:10,9.3,-0.01,1317,1225802,卖盘,601727,2025-10-17 22:54:21
10:05:13,9.31,0.01,1939,1805558,卖盘,601727,2025-10-17 22:54:21
10:05:16,9.32,0.01,3602,3357066,买盘,601727,2025-10-17 22:54:21
10:05:19,9.34,0.02,2904,2708847,买盘,601727,2025-10-17 22:54:21
10:05:22,9.34,0.0,202,188542,买盘,601727,2025-10-17 22:54:21
10:05:25,9.34,0.0,1009,941755,买盘,601727,2025-10-17 22:54:21
10:05:28,9.35,0.01,2147,2005277,买盘,601727,2025-10-17 22:54:21
10:05:31,9.34,-0.01,866,808881,卖盘,601727,2025-10-17 22:54:21
10:05:34,9.35,0.01,721,673777,买盘,601727,2025-10-17 22:54:21
10:05:37,9.35,0.0,1145,1069793,买盘,601727,2025-10-17 22:54:21
10:05:40,9.34,-0.01,715,667605,买盘,601727,2025-10-17 22:54:21
10:05:43,9.35,0.01,533,497977,买盘,601727,2025-10-17 22:54:21
10:05:46,9.34,-0.01,1235,1153456,卖盘,601727,2025-10-17 22:54:21
10:05:49,9.34,0.0,1545,1442060,买盘,601727,2025-10-17 22:54:21
10:05:53,9.32,-0.02,365,340705,卖盘,601727,2025-10-17 22:54:21
10:05:55,9.32,0.0,827,772011,卖盘,601727,2025-10-17 22:54:21
10:05:59,9.33,0.01,400,373392,中性盘,601727,2025-10-17 22:54:21
10:06:01,9.33,0.0,301,280976,卖盘,601727,2025-10-17 22:54:21
10:06:04,9.33,0.0,535,498854,买盘,601727,2025-10-17 22:54:21
10:06:07,9.33,0.0,757,706547,买盘,601727,2025-10-17 22:54:21
10:06:10,9.34,0.01,1280,1193498,买盘,601727,2025-10-17 22:54:21
10:06:13,9.34,0.0,294,274446,买盘,601727,2025-10-17 22:54:21
10:06:16,9.34,0.0,310,289428,买盘,601727,2025-10-17 22:54:21
10:06:19,9.33,-0.01,881,822318,卖盘,601727,2025-10-17 22:54:21
10:06:22,9.33,0.0,913,852171,卖盘,601727,2025-10-17 22:54:21
10:06:25,9.33,0.0,1483,1384148,卖盘,601727,2025-10-17 22:54:21
10:06:28,9.33,0.0,303,282685,买盘,601727,2025-10-17 22:54:21
10:06:31,9.33,0.0,869,810570,买盘,601727,2025-10-17 22:54:21
10:06:34,9.33,0.0,1230,1146968,卖盘,601727,2025-10-17 22:54:21
10:06:37,9.34,0.01,382,356536,买盘,601727,2025-10-17 22:54:21
10:06:40,9.33,-0.01,268,250165,卖盘,601727,2025-10-17 22:54:21
10:06:43,9.32,-0.01,969,903403,卖盘,601727,2025-10-17 22:54:21
10:06:46,9.32,0.0,240,223947,卖盘,601727,2025-10-17 22:54:21
10:06:50,9.33,0.01,201,187566,中性盘,601727,2025-10-17 22:54:21
10:06:52,9.34,0.01,208,194147,买盘,601727,2025-10-17 22:54:21
10:06:55,9.33,-0.01,718,669516,卖盘,601727,2025-10-17 22:54:21
10:06:59,9.34,0.01,1475,1376096,买盘,601727,2025-10-17 22:54:21
10:07:01,9.33,-0.01,434,404978,卖盘,601727,2025-10-17 22:54:21
10:07:04,9.34,0.01,364,339779,买盘,601727,2025-10-17 22:54:21
10:07:07,9.34,0.0,442,412347,买盘,601727,2025-10-17 22:54:21
10:07:10,9.34,0.0,913,852010,买盘,601727,2025-10-17 22:54:21
10:07:13,9.34,0.0,318,296811,买盘,601727,2025-10-17 22:54:21
10:07:16,9.34,0.0,510,476226,买盘,601727,2025-10-17 22:54:21
10:07:19,9.33,-0.01,750,699912,卖盘,601727,2025-10-17 22:54:21
10:07:22,9.33,0.0,375,349976,卖盘,601727,2025-10-17 22:54:21
10:07:26,9.34,0.01,394,367644,买盘,601727,2025-10-17 22:54:21
10:07:28,9.33,-0.01,607,566393,卖盘,601727,2025-10-17 22:54:21
10:07:31,9.34,0.01,3044,2842544,买盘,601727,2025-10-17 22:54:21
10:07:34,9.33,-0.01,354,330578,卖盘,601727,2025-10-17 22:54:21
10:07:37,9.34,0.01,209,195137,买盘,601727,2025-10-17 22:54:21
10:07:40,9.34,0.0,1268,1183912,买盘,601727,2025-10-17 22:54:21
10:07:43,9.34,0.0,483,450867,卖盘,601727,2025-10-17 22:54:21
10:07:46,9.34,0.0,2391,2233018,买盘,601727,2025-10-17 22:54:21
10:07:50,9.34,0.0,366,341787,买盘,601727,2025-10-17 22:54:21
10:07:52,9.36,0.02,6024,5632245,买盘,601727,2025-10-17 22:54:21
10:07:56,9.36,0.0,2339,2189258,买盘,601727,2025-10-17 22:54:21
10:07:58,9.36,0.0,264,247116,卖盘,601727,2025-10-17 22:54:21
10:08:01,9.37,0.01,174,162969,买盘,601727,2025-10-17 22:54:21
10:08:04,9.37,0.0,531,497314,买盘,601727,2025-10-17 22:54:21
10:08:07,9.37,0.0,734,687657,买盘,601727,2025-10-17 22:54:21
10:08:10,9.37,0.0,198,185625,卖盘,601727,2025-10-17 22:54:21
10:08:13,9.36,-0.01,1388,1300409,卖盘,601727,2025-10-17 22:54:21
10:08:16,9.36,0.0,1003,939073,买盘,601727,2025-10-17 22:54:21
10:08:19,9.35,-0.01,439,410754,中性盘,601727,2025-10-17 22:54:21
10:08:22,9.35,0.0,298,278643,买盘,601727,2025-10-17 22:54:21
10:08:26,9.35,0.0,870,814070,卖盘,601727,2025-10-17 22:54:21
10:08:28,9.35,0.0,877,819355,卖盘,601727,2025-10-17 22:54:21
10:08:31,9.34,-0.01,322,300980,卖盘,601727,2025-10-17 22:54:21
10:08:34,9.35,0.01,371,346625,买盘,601727,2025-10-17 22:54:21
10:08:37,9.34,-0.01,136,127057,卖盘,601727,2025-10-17 22:54:21
10:08:40,9.34,0.0,338,315716,卖盘,601727,2025-10-17 22:54:21
10:08:44,9.35,0.01,340,317697,买盘,601727,2025-10-17 22:54:21
10:08:46,9.35,0.0,218,203754,买盘,601727,2025-10-17 22:54:21
10:08:49,9.35,0.0,579,541043,买盘,601727,2025-10-17 22:54:21
10:08:52,9.34,-0.01,516,482042,中性盘,601727,2025-10-17 22:54:21
10:08:55,9.35,0.01,1086,1014897,买盘,601727,2025-10-17 22:54:21
10:08:58,9.34,-0.01,615,574539,买盘,601727,2025-10-17 22:54:21
10:09:01,9.34,0.0,1392,1299465,买盘,601727,2025-10-17 22:54:21
10:09:04,9.34,0.0,535,499625,买盘,601727,2025-10-17 22:54:21
10:09:07,9.34,0.0,416,388354,买盘,601727,2025-10-17 22:54:21
10:09:10,9.34,0.0,363,338828,买盘,601727,2025-10-17 22:54:21
10:09:13,9.34,0.0,415,387469,买盘,601727,2025-10-17 22:54:21
10:09:16,9.34,0.0,460,429557,买盘,601727,2025-10-17 22:54:21
10:09:19,9.33,-0.01,346,323054,卖盘,601727,2025-10-17 22:54:21
10:09:22,9.34,0.01,1744,1627483,买盘,601727,2025-10-17 22:54:21
10:09:25,9.34,0.0,284,265215,买盘,601727,2025-10-17 22:54:21
10:09:28,9.34,0.0,547,510545,买盘,601727,2025-10-17 22:54:21
10:09:31,9.34,0.0,173,161536,买盘,601727,2025-10-17 22:54:21
10:09:34,9.34,0.0,777,725638,买盘,601727,2025-10-17 22:54:21
10:09:37,9.34,0.0,444,414696,卖盘,601727,2025-10-17 22:54:21
10:09:40,9.34,0.0,643,600452,卖盘,601727,2025-10-17 22:54:21
10:09:43,9.34,0.0,197,183995,买盘,601727,2025-10-17 22:54:21
10:09:46,9.33,-0.01,453,423030,卖盘,601727,2025-10-17 22:54:21
10:09:50,9.34,0.01,256,238919,买盘,601727,2025-10-17 22:54:21
10:09:52,9.34,0.0,116,108315,买盘,601727,2025-10-17 22:54:21
10:09:55,9.33,-0.01,508,474292,卖盘,601727,2025-10-17 22:54:21
10:09:58,9.33,0.0,278,259392,卖盘,601727,2025-10-17 22:54:21
10:10:01,9.33,0.0,402,375157,卖盘,601727,2025-10-17 22:54:21
10:10:04,9.33,0.0,657,612999,卖盘,601727,2025-10-17 22:54:21
10:10:07,9.33,0.0,456,425444,买盘,601727,2025-10-17 22:54:21
10:10:10,9.32,-0.01,215,200547,卖盘,601727,2025-10-17 22:54:21
10:10:13,9.33,0.01,342,318951,买盘,601727,2025-10-17 22:54:21
10:10:16,9.33,0.0,452,421375,买盘,601727,2025-10-17 22:54:21
10:10:19,9.32,-0.01,832,776112,卖盘,601727,2025-10-17 22:54:21
10:10:22,9.32,0.0,708,660246,卖盘,601727,2025-10-17 22:54:21
10:10:25,9.33,0.01,575,536168,买盘,601727,2025-10-17 22:54:21
10:10:28,9.34,0.01,1690,1577017,买盘,601727,2025-10-17 22:54:21
10:10:31,9.34,0.0,927,865638,买盘,601727,2025-10-17 22:54:21
10:10:34,9.34,0.0,574,536103,买盘,601727,2025-10-17 22:54:21
10:10:37,9.34,0.0,163,152251,卖盘,601727,2025-10-17 22:54:21
10:10:40,9.35,0.01,189,176569,买盘,601727,2025-10-17 22:54:21
10:10:43,9.34,-0.01,951,888410,卖盘,601727,2025-10-17 22:54:21
10:10:46,9.35,0.01,337,314885,买盘,601727,2025-10-17 22:54:21
10:10:49,9.34,-0.01,307,286833,卖盘,601727,2025-10-17 22:54:21
10:10:52,9.34,0.0,452,422310,卖盘,601727,2025-10-17 22:54:21
10:10:55,9.35,0.01,349,326114,买盘,601727,2025-10-17 22:54:21
10:10:58,9.35,0.0,914,853968,买盘,601727,2025-10-17 22:54:21
10:11:01,9.35,0.0,123,114912,买盘,601727,2025-10-17 22:54:21
10:11:04,9.35,0.0,499,466327,买盘,601727,2025-10-17 22:54:21
10:11:07,9.35,0.0,2663,2489680,买盘,601727,2025-10-17 22:54:21
10:11:10,9.35,0.0,1539,1438976,买盘,601727,2025-10-17 22:54:21
10:11:13,9.36,0.01,804,752502,买盘,601727,2025-10-17 22:54:21
10:11:16,9.35,-0.01,800,748345,卖盘,601727,2025-10-17 22:54:21
10:11:19,9.36,0.01,919,859750,买盘,601727,2025-10-17 22:54:21
10:11:22,9.35,-0.01,214,200222,卖盘,601727,2025-10-17 22:54:21
10:11:25,9.36,0.01,425,397589,卖盘,601727,2025-10-17 22:54:21
10:11:28,9.36,0.0,555,519040,买盘,601727,2025-10-17 22:54:21
10:11:31,9.36,0.0,308,288235,买盘,601727,2025-10-17 22:54:21
10:11:34,9.36,0.0,1881,1758992,买盘,601727,2025-10-17 22:54:21
10:11:37,9.36,0.0,213,199260,买盘,601727,2025-10-17 22:54:21
10:11:40,9.35,-0.01,397,371322,中性盘,601727,2025-10-17 22:54:21
10:11:43,9.35,0.0,346,323495,买盘,601727,2025-10-17 22:54:21
10:11:46,9.35,0.0,532,497550,买盘,601727,2025-10-17 22:54:21
10:11:49,9.35,0.0,702,656347,买盘,601727,2025-10-17 22:54:21
10:11:52,9.35,0.0,818,764389,卖盘,601727,2025-10-17 22:54:21
10:11:55,9.36,0.01,427,399378,买盘,601727,2025-10-17 22:54:21
10:11:58,9.35,-0.01,973,909755,卖盘,601727,2025-10-17 22:54:21
10:12:01,9.34,-0.01,1291,1206109,卖盘,601727,2025-10-17 22:54:21
10:12:04,9.35,0.01,2165,2022598,买盘,601727,2025-10-17 22:54:21
10:12:07,9.35,0.0,216,201811,买盘,601727,2025-10-17 22:54:21
10:12:10,9.33,-0.02,273,255097,卖盘,601727,2025-10-17 22:54:21
10:12:13,9.34,0.01,191,178440,中性盘,601727,2025-10-17 22:54:21
10:12:16,9.34,0.0,1485,1386254,卖盘,601727,2025-10-17 22:54:21
10:12:19,9.34,0.0,160,149428,买盘,601727,2025-10-17 22:54:21
10:12:22,9.33,-0.01,2818,2629540,卖盘,601727,2025-10-17 22:54:21
10:12:25,9.33,0.0,156,145663,卖盘,601727,2025-10-17 22:54:21
10:12:28,9.33,0.0,594,554248,卖盘,601727,2025-10-17 22:54:21
10:12:31,9.33,0.0,776,724052,卖盘,601727,2025-10-17 22:54:21
10:12:34,9.34,0.01,208,194103,买盘,601727,2025-10-17 22:54:21
10:12:37,9.34,0.0,3177,2966727,买盘,601727,2025-10-17 22:54:21
10:12:40,9.34,0.0,1922,1794676,买盘,601727,2025-10-17 22:54:21
10:12:43,9.34,0.0,205,191470,卖盘,601727,2025-10-17 22:54:21
10:12:46,9.34,0.0,1094,1021975,卖盘,601727,2025-10-17 22:54:21
10:12:49,9.35,0.01,2326,2174894,买盘,601727,2025-10-17 22:54:21
10:12:52,9.35,0.0,732,684566,卖盘,601727,2025-10-17 22:54:21
10:12:55,9.35,0.0,268,250615,卖盘,601727,2025-10-17 22:54:21
10:12:58,9.35,0.0,560,523775,卖盘,601727,2025-10-17 22:54:21
10:13:01,9.35,0.0,575,537806,卖盘,601727,2025-10-17 22:54:21
10:13:04,9.35,0.0,731,683605,卖盘,601727,2025-10-17 22:54:21
10:13:07,9.36,0.01,1506,1408470,买盘,601727,2025-10-17 22:54:21
10:13:10,9.35,-0.01,1394,1303919,卖盘,601727,2025-10-17 22:54:21
10:13:13,9.35,0.0,171,160018,卖盘,601727,2025-10-17 22:54:21
10:13:17,9.36,0.01,778,728108,买盘,601727,2025-10-17 22:54:21
10:13:19,9.36,0.0,1146,1072576,卖盘,601727,2025-10-17 22:54:21
10:13:22,9.36,0.0,241,225586,买盘,601727,2025-10-17 22:54:21
10:13:25,9.35,-0.01,500,467887,卖盘,601727,2025-10-17 22:54:21
10:13:28,9.35,0.0,125,116915,卖盘,601727,2025-10-17 22:54:21
10:13:31,9.36,0.01,546,510788,买盘,601727,2025-10-17 22:54:21
10:13:34,9.36,0.0,337,315346,买盘,601727,2025-10-17 22:54:21
10:13:37,9.37,0.01,967,905736,买盘,601727,2025-10-17 22:54:21
10:13:40,9.36,-0.01,68,63648,中性盘,601727,2025-10-17 22:54:21
10:13:43,9.37,0.01,248,232158,买盘,601727,2025-10-17 22:54:21
10:13:46,9.37,0.0,157,146978,买盘,601727,2025-10-17 22:54:21
10:13:50,9.37,0.0,624,584373,买盘,601727,2025-10-17 22:54:21
10:13:52,9.36,-0.01,555,519607,卖盘,601727,2025-10-17 22:54:21
10:13:55,9.37,0.01,286,267829,买盘,601727,2025-10-17 22:54:21
10:13:58,9.36,-0.01,99,92729,卖盘,601727,2025-10-17 22:54:21
10:14:01,9.37,0.01,420,393418,买盘,601727,2025-10-17 22:54:21
10:14:04,9.37,0.0,695,650976,买盘,601727,2025-10-17 22:54:21
10:14:07,9.37,0.0,116,108685,买盘,601727,2025-10-17 22:54:21
10:14:10,9.37,0.0,656,614504,买盘,601727,2025-10-17 22:54:21
10:14:13,9.37,0.0,200,187390,买盘,601727,2025-10-17 22:54:21
10:14:16,9.37,0.0,458,428897,买盘,601727,2025-10-17 22:54:21
10:14:19,9.37,0.0,190,178012,买盘,601727,2025-10-17 22:54:21
10:14:22,9.37,0.0,203,190144,买盘,601727,2025-10-17 22:54:21
10:14:25,9.37,0.0,354,331582,买盘,601727,2025-10-17 22:54:21
10:14:28,9.36,-0.01,1143,1070497,卖盘,601727,2025-10-17 22:54:21
10:14:31,9.37,0.01,2550,2386364,买盘,601727,2025-10-17 22:54:21
10:14:34,9.36,-0.01,902,843807,买盘,601727,2025-10-17 22:54:21
10:14:37,9.36,0.0,634,593346,买盘,601727,2025-10-17 22:54:21
10:14:40,9.35,-0.01,371,347166,卖盘,601727,2025-10-17 22:54:21
10:14:43,9.36,0.01,463,433291,买盘,601727,2025-10-17 22:54:21
10:14:47,9.36,0.0,403,377196,买盘,601727,2025-10-17 22:54:21
10:14:49,9.36,0.0,162,151632,卖盘,601727,2025-10-17 22:54:21
10:14:52,9.36,0.0,503,471016,卖盘,601727,2025-10-17 22:54:21
10:14:55,9.37,0.01,649,607493,买盘,601727,2025-10-17 22:54:21
10:14:58,9.35,-0.02,661,618237,卖盘,601727,2025-10-17 22:54:21
10:15:01,9.35,0.0,772,722490,卖盘,601727,2025-10-17 22:54:21
10:15:04,9.36,0.01,8278,7740796,买盘,601727,2025-10-17 22:54:21
10:15:07,9.36,0.0,344,321768,卖盘,601727,2025-10-17 22:54:21
10:15:10,9.35,-0.01,129,120739,卖盘,601727,2025-10-17 22:54:21
10:15:13,9.36,0.01,249,233040,买盘,601727,2025-10-17 22:54:21
10:15:16,9.36,0.0,369,345174,买盘,601727,2025-10-17 22:54:21
10:15:19,9.36,0.0,328,306744,买盘,601727,2025-10-17 22:54:21
10:15:22,9.36,0.0,1037,969727,买盘,601727,2025-10-17 22:54:21
10:15:25,9.36,0.0,222,207741,买盘,601727,2025-10-17 22:54:21
10:15:28,9.36,0.0,315,294718,买盘,601727,2025-10-17 22:54:21
10:15:31,9.35,-0.01,749,700635,卖盘,601727,2025-10-17 22:54:21
10:15:34,9.36,0.01,522,488244,买盘,601727,2025-10-17 22:54:21
10:15:37,9.36,0.0,347,324390,买盘,601727,2025-10-17 22:54:21
10:15:40,9.35,-0.01,225,210553,卖盘,601727,2025-10-17 22:54:21
10:15:43,9.36,0.01,438,409760,买盘,601727,2025-10-17 22:54:21
10:15:46,9.35,-0.01,187,174868,卖盘,601727,2025-10-17 22:54:21
10:15:49,9.36,0.01,199,186161,买盘,601727,2025-10-17 22:54:21
10:15:52,9.35,-0.01,48,44892,卖盘,601727,2025-10-17 22:54:21
10:15:55,9.36,0.01,197,184278,买盘,601727,2025-10-17 22:54:21
10:15:58,9.35,-0.01,135,126284,卖盘,601727,2025-10-17 22:54:21
10:16:01,9.36,0.01,341,318977,买盘,601727,2025-10-17 22:54:21
10:16:05,9.36,0.0,49,45844,买盘,601727,2025-10-17 22:54:21
10:16:07,9.36,0.0,1064,995839,买盘,601727,2025-10-17 22:54:21
10:16:11,9.36,0.0,999,935023,买盘,601727,2025-10-17 22:54:21
10:16:13,9.36,0.0,76,71162,卖盘,601727,2025-10-17 22:54:21
10:16:16,9.36,0.0,403,377272,卖盘,601727,2025-10-17 22:54:21
10:16:19,9.36,0.0,370,346325,卖盘,601727,2025-10-17 22:54:21
10:16:22,9.37,0.01,449,420258,买盘,601727,2025-10-17 22:54:21
10:16:25,9.37,0.0,31,29027,买盘,601727,2025-10-17 22:54:21
10:16:28,9.36,-0.01,235,220066,卖盘,601727,2025-10-17 22:54:21
10:16:31,9.37,0.01,90,84275,买盘,601727,2025-10-17 22:54:21
10:16:34,9.37,0.0,180,168606,买盘,601727,2025-10-17 22:54:21
10:16:37,9.37,0.0,1587,1486900,买盘,601727,2025-10-17 22:54:21
10:16:40,9.37,0.0,1500,1404986,买盘,601727,2025-10-17 22:54:21
10:16:43,9.37,0.0,536,502232,卖盘,601727,2025-10-17 22:54:21
10:16:46,9.37,0.0,393,368197,卖盘,601727,2025-10-17 22:54:21
10:16:49,9.36,-0.01,404,378355,卖盘,601727,2025-10-17 22:54:21
10:16:52,9.36,0.0,409,383249,卖盘,601727,2025-10-17 22:54:21
10:16:55,9.37,0.01,377,353173,买盘,601727,2025-10-17 22:54:21
10:16:58,9.37,0.0,256,239813,买盘,601727,2025-10-17 22:54:21
10:17:02,9.37,0.0,256,239757,买盘,601727,2025-10-17 22:54:21
10:17:04,9.37,0.0,506,473717,买盘,601727,2025-10-17 22:54:21
10:17:07,9.37,0.0,2813,2633705,卖盘,601727,2025-10-17 22:54:21
10:17:11,9.37,0.0,299,280134,买盘,601727,2025-10-17 22:54:21
10:17:14,9.37,0.0,323,302640,买盘,601727,2025-10-17 22:54:21
10:17:17,9.36,-0.01,405,379436,卖盘,601727,2025-10-17 22:54:21
10:17:19,9.37,0.01,403,377557,买盘,601727,2025-10-17 22:54:21
10:17:22,9.36,-0.01,179,167576,卖盘,601727,2025-10-17 22:54:21
10:17:25,9.37,0.01,97,90851,买盘,601727,2025-10-17 22:54:21
10:17:28,9.37,0.0,203,190083,买盘,601727,2025-10-17 22:54:21
10:17:31,9.37,0.0,606,567810,买盘,601727,2025-10-17 22:54:21
10:17:34,9.37,0.0,1006,942333,买盘,601727,2025-10-17 22:54:21
10:17:37,9.37,0.0,826,773875,买盘,601727,2025-10-17 22:54:21
10:17:40,9.37,0.0,350,327804,买盘,601727,2025-10-17 22:54:21
10:17:43,9.37,0.0,260,243516,买盘,601727,2025-10-17 22:54:21
10:17:46,9.37,0.0,137,128343,买盘,601727,2025-10-17 22:54:21
10:17:49,9.36,-0.01,158,148011,卖盘,601727,2025-10-17 22:54:21
10:17:52,9.35,-0.01,3033,2836775,卖盘,601727,2025-10-17 22:54:21
10:17:55,9.35,0.0,1996,1866415,卖盘,601727,2025-10-17 22:54:21
10:17:58,9.35,0.0,523,489019,买盘,601727,2025-10-17 22:54:21
10:18:01,9.35,0.0,82,76648,买盘,601727,2025-10-17 22:54:21
10:18:04,9.35,0.0,635,593565,买盘,601727,2025-10-17 22:54:21
10:18:07,9.35,0.0,281,262691,买盘,601727,2025-10-17 22:54:21
10:18:10,9.35,0.0,493,460856,买盘,601727,2025-10-17 22:54:21
10:18:13,9.35,0.0,226,211315,买盘,601727,2025-10-17 22:54:21
10:18:16,9.35,0.0,10,9350,卖盘,601727,2025-10-17 22:54:21
10:18:19,9.35,0.0,215,201025,卖盘,601727,2025-10-17 22:54:21
10:18:22,9.36,0.01,1226,1146921,买盘,601727,2025-10-17 22:54:21
10:18:25,9.35,-0.01,255,238426,卖盘,601727,2025-10-17 22:54:21
10:18:28,9.34,-0.01,100,93490,卖盘,601727,2025-10-17 22:54:21
10:18:31,9.35,0.01,118,110292,买盘,601727,2025-10-17 22:54:21
10:18:34,9.35,0.0,917,857217,买盘,601727,2025-10-17 22:54:21
10:18:37,9.36,0.01,394,368189,买盘,601727,2025-10-17 22:54:21
10:18:40,9.34,-0.02,185,172943,卖盘,601727,2025-10-17 22:54:21
10:18:43,9.34,0.0,399,372699,卖盘,601727,2025-10-17 22:54:21
10:18:46,9.35,0.01,325,303821,买盘,601727,2025-10-17 22:54:21
10:18:49,9.35,0.0,144,134625,买盘,601727,2025-10-17 22:54:21
10:18:52,9.34,-0.01,214,199929,卖盘,601727,2025-10-17 22:54:21
10:18:55,9.34,0.0,229,213924,卖盘,601727,2025-10-17 22:54:21
10:18:58,9.34,0.0,175,163481,卖盘,601727,2025-10-17 22:54:21
10:19:01,9.34,0.0,171,159751,卖盘,601727,2025-10-17 22:54:21
10:19:04,9.34,0.0,229,213896,卖盘,601727,2025-10-17 22:54:21
10:19:07,9.34,0.0,1039,970426,卖盘,601727,2025-10-17 22:54:21
10:19:10,9.34,0.0,165,154110,买盘,601727,2025-10-17 22:54:21
10:19:13,9.33,-0.01,568,530156,卖盘,601727,2025-10-17 22:54:21
10:19:16,9.33,0.0,786,733368,卖盘,601727,2025-10-17 22:54:21
10:19:19,9.33,0.0,903,842790,卖盘,601727,2025-10-17 22:54:21
10:19:22,9.33,0.0,167,155896,卖盘,601727,2025-10-17 22:54:21
10:19:25,9.33,0.0,502,468499,卖盘,601727,2025-10-17 22:54:21
10:19:28,9.33,0.0,419,391138,卖盘,601727,2025-10-17 22:54:21
10:19:31,9.33,0.0,935,872355,卖盘,601727,2025-10-17 22:54:21
10:19:34,9.33,0.0,360,335959,买盘,601727,2025-10-17 22:54:21
10:19:37,9.34,0.01,358,334209,买盘,601727,2025-10-17 22:54:21
10:19:40,9.34,0.0,280,261414,买盘,601727,2025-10-17 22:54:21
10:19:43,9.34,0.0,374,349292,卖盘,601727,2025-10-17 22:54:21
10:19:46,9.34,0.0,192,179298,买盘,601727,2025-10-17 22:54:21
10:19:49,9.33,-0.01,262,244655,卖盘,601727,2025-10-17 22:54:21
10:19:52,9.34,0.01,1306,1218614,买盘,601727,2025-10-17 22:54:21
10:19:55,9.33,-0.01,73,68148,卖盘,601727,2025-10-17 22:54:21
10:19:58,9.33,0.0,1189,1109347,卖盘,601727,2025-10-17 22:54:21
10:20:01,9.33,0.0,216,201561,卖盘,601727,2025-10-17 22:54:21
10:20:04,9.34,0.01,399,372510,买盘,601727,2025-10-17 22:54:21
10:20:07,9.34,0.0,1834,1712816,买盘,601727,2025-10-17 22:54:21
10:20:10,9.34,0.0,1004,937017,买盘,601727,2025-10-17 22:54:21
10:20:13,9.34,0.0,667,622569,卖盘,601727,2025-10-17 22:54:21
10:20:16,9.34,0.0,129,120472,卖盘,601727,2025-10-17 22:54:21
10:20:19,9.34,0.0,973,908817,卖盘,601727,2025-10-17 22:54:21
10:20:22,9.34,0.0,175,163530,卖盘,601727,2025-10-17 22:54:21
10:20:25,9.35,0.01,648,605509,买盘,601727,2025-10-17 22:54:21
10:20:28,9.34,-0.01,190,177524,卖盘,601727,2025-10-17 22:54:21
10:20:31,9.35,0.01,125,116794,买盘,601727,2025-10-17 22:54:21
10:20:34,9.34,-0.01,1488,1389827,卖盘,601727,2025-10-17 22:54:21
10:20:37,9.34,0.0,423,395024,买盘,601727,2025-10-17 22:54:21
10:20:40,9.33,-0.01,733,684075,卖盘,601727,2025-10-17 22:54:21
10:20:43,9.34,0.01,226,211020,买盘,601727,2025-10-17 22:54:21
10:20:46,9.34,0.0,203,189422,买盘,601727,2025-10-17 22:54:21
10:20:49,9.34,0.0,116,108273,买盘,601727,2025-10-17 22:54:21
10:20:52,9.34,0.0,424,395695,买盘,601727,2025-10-17 22:54:21
10:20:55,9.34,0.0,1823,1702544,买盘,601727,2025-10-17 22:54:21
10:20:58,9.34,0.0,360,336252,卖盘,601727,2025-10-17 22:54:21
10:21:01,9.34,0.0,128,119558,卖盘,601727,2025-10-17 22:54:21
10:21:04,9.35,0.01,200,186840,买盘,601727,2025-10-17 22:54:21
10:21:07,9.34,-0.01,383,357786,卖盘,601727,2025-10-17 22:54:21
10:21:10,9.34,0.0,201,187764,卖盘,601727,2025-10-17 22:54:21
10:21:13,9.35,0.01,797,744458,买盘,601727,2025-10-17 22:54:21
10:21:16,9.35,0.0,385,359917,买盘,601727,2025-10-17 22:54:21
10:21:19,9.35,0.0,834,779551,买盘,601727,2025-10-17 22:54:21
10:21:22,9.35,0.0,112,104700,买盘,601727,2025-10-17 22:54:21
10:21:25,9.35,0.0,973,908911,买盘,601727,2025-10-17 22:54:21
10:21:28,9.35,0.0,385,359870,买盘,601727,2025-10-17 22:54:21
10:21:31,9.34,-0.01,238,222511,卖盘,601727,2025-10-17 22:54:21
10:21:34,9.34,0.0,42,39251,卖盘,601727,2025-10-17 22:54:21
10:21:37,9.35,0.01,282,263486,买盘,601727,2025-10-17 22:54:21
10:21:40,9.35,0.0,364,339999,买盘,601727,2025-10-17 22:54:21
10:21:43,9.35,0.0,144,134625,买盘,601727,2025-10-17 22:54:21
10:21:46,9.35,0.0,314,293421,买盘,601727,2025-10-17 22:54:21
10:21:49,9.35,0.0,1130,1056014,买盘,601727,2025-10-17 22:54:21
10:21:52,9.34,-0.01,209,195338,卖盘,601727,2025-10-17 22:54:21
10:21:55,9.34,0.0,93,86899,卖盘,601727,2025-10-17 22:54:21
10:21:58,9.35,0.01,80,74747,买盘,601727,2025-10-17 22:54:21
10:22:01,9.34,-0.01,811,757644,卖盘,601727,2025-10-17 22:54:21
10:22:04,9.35,0.01,109,101827,买盘,601727,2025-10-17 22:54:21
10:22:07,9.35,0.0,168,156986,买盘,601727,2025-10-17 22:54:21
10:22:10,9.34,-0.01,740,691508,卖盘,601727,2025-10-17 22:54:21
10:22:14,9.35,0.01,349,326297,买盘,601727,2025-10-17 22:54:21
10:22:16,9.35,0.0,1014,948110,买盘,601727,2025-10-17 22:54:21
10:22:19,9.36,0.01,752,703695,买盘,601727,2025-10-17 22:54:21
10:22:22,9.35,-0.01,601,562220,卖盘,601727,2025-10-17 22:54:21
10:22:25,9.36,0.01,15,14028,买盘,601727,2025-10-17 22:54:21
10:22:28,9.36,0.0,123,115034,买盘,601727,2025-10-17 22:54:21
10:22:31,9.36,0.0,171,159968,买盘,601727,2025-10-17 22:54:21
10:22:34,9.36,0.0,189,176830,买盘,601727,2025-10-17 22:54:21
10:22:37,9.36,0.0,144,134744,买盘,601727,2025-10-17 22:54:21
10:22:40,9.35,-0.01,458,428387,卖盘,601727,2025-10-17 22:54:21
10:22:43,9.36,0.01,189,176869,买盘,601727,2025-10-17 22:54:21
10:22:46,9.36,0.0,2072,1939386,买盘,601727,2025-10-17 22:54:21
10:22:49,9.36,0.0,138,129168,卖盘,601727,2025-10-17 22:54:21
10:22:52,9.37,0.01,325,304304,买盘,601727,2025-10-17 22:54:21
10:22:56,9.37,0.0,275,257440,买盘,601727,2025-10-17 22:54:21
10:22:59,9.37,0.0,683,639696,买盘,601727,2025-10-17 22:54:21
10:23:01,9.36,-0.01,1627,1523050,卖盘,601727,2025-10-17 22:54:21
10:23:05,9.35,-0.01,895,837204,卖盘,601727,2025-10-17 22:54:21
10:23:08,9.36,0.01,237,221793,买盘,601727,2025-10-17 22:54:21
10:23:10,9.35,-0.01,1883,1760003,卖盘,601727,2025-10-17 22:54:21
10:23:13,9.35,0.0,357,333887,卖盘,601727,2025-10-17 22:54:21
10:23:16,9.34,-0.01,379,354448,卖盘,601727,2025-10-17 22:54:21
10:23:19,9.34,0.0,307,287004,卖盘,601727,2025-10-17 22:54:21
10:23:22,9.35,0.01,342,319763,买盘,601727,2025-10-17 22:54:21
10:23:25,9.34,-0.01,151,141136,卖盘,601727,2025-10-17 22:54:21
10:23:28,9.34,0.0,238,222406,卖盘,601727,2025-10-17 22:54:21
10:23:31,9.35,0.01,318,297263,买盘,601727,2025-10-17 22:54:21
10:23:34,9.34,-0.01,189,176693,卖盘,601727,2025-10-17 22:54:21
10:23:37,9.35,0.01,289,270206,买盘,601727,2025-10-17 22:54:21
10:23:40,9.35,0.0,189,176677,买盘,601727,2025-10-17 22:54:21
10:23:43,9.35,0.0,153,142947,买盘,601727,2025-10-17 22:54:21
10:23:46,9.34,-0.01,171,159737,卖盘,601727,2025-10-17 22:54:21
10:23:50,9.35,0.01,635,593651,买盘,601727,2025-10-17 22:54:21
10:23:52,9.35,0.0,58,54205,买盘,601727,2025-10-17 22:54:21
10:23:55,9.34,-0.01,4591,4285217,卖盘,601727,2025-10-17 22:54:21
10:23:58,9.34,0.0,107,99923,买盘,601727,2025-10-17 22:54:21
10:24:02,9.33,-0.01,202,188463,中性盘,601727,2025-10-17 22:54:21
10:24:04,9.33,0.0,250,233321,买盘,601727,2025-10-17 22:54:21
10:24:07,9.33,0.0,52,48519,卖盘,601727,2025-10-17 22:54:21
10:24:10,9.33,0.0,210,195944,卖盘,601727,2025-10-17 22:54:21
10:24:13,9.33,0.0,263,245387,卖盘,601727,2025-10-17 22:54:21
10:24:16,9.33,0.0,344,320777,卖盘,601727,2025-10-17 22:54:21
10:24:19,9.33,0.0,65,60645,买盘,601727,2025-10-17 22:54:21
10:24:22,9.33,0.0,113,105421,买盘,601727,2025-10-17 22:54:21
10:24:25,9.33,0.0,173,161463,卖盘,601727,2025-10-17 22:54:21
10:24:28,9.33,0.0,191,178214,卖盘,601727,2025-10-17 22:54:21
10:24:31,9.34,0.01,830,774528,买盘,601727,2025-10-17 22:54:21
10:24:34,9.33,-0.01,422,393726,卖盘,601727,2025-10-17 22:54:21
10:24:37,9.32,-0.01,35,32649,卖盘,601727,2025-10-17 22:54:21
10:24:40,9.32,0.0,255,237723,卖盘,601727,2025-10-17 22:54:21
10:24:43,9.33,0.01,96,89518,买盘,601727,2025-10-17 22:54:21
10:24:46,9.32,-0.01,267,249005,卖盘,601727,2025-10-17 22:54:21
10:24:49,9.33,0.01,709,660937,买盘,601727,2025-10-17 22:54:21
10:24:52,9.33,0.0,497,463395,买盘,601727,2025-10-17 22:54:21
10:24:55,9.33,0.0,676,630067,买盘,601727,2025-10-17 22:54:21
10:24:58,9.32,-0.01,118,110021,卖盘,601727,2025-10-17 22:54:21
10:25:01,9.33,0.01,154,143680,买盘,601727,2025-10-17 22:54:21
10:25:04,9.32,-0.01,131,122120,卖盘,601727,2025-10-17 22:54:21
10:25:07,9.33,0.01,262,244243,买盘,601727,2025-10-17 22:54:21
10:25:10,9.32,-0.01,169,157572,卖盘,601727,2025-10-17 22:54:21
10:25:13,9.33,0.01,551,514073,买盘,601727,2025-10-17 22:54:21
10:25:16,9.32,-0.01,288,268619,卖盘,601727,2025-10-17 22:54:21
10:25:19,9.34,0.02,51,47576,买盘,601727,2025-10-17 22:54:21
10:25:22,9.33,-0.01,1082,1008530,卖盘,601727,2025-10-17 22:54:21
10:25:25,9.32,-0.01,262,244436,卖盘,601727,2025-10-17 22:54:21
10:25:28,9.33,0.01,294,274209,中性盘,601727,2025-10-17 22:54:21
10:25:31,9.33,0.0,254,236966,卖盘,601727,2025-10-17 22:54:21
10:25:34,9.34,0.01,296,276304,买盘,601727,2025-10-17 22:54:21
10:25:37,9.34,0.0,226,210989,买盘,601727,2025-10-17 22:54:21
10:25:40,9.34,0.0,262,244708,买盘,601727,2025-10-17 22:54:21
10:25:43,9.34,0.0,88,82192,卖盘,601727,2025-10-17 22:54:21
10:25:46,9.34,0.0,250,233399,卖盘,601727,2025-10-17 22:54:21
10:25:49,9.35,0.01,74,69127,买盘,601727,2025-10-17 22:54:21
10:25:52,9.34,-0.01,241,225095,卖盘,601727,2025-10-17 22:54:21
10:25:55,9.34,0.0,43,40168,卖盘,601727,2025-10-17 22:54:21
10:25:58,9.34,0.0,100,93411,卖盘,601727,2025-10-17 22:54:21
10:26:01,9.34,0.0,46,42981,卖盘,601727,2025-10-17 22:54:21
10:26:04,9.34,0.0,938,876087,卖盘,601727,2025-10-17 22:54:21
10:26:07,9.33,-0.01,384,358523,卖盘,601727,2025-10-17 22:54:21
10:26:10,9.34,0.01,436,406923,买盘,601727,2025-10-17 22:54:21
10:26:13,9.33,-0.01,282,263332,卖盘,601727,2025-10-17 22:54:21
10:26:16,9.33,0.0,428,399396,卖盘,601727,2025-10-17 22:54:21
10:26:19,9.33,0.0,186,173570,卖盘,601727,2025-10-17 22:54:21
10:26:22,9.34,0.01,328,306195,买盘,601727,2025-10-17 22:54:21
10:26:25,9.33,-0.01,86,80249,卖盘,601727,2025-10-17 22:54:21
10:26:28,9.34,0.01,361,337139,买盘,601727,2025-10-17 22:54:21
10:26:31,9.34,0.0,320,298690,买盘,601727,2025-10-17 22:54:21
10:26:34,9.33,-0.01,148,138186,卖盘,601727,2025-10-17 22:54:21
10:26:37,9.33,0.0,73,68135,卖盘,601727,2025-10-17 22:54:21
10:26:40,9.34,0.01,329,307032,买盘,601727,2025-10-17 22:54:21
10:26:43,9.33,-0.01,519,484384,卖盘,601727,2025-10-17 22:54:21
10:26:46,9.33,0.0,142,132560,卖盘,601727,2025-10-17 22:54:21
10:26:49,9.33,0.0,108,100830,卖盘,601727,2025-10-17 22:54:21
10:26:52,9.34,0.01,337,314589,买盘,601727,2025-10-17 22:54:21
10:26:55,9.34,0.0,446,416184,买盘,601727,2025-10-17 22:54:21
10:26:58,9.34,0.0,64,59740,买盘,601727,2025-10-17 22:54:21
10:27:01,9.34,0.0,1495,1396319,买盘,601727,2025-10-17 22:54:21
10:27:04,9.35,0.01,226,211114,买盘,601727,2025-10-17 22:54:21
10:27:07,9.34,-0.01,612,571852,卖盘,601727,2025-10-17 22:54:21
10:27:10,9.35,0.01,92,85952,买盘,601727,2025-10-17 22:54:21
10:27:13,9.35,0.0,3493,3266041,买盘,601727,2025-10-17 22:54:21
10:27:16,9.36,0.01,3776,3534381,买盘,601727,2025-10-17 22:54:21
10:27:19,9.36,0.0,455,425932,卖盘,601727,2025-10-17 22:54:21
10:27:23,9.37,0.01,33,30901,买盘,601727,2025-10-17 22:54:21
10:27:25,9.37,0.0,99,92735,买盘,601727,2025-10-17 22:54:21
10:27:28,9.36,-0.01,99,92674,卖盘,601727,2025-10-17 22:54:21
10:27:31,9.37,0.01,174,162912,买盘,601727,2025-10-17 22:54:21
10:27:34,9.36,-0.01,198,185489,卖盘,601727,2025-10-17 22:54:21
10:27:37,9.36,0.0,170,159133,卖盘,601727,2025-10-17 22:54:21
10:27:40,9.36,0.0,1164,1090467,卖盘,601727,2025-10-17 22:54:21
10:27:43,9.36,0.0,339,317392,卖盘,601727,2025-10-17 22:54:21
10:27:46,9.37,0.01,169,158293,买盘,601727,2025-10-17 22:54:21
10:27:50,9.37,0.0,635,594624,买盘,601727,2025-10-17 22:54:21
10:27:52,9.37,0.0,144,134903,买盘,601727,2025-10-17 22:54:21
10:27:55,9.36,-0.01,829,776751,卖盘,601727,2025-10-17 22:54:21
10:27:58,9.37,0.01,416,389695,买盘,601727,2025-10-17 22:54:21
10:28:01,9.37,0.0,321,300706,买盘,601727,2025-10-17 22:54:21
10:28:04,9.36,-0.01,239,223780,卖盘,601727,2025-10-17 22:54:21
10:28:07,9.36,0.0,745,697554,卖盘,601727,2025-10-17 22:54:21
10:28:10,9.36,0.0,176,164792,卖盘,601727,2025-10-17 22:54:21
10:28:14,9.36,0.0,466,436371,卖盘,601727,2025-10-17 22:54:21
10:28:16,9.37,0.01,2151,2015436,买盘,601727,2025-10-17 22:54:21
10:28:19,9.38,0.01,153,143456,买盘,601727,2025-10-17 22:54:21
10:28:22,9.37,-0.01,144,134928,卖盘,601727,2025-10-17 22:54:21
10:28:25,9.37,0.0,56,52486,卖盘,601727,2025-10-17 22:54:21
10:28:28,9.38,0.01,434,406974,买盘,601727,2025-10-17 22:54:21
10:28:31,9.37,-0.01,849,795526,卖盘,601727,2025-10-17 22:54:21
10:28:34,9.38,0.01,348,326285,买盘,601727,2025-10-17 22:54:21
10:28:37,9.38,0.0,485,454606,买盘,601727,2025-10-17 22:54:21
10:28:40,9.38,0.0,378,354494,买盘,601727,2025-10-17 22:54:21
10:28:43,9.38,0.0,894,838432,买盘,601727,2025-10-17 22:54:21
10:28:46,9.38,0.0,663,621599,买盘,601727,2025-10-17 22:54:21
10:28:49,9.38,0.0,306,286934,买盘,601727,2025-10-17 22:54:21
10:28:52,9.38,0.0,316,296295,买盘,601727,2025-10-17 22:54:21
10:28:55,9.38,0.0,2123,1990609,买盘,601727,2025-10-17 22:54:21
10:28:59,9.37,-0.01,325,304794,卖盘,601727,2025-10-17 22:54:21
10:29:01,9.36,-0.01,1594,1494251,卖盘,601727,2025-10-17 22:54:21
10:29:05,9.37,0.01,1421,1331567,买盘,601727,2025-10-17 22:54:21
10:29:07,9.37,0.0,258,241638,买盘,601727,2025-10-17 22:54:21
10:29:10,9.37,0.0,2022,1892971,买盘,601727,2025-10-17 22:54:21
10:29:13,9.37,0.0,76,71207,买盘,601727,2025-10-17 22:54:21
10:29:16,9.37,0.0,136,127409,买盘,601727,2025-10-17 22:54:21
10:29:19,9.37,0.0,324,303382,买盘,601727,2025-10-17 22:54:21
10:29:22,9.37,0.0,309,289513,买盘,601727,2025-10-17 22:54:21
10:29:25,9.37,0.0,315,294936,买盘,601727,2025-10-17 22:54:21
10:29:28,9.37,0.0,515,482549,买盘,601727,2025-10-17 22:54:21
10:29:31,9.36,-0.01,1107,1036392,卖盘,601727,2025-10-17 22:54:21
10:29:34,9.37,0.01,104,97425,买盘,601727,2025-10-17 22:54:21
10:29:37,9.37,0.0,200,187371,买盘,601727,2025-10-17 22:54:21
10:29:40,9.37,0.0,86,80541,买盘,601727,2025-10-17 22:54:21
10:29:43,9.36,-0.01,628,587808,卖盘,601727,2025-10-17 22:54:21
10:29:46,9.36,0.0,166,155376,买盘,601727,2025-10-17 22:54:21
10:29:49,9.36,0.0,107,100152,买盘,601727,2025-10-17 22:54:21
10:29:52,9.36,0.0,171,159958,买盘,601727,2025-10-17 22:54:21
10:29:55,9.35,-0.01,242,226402,卖盘,601727,2025-10-17 22:54:21
10:29:58,9.35,0.0,582,544293,卖盘,601727,2025-10-17 22:54:21
10:30:02,9.36,0.01,91,85144,买盘,601727,2025-10-17 22:54:21
10:30:04,9.35,-0.01,541,506280,卖盘,601727,2025-10-17 22:54:21
10:30:07,9.36,0.01,447,418277,买盘,601727,2025-10-17 22:54:21
10:30:11,9.35,-0.01,290,271266,卖盘,601727,2025-10-17 22:54:21
10:30:13,9.35,0.0,450,420901,卖盘,601727,2025-10-17 22:54:21
10:30:16,9.35,0.0,193,180548,卖盘,601727,2025-10-17 22:54:21
10:30:19,9.35,0.0,331,309701,卖盘,601727,2025-10-17 22:54:21
10:30:22,9.36,0.01,3118,2918461,买盘,601727,2025-10-17 22:54:21
10:30:25,9.37,0.01,330,309108,买盘,601727,2025-10-17 22:54:21
10:30:28,9.36,-0.01,495,463246,卖盘,601727,2025-10-17 22:54:21
10:30:31,9.36,0.0,241,225610,卖盘,601727,2025-10-17 22:54:21
10:30:34,9.37,0.01,500,468079,买盘,601727,2025-10-17 22:54:21
10:30:37,9.36,-0.01,540,505441,卖盘,601727,2025-10-17 22:54:21
10:30:40,9.36,0.0,232,217175,买盘,601727,2025-10-17 22:54:21
10:30:43,9.36,0.0,169,158250,卖盘,601727,2025-10-17 22:54:21
10:30:46,9.37,0.01,101,94561,买盘,601727,2025-10-17 22:54:21
10:30:49,9.37,0.0,174,163023,买盘,601727,2025-10-17 22:54:21
10:30:52,9.36,-0.01,99,92755,卖盘,601727,2025-10-17 22:54:21
10:30:55,9.37,0.01,230,215420,买盘,601727,2025-10-17 22:54:21
10:30:58,9.36,-0.01,21,19669,卖盘,601727,2025-10-17 22:54:21
10:31:01,9.36,0.0,100,93628,卖盘,601727,2025-10-17 22:54:21
10:31:04,9.37,0.01,110,102968,买盘,601727,2025-10-17 22:54:21
10:31:07,9.37,0.0,185,173331,买盘,601727,2025-10-17 22:54:21
10:31:10,9.37,0.0,85,79599,买盘,601727,2025-10-17 22:54:21
10:31:13,9.37,0.0,152,142411,买盘,601727,2025-10-17 22:54:21
10:31:17,9.37,0.0,218,204259,买盘,601727,2025-10-17 22:54:21
10:31:19,9.36,-0.01,174,162942,卖盘,601727,2025-10-17 22:54:21
10:31:23,9.37,0.01,165,154604,买盘,601727,2025-10-17 22:54:21
10:31:26,9.37,0.0,2110,1977060,买盘,601727,2025-10-17 22:54:21
10:31:28,9.38,0.01,168,157436,买盘,601727,2025-10-17 22:54:21
10:31:31,9.38,0.0,65,60940,买盘,601727,2025-10-17 22:54:21
10:31:34,9.38,0.0,638,598372,买盘,601727,2025-10-17 22:54:21
10:31:37,9.37,-0.01,418,392072,卖盘,601727,2025-10-17 22:54:21
10:31:40,9.37,0.0,108,101272,卖盘,601727,2025-10-17 22:54:21
10:31:43,9.37,0.0,242,226854,卖盘,601727,2025-10-17 22:54:21
10:31:46,9.38,0.01,197,184783,买盘,601727,2025-10-17 22:54:21
10:31:49,9.37,-0.01,801,750593,卖盘,601727,2025-10-17 22:54:21
10:31:52,9.37,0.0,348,326279,卖盘,601727,2025-10-17 22:54:21
10:31:55,9.37,0.0,436,408762,卖盘,601727,2025-10-17 22:54:21
10:31:58,9.38,0.01,304,285056,买盘,601727,2025-10-17 22:54:21
10:32:01,9.38,0.0,138,129371,买盘,601727,2025-10-17 22:54:21
10:32:04,9.38,0.0,74,69393,买盘,601727,2025-10-17 22:54:21
10:32:07,9.38,0.0,1067,1000785,买盘,601727,2025-10-17 22:54:21
10:32:10,9.38,0.0,1497,1404203,卖盘,601727,2025-10-17 22:54:21
10:32:13,9.39,0.01,225,211072,买盘,601727,2025-10-17 22:54:21
10:32:16,9.39,0.0,1071,1004932,买盘,601727,2025-10-17 22:54:21
10:32:19,9.39,0.0,204,191541,买盘,601727,2025-10-17 22:54:21
10:32:22,9.39,0.0,312,292940,买盘,601727,2025-10-17 22:54:21
10:32:25,9.39,0.0,208,195229,买盘,601727,2025-10-17 22:54:21
10:32:28,9.39,0.0,302,283393,买盘,601727,2025-10-17 22:54:21
10:32:31,9.38,-0.01,1227,1152043,卖盘,601727,2025-10-17 22:54:21
10:32:34,9.39,0.01,741,695772,买盘,601727,2025-10-17 22:54:21
10:32:37,9.39,0.0,832,781035,买盘,601727,2025-10-17 22:54:21
10:32:40,9.39,0.0,659,618752,买盘,601727,2025-10-17 22:54:21
10:32:43,9.39,0.0,549,515486,买盘,601727,2025-10-17 22:54:21
10:32:46,9.39,0.0,481,451623,买盘,601727,2025-10-17 22:54:21
10:32:49,9.39,0.0,524,491870,买盘,601727,2025-10-17 22:54:21
10:32:52,9.39,0.0,237,222510,买盘,601727,2025-10-17 22:54:21
10:32:55,9.39,0.0,1002,940257,买盘,601727,2025-10-17 22:54:21
10:32:58,9.39,0.0,318,298569,买盘,601727,2025-10-17 22:54:21
10:33:01,9.38,-0.01,1222,1146476,卖盘,601727,2025-10-17 22:54:21
10:33:05,9.38,0.0,3550,3329918,卖盘,601727,2025-10-17 22:54:21
10:33:07,9.38,0.0,77,72221,买盘,601727,2025-10-17 22:54:21
10:33:10,9.38,0.0,224,210014,买盘,601727,2025-10-17 22:54:21
10:33:13,9.38,0.0,74,69387,买盘,601727,2025-10-17 22:54:21
10:33:16,9.38,0.0,157,147258,买盘,601727,2025-10-17 22:54:21
10:33:19,9.38,0.0,187,175383,买盘,601727,2025-10-17 22:54:21
10:33:22,9.38,0.0,349,327220,买盘,601727,2025-10-17 22:54:21
10:33:25,9.38,0.0,201,188474,买盘,601727,2025-10-17 22:54:21
10:33:28,9.38,0.0,304,285090,卖盘,601727,2025-10-17 22:54:21
10:33:31,9.38,0.0,434,407062,卖盘,601727,2025-10-17 22:54:21
10:33:35,9.37,-0.01,939,879896,卖盘,601727,2025-10-17 22:54:21
10:33:37,9.37,0.0,137,128365,买盘,601727,2025-10-17 22:54:21
10:33:40,9.37,0.0,346,324242,买盘,601727,2025-10-17 22:54:21
10:33:43,9.37,0.0,760,711661,买盘,601727,2025-10-17 22:54:21
10:33:46,9.36,-0.01,336,314843,卖盘,601727,2025-10-17 22:54:21
10:33:49,9.37,0.01,58,54345,买盘,601727,2025-10-17 22:54:21
10:33:52,9.37,0.0,61,57140,买盘,601727,2025-10-17 22:54:21
10:33:55,9.36,-0.01,492,460614,卖盘,601727,2025-10-17 22:54:21
10:33:58,9.36,0.0,604,565372,卖盘,601727,2025-10-17 22:54:21
10:34:01,9.36,0.0,261,244433,卖盘,601727,2025-10-17 22:54:21
10:34:04,9.36,0.0,1564,1463743,卖盘,601727,2025-10-17 22:54:21
10:34:07,9.36,0.0,686,642560,买盘,601727,2025-10-17 22:54:21
10:34:10,9.36,0.0,213,199402,卖盘,601727,2025-10-17 22:54:21
10:34:13,9.36,0.0,244,228338,买盘,601727,2025-10-17 22:54:21
10:34:16,9.37,0.01,140,131141,买盘,601727,2025-10-17 22:54:21
10:34:19,9.36,-0.01,421,394110,卖盘,601727,2025-10-17 22:54:21
10:34:22,9.37,0.01,189,176959,买盘,601727,2025-10-17 22:54:21
10:34:25,9.36,-0.01,396,370892,卖盘,601727,2025-10-17 22:54:21
10:34:28,9.36,0.0,123,115190,卖盘,601727,2025-10-17 22:54:21
10:34:31,9.37,0.01,155,145211,买盘,601727,2025-10-17 22:54:21
10:34:34,9.37,0.0,133,124604,买盘,601727,2025-10-17 22:54:21
10:34:37,9.36,-0.01,149,139586,卖盘,601727,2025-10-17 22:54:21
10:34:40,9.37,0.01,101,94637,买盘,601727,2025-10-17 22:54:21
10:34:44,9.37,0.0,89,83393,卖盘,601727,2025-10-17 22:54:21
10:34:46,9.37,0.0,440,412218,卖盘,601727,2025-10-17 22:54:21
10:34:49,9.37,0.0,296,277102,卖盘,601727,2025-10-17 22:54:21
10:34:52,9.37,0.0,63,59041,卖盘,601727,2025-10-17 22:54:21
10:34:55,9.38,0.01,148,138709,买盘,601727,2025-10-17 22:54:21
10:34:58,9.37,-0.01,137,128369,卖盘,601727,2025-10-17 22:54:21
10:35:01,9.37,0.0,138,129394,买盘,601727,2025-10-17 22:54:21
10:35:04,9.37,0.0,143,133992,卖盘,601727,2025-10-17 22:54:21
10:35:08,9.38,0.01,10,9376,买盘,601727,2025-10-17 22:54:21
10:35:10,9.38,0.0,452,423950,买盘,601727,2025-10-17 22:54:21
10:35:13,9.38,0.0,175,164092,买盘,601727,2025-10-17 22:54:21
10:35:16,9.38,0.0,63,59083,买盘,601727,2025-10-17 22:54:21
10:35:19,9.38,0.0,515,482779,买盘,601727,2025-10-17 22:54:21
10:35:22,9.38,0.0,251,235425,买盘,601727,2025-10-17 22:54:21
10:35:25,9.38,0.0,410,384549,买盘,601727,2025-10-17 22:54:21
10:35:29,9.38,0.0,395,370440,买盘,601727,2025-10-17 22:54:21
10:35:31,9.37,-0.01,123,115293,卖盘,601727,2025-10-17 22:54:21
10:35:35,9.38,0.01,271,254168,买盘,601727,2025-10-17 22:54:21
10:35:37,9.37,-0.01,278,260714,卖盘,601727,2025-10-17 22:54:21
10:35:40,9.38,0.01,311,291581,买盘,601727,2025-10-17 22:54:21
10:35:43,9.38,0.0,102,95676,卖盘,601727,2025-10-17 22:54:21
10:35:46,9.39,0.01,140,131405,买盘,601727,2025-10-17 22:54:21
10:35:49,9.38,-0.01,82,76939,卖盘,601727,2025-10-17 22:54:21
10:35:52,9.39,0.01,133,124786,买盘,601727,2025-10-17 22:54:21
10:35:55,9.39,0.0,354,332155,买盘,601727,2025-10-17 22:54:21
10:35:58,9.38,-0.01,406,380846,卖盘,601727,2025-10-17 22:54:21
10:36:01,9.38,0.0,2235,2093665,买盘,601727,2025-10-17 22:54:21
10:36:04,9.38,0.0,264,247585,买盘,601727,2025-10-17 22:54:21
10:36:07,9.39,0.01,317,297295,买盘,601727,2025-10-17 22:54:21
10:36:10,9.37,-0.02,405,380078,卖盘,601727,2025-10-17 22:54:21
10:36:13,9.39,0.02,192,180281,买盘,601727,2025-10-17 22:54:21
10:36:16,9.39,0.0,253,237475,买盘,601727,2025-10-17 22:54:21
10:36:19,9.39,0.0,127,119160,买盘,601727,2025-10-17 22:54:21
10:36:22,9.38,-0.01,543,509358,卖盘,601727,2025-10-17 22:54:21
10:36:25,9.38,0.0,118,110684,买盘,601727,2025-10-17 22:54:21
10:36:28,9.38,0.0,147,137875,买盘,601727,2025-10-17 22:54:21
10:36:31,9.38,0.0,432,405176,买盘,601727,2025-10-17 22:54:21
10:36:34,9.38,0.0,240,225114,买盘,601727,2025-10-17 22:54:21
10:36:37,9.38,0.0,641,600761,买盘,601727,2025-10-17 22:54:21
10:36:40,9.38,0.0,107,100338,买盘,601727,2025-10-17 22:54:21
10:36:43,9.38,0.0,1108,1038219,买盘,601727,2025-10-17 22:54:21
10:36:47,9.37,-0.01,383,358866,卖盘,601727,2025-10-17 22:54:21
10:36:49,9.36,-0.01,71,66556,卖盘,601727,2025-10-17 22:54:21
10:36:52,9.37,0.01,63,59086,中性盘,601727,2025-10-17 22:54:21
10:36:55,9.36,-0.01,203,190061,卖盘,601727,2025-10-17 22:54:21
10:36:58,9.38,0.02,641,600096,买盘,601727,2025-10-17 22:54:21
10:37:01,9.37,-0.01,228,213483,中性盘,601727,2025-10-17 22:54:21
10:37:04,9.36,-0.01,153,143343,卖盘,601727,2025-10-17 22:54:21
10:37:08,9.37,0.01,122,114216,买盘,601727,2025-10-17 22:54:21
10:37:10,9.37,0.0,324,303579,买盘,601727,2025-10-17 22:54:21
10:37:13,9.37,0.0,84,78731,买盘,601727,2025-10-17 22:54:21
10:37:16,9.36,-0.01,221,207035,卖盘,601727,2025-10-17 22:54:21
10:37:19,9.38,0.02,127,118985,买盘,601727,2025-10-17 22:54:21
10:37:22,9.38,0.0,78,73101,买盘,601727,2025-10-17 22:54:21
10:37:25,9.37,-0.01,487,456321,卖盘,601727,2025-10-17 22:54:21
10:37:28,9.38,0.01,34,31873,买盘,601727,2025-10-17 22:54:21
10:37:31,9.38,0.0,103,96550,买盘,601727,2025-10-17 22:54:21
10:37:34,9.37,-0.01,219,205222,卖盘,601727,2025-10-17 22:54:21
10:37:37,9.38,0.01,52,48751,买盘,601727,2025-10-17 22:54:21
10:37:40,9.37,-0.01,196,183685,卖盘,601727,2025-10-17 22:54:21
10:37:43,9.38,0.01,47,44082,买盘,601727,2025-10-17 22:54:21
10:37:46,9.37,-0.01,1007,943559,卖盘,601727,2025-10-17 22:54:21
10:37:49,9.37,0.0,89,83326,买盘,601727,2025-10-17 22:54:21
10:37:52,9.37,0.0,37,34666,买盘,601727,2025-10-17 22:54:21
10:37:55,9.37,0.0,358,335344,买盘,601727,2025-10-17 22:54:21
10:37:58,9.37,0.0,408,382174,卖盘,601727,2025-10-17 22:54:21
10:38:01,9.37,0.0,261,244552,买盘,601727,2025-10-17 22:54:21
10:38:04,9.36,-0.01,22,20613,卖盘,601727,2025-10-17 22:54:21
10:38:07,9.37,0.01,180,168597,买盘,601727,2025-10-17 22:54:21
10:38:10,9.36,-0.01,215,201395,卖盘,601727,2025-10-17 22:54:21
10:38:13,9.37,0.01,383,358545,买盘,601727,2025-10-17 22:54:21
10:38:16,9.37,0.0,780,730101,买盘,601727,2025-10-17 22:54:21
10:38:19,9.37,0.0,808,757073,买盘,601727,2025-10-17 22:54:21
10:38:22,9.36,-0.01,123,115135,卖盘,601727,2025-10-17 22:54:21
10:38:25,9.36,0.0,348,325737,卖盘,601727,2025-10-17 22:54:21
10:38:28,9.36,0.0,514,481138,卖盘,601727,2025-10-17 22:54:21
10:38:31,9.36,0.0,836,782618,卖盘,601727,2025-10-17 22:54:21
10:38:34,9.36,0.0,410,383807,卖盘,601727,2025-10-17 22:54:21
10:38:37,9.37,0.01,206,192914,买盘,601727,2025-10-17 22:54:21
10:38:40,9.36,-0.01,649,607464,卖盘,601727,2025-10-17 22:54:21
10:38:43,9.36,0.0,151,141343,卖盘,601727,2025-10-17 22:54:21
10:38:46,9.36,0.0,99,92692,买盘,601727,2025-10-17 22:54:21
10:38:49,9.36,0.0,31,29022,卖盘,601727,2025-10-17 22:54:21
10:38:52,9.37,0.01,119,111394,买盘,601727,2025-10-17 22:54:21
10:38:55,9.36,-0.01,416,389377,卖盘,601727,2025-10-17 22:54:21
10:38:58,9.36,0.0,241,225573,买盘,601727,2025-10-17 22:54:21
10:39:01,9.37,0.01,498,466160,买盘,601727,2025-10-17 22:54:21
10:39:04,9.36,-0.01,546,511059,卖盘,601727,2025-10-17 22:54:21
10:39:07,9.36,0.0,185,173263,卖盘,601727,2025-10-17 22:54:21
10:39:10,9.36,0.0,234,219149,卖盘,601727,2025-10-17 22:54:21
10:39:13,9.36,0.0,127,118874,卖盘,601727,2025-10-17 22:54:21
10:39:16,9.37,0.01,468,438080,买盘,601727,2025-10-17 22:54:21
10:39:19,9.36,-0.01,303,283710,卖盘,601727,2025-10-17 22:54:21
10:39:22,9.36,0.0,67,62723,卖盘,601727,2025-10-17 22:54:21
10:39:25,9.37,0.01,90,84314,买盘,601727,2025-10-17 22:54:21
10:39:28,9.37,0.0,126,117989,买盘,601727,2025-10-17 22:54:21
10:39:31,9.37,0.0,176,164772,买盘,601727,2025-10-17 22:54:21
10:39:34,9.37,0.0,71,66505,买盘,601727,2025-10-17 22:54:21
10:39:37,9.36,-0.01,70,65520,卖盘,601727,2025-10-17 22:54:21
10:39:40,9.36,0.0,260,243445,卖盘,601727,2025-10-17 22:54:21
10:39:43,9.36,0.0,561,525221,卖盘,601727,2025-10-17 22:54:21
10:39:46,9.36,0.0,206,192821,卖盘,601727,2025-10-17 22:54:21
10:39:49,9.37,0.01,677,633958,买盘,601727,2025-10-17 22:54:21
10:39:52,9.37,0.0,176,164825,买盘,601727,2025-10-17 22:54:21
10:39:55,9.36,-0.01,158,148013,卖盘,601727,2025-10-17 22:54:21
10:39:58,9.37,0.01,161,150816,买盘,601727,2025-10-17 22:54:21
10:40:01,9.36,-0.01,86,80516,卖盘,601727,2025-10-17 22:54:21
10:40:04,9.36,0.0,736,689497,卖盘,601727,2025-10-17 22:54:21
10:40:07,9.37,0.01,257,240722,买盘,601727,2025-10-17 22:54:21
10:40:10,9.37,0.0,16,14992,卖盘,601727,2025-10-17 22:54:21
10:40:13,9.38,0.01,771,722432,买盘,601727,2025-10-17 22:54:21
10:40:16,9.39,0.01,2709,2540936,买盘,601727,2025-10-17 22:54:21
10:40:19,9.38,-0.01,853,800709,卖盘,601727,2025-10-17 22:54:21
10:40:22,9.38,0.0,1051,986120,卖盘,601727,2025-10-17 22:54:21
10:40:25,9.38,0.0,289,271276,卖盘,601727,2025-10-17 22:54:21
10:40:28,9.39,0.01,221,207410,买盘,601727,2025-10-17 22:54:21
10:40:31,9.38,-0.01,162,152052,卖盘,601727,2025-10-17 22:54:21
10:40:34,9.38,0.0,227,213031,卖盘,601727,2025-10-17 22:54:21
10:40:37,9.38,0.0,1503,1409903,卖盘,601727,2025-10-17 22:54:21
10:40:40,9.38,0.0,44,41297,卖盘,601727,2025-10-17 22:54:21
10:40:43,9.39,0.01,249,233697,买盘,601727,2025-10-17 22:54:21
10:40:46,9.38,-0.01,47,44093,卖盘,601727,2025-10-17 22:54:21
10:40:49,9.39,0.01,84,78871,买盘,601727,2025-10-17 22:54:21
10:40:52,9.39,0.0,1108,1040402,买盘,601727,2025-10-17 22:54:21
10:40:55,9.38,-0.01,1315,1234581,卖盘,601727,2025-10-17 22:54:21
10:40:58,9.39,0.01,2065,1937965,买盘,601727,2025-10-17 22:54:21
10:41:02,9.39,0.0,307,288231,买盘,601727,2025-10-17 22:54:21
10:41:04,9.38,-0.01,297,278839,卖盘,601727,2025-10-17 22:54:21
10:41:07,9.39,0.01,195,183105,卖盘,601727,2025-10-17 22:54:21
10:41:10,9.39,0.0,123,115524,卖盘,601727,2025-10-17 22:54:21
10:41:13,9.4,0.01,511,479885,买盘,601727,2025-10-17 22:54:21
10:41:16,9.4,0.0,308,289436,买盘,601727,2025-10-17 22:54:21
10:41:19,9.4,0.0,1431,1343889,买盘,601727,2025-10-17 22:54:21
10:41:22,9.39,-0.01,296,278211,卖盘,601727,2025-10-17 22:54:21
10:41:25,9.4,0.01,104,97736,买盘,601727,2025-10-17 22:54:21
10:41:28,9.4,0.0,176,165359,买盘,601727,2025-10-17 22:54:21
10:41:31,9.39,-0.01,187,175700,卖盘,601727,2025-10-17 22:54:21
10:41:34,9.4,0.01,1080,1015168,买盘,601727,2025-10-17 22:54:21
10:41:37,9.39,-0.01,1577,1481285,卖盘,601727,2025-10-17 22:54:21
10:41:40,9.4,0.01,380,357182,买盘,601727,2025-10-17 22:54:21
10:41:43,9.39,-0.01,125,117486,卖盘,601727,2025-10-17 22:54:21
10:41:46,9.4,0.01,227,213249,买盘,601727,2025-10-17 22:54:21
10:41:49,9.4,0.0,4073,3828080,买盘,601727,2025-10-17 22:54:21
10:41:52,9.4,0.0,992,931764,买盘,601727,2025-10-17 22:54:21
10:41:55,9.4,0.0,1113,1045189,买盘,601727,2025-10-17 22:54:21
10:41:58,9.4,0.0,440,413279,买盘,601727,2025-10-17 22:54:21
10:42:01,9.4,0.0,321,301558,买盘,601727,2025-10-17 22:54:21
10:42:04,9.4,0.0,494,464317,买盘,601727,2025-10-17 22:54:21
10:42:07,9.4,0.0,3470,3261779,买盘,601727,2025-10-17 22:54:21
10:42:10,9.4,0.0,58,54520,卖盘,601727,2025-10-17 22:54:21
10:42:13,9.4,0.0,59,55477,卖盘,601727,2025-10-17 22:54:21
10:42:16,9.4,0.0,518,487073,卖盘,601727,2025-10-17 22:54:21
10:42:19,9.4,0.0,143,134446,卖盘,601727,2025-10-17 22:54:21
10:42:22,9.4,0.0,207,194632,卖盘,601727,2025-10-17 22:54:21
10:42:25,9.41,0.01,1811,1702979,买盘,601727,2025-10-17 22:54:21
10:42:28,9.41,0.0,142,133553,买盘,601727,2025-10-17 22:54:21
10:42:32,9.41,0.0,573,539135,买盘,601727,2025-10-17 22:54:21
10:42:34,9.4,-0.01,354,333061,卖盘,601727,2025-10-17 22:54:21
10:42:37,9.41,0.01,958,901307,买盘,601727,2025-10-17 22:54:21
10:42:40,9.41,0.0,94,88434,买盘,601727,2025-10-17 22:54:21
10:42:43,9.4,-0.01,270,253951,卖盘,601727,2025-10-17 22:54:21
10:42:47,9.4,0.0,438,412148,卖盘,601727,2025-10-17 22:54:21
10:42:49,9.41,0.01,117,110030,买盘,601727,2025-10-17 22:54:21
10:42:52,9.4,-0.01,199,187243,卖盘,601727,2025-10-17 22:54:21
10:42:55,9.4,0.0,228,214450,卖盘,601727,2025-10-17 22:54:21
10:42:58,9.41,0.01,251,236178,买盘,601727,2025-10-17 22:54:21
10:43:02,9.4,-0.01,1850,1739193,卖盘,601727,2025-10-17 22:54:21
10:43:04,9.39,-0.01,248,233070,卖盘,601727,2025-10-17 22:54:21
10:43:07,9.39,0.0,1372,1288387,卖盘,601727,2025-10-17 22:54:21
10:43:10,9.38,-0.01,76,71341,卖盘,601727,2025-10-17 22:54:21
10:43:13,9.39,0.01,168,157749,买盘,601727,2025-10-17 22:54:21
10:43:16,9.39,0.0,100,93873,买盘,601727,2025-10-17 22:54:21
10:43:19,9.39,0.0,59,55399,买盘,601727,2025-10-17 22:54:21
10:43:22,9.39,0.0,77,72297,买盘,601727,2025-10-17 22:54:21
10:43:25,9.39,0.0,485,455351,买盘,601727,2025-10-17 22:54:21
10:43:28,9.39,0.0,247,231807,买盘,601727,2025-10-17 22:54:21
10:43:31,9.39,0.0,85,79804,买盘,601727,2025-10-17 22:54:21
10:43:34,9.38,-0.01,60,56314,卖盘,601727,2025-10-17 22:54:21
10:43:37,9.38,0.0,38,35679,卖盘,601727,2025-10-17 22:54:21
10:43:40,9.38,0.0,208,195302,卖盘,601727,2025-10-17 22:54:21
10:43:43,9.39,0.01,87,81647,买盘,601727,2025-10-17 22:54:21
10:43:46,9.38,-0.01,127,119240,卖盘,601727,2025-10-17 22:54:21
10:43:49,9.39,0.01,70,65670,买盘,601727,2025-10-17 22:54:21
10:43:52,9.39,0.0,148,138888,买盘,601727,2025-10-17 22:54:21
10:43:55,9.39,0.0,142,133319,买盘,601727,2025-10-17 22:54:21
10:43:58,9.38,-0.01,381,357385,卖盘,601727,2025-10-17 22:54:21
10:44:01,9.38,0.0,195,183004,卖盘,601727,2025-10-17 22:54:21
10:44:05,9.38,0.0,760,712881,卖盘,601727,2025-10-17 22:54:21
10:44:07,9.38,0.0,1387,1300669,卖盘,601727,2025-10-17 22:54:21
10:44:10,9.38,0.0,197,184786,买盘,601727,2025-10-17 22:54:21
10:44:13,9.37,-0.01,10168,9513604,卖盘,601727,2025-10-17 22:54:21
10:44:16,9.36,-0.01,134,125538,卖盘,601727,2025-10-17 22:54:21
10:44:19,9.37,0.01,27,25299,买盘,601727,2025-10-17 22:54:21
10:44:22,9.37,0.0,20,18727,买盘,601727,2025-10-17 22:54:21
10:44:25,9.36,-0.01,3151,2944912,卖盘,601727,2025-10-17 22:54:21
10:44:28,9.36,0.0,457,427747,买盘,601727,2025-10-17 22:54:21
10:44:31,9.37,0.01,180,168406,买盘,601727,2025-10-17 22:54:21
10:44:34,9.35,-0.02,85,79534,卖盘,601727,2025-10-17 22:54:21
10:44:37,9.36,0.01,187,175133,卖盘,601727,2025-10-17 22:54:21
10:44:40,9.37,0.01,21,19676,买盘,601727,2025-10-17 22:54:21
10:44:43,9.37,0.0,51,47747,买盘,601727,2025-10-17 22:54:21
10:44:46,9.36,-0.01,241,225680,卖盘,601727,2025-10-17 22:54:21
10:44:49,9.36,0.0,109,102116,卖盘,601727,2025-10-17 22:54:21
10:44:52,9.37,0.01,305,285674,买盘,601727,2025-10-17 22:54:21
10:44:55,9.37,0.0,56,52449,买盘,601727,2025-10-17 22:54:21
10:44:58,9.36,-0.01,114,106717,卖盘,601727,2025-10-17 22:54:21
10:45:01,9.36,0.0,113,105825,卖盘,601727,2025-10-17 22:54:21
10:45:04,9.37,0.01,2149,2015025,买盘,601727,2025-10-17 22:54:21
10:45:07,9.36,-0.01,678,634922,卖盘,601727,2025-10-17 22:54:21
10:45:10,9.37,0.01,159,148978,买盘,601727,2025-10-17 22:54:21
10:45:13,9.36,-0.01,146,136780,卖盘,601727,2025-10-17 22:54:21
10:45:16,9.36,0.0,51,47741,卖盘,601727,2025-10-17 22:54:21
10:45:19,9.39,0.03,1421,1333063,买盘,601727,2025-10-17 22:54:21
10:45:22,9.36,-0.03,514,481264,卖盘,601727,2025-10-17 22:54:21
10:45:25,9.36,0.0,50,46820,卖盘,601727,2025-10-17 22:54:21
10:45:28,9.37,0.01,64,59944,中性盘,601727,2025-10-17 22:54:21
10:45:31,9.37,0.0,277,259512,卖盘,601727,2025-10-17 22:54:21
10:45:34,9.37,0.0,56,52455,买盘,601727,2025-10-17 22:54:21
10:45:37,9.37,0.0,606,567367,卖盘,601727,2025-10-17 22:54:21
10:45:40,9.37,0.0,281,263308,卖盘,601727,2025-10-17 22:54:21
10:45:43,9.37,0.0,87,81521,卖盘,601727,2025-10-17 22:54:21
10:45:46,9.37,0.0,80,74900,买盘,601727,2025-10-17 22:54:21
10:45:49,9.38,0.01,2449,2298403,买盘,601727,2025-10-17 22:54:21
10:45:52,9.38,0.0,104,97463,中性盘,601727,2025-10-17 22:54:21
10:45:55,9.38,0.0,169,158427,卖盘,601727,2025-10-17 22:54:21
10:45:58,9.38,0.0,299,280448,买盘,601727,2025-10-17 22:54:21
10:46:01,9.38,0.0,66,61865,买盘,601727,2025-10-17 22:54:21
10:46:04,9.38,0.0,134,125575,买盘,601727,2025-10-17 22:54:21
10:46:07,9.37,-0.01,485,454415,卖盘,601727,2025-10-17 22:54:21
10:46:10,9.37,0.0,538,503706,买盘,601727,2025-10-17 22:54:21
10:46:13,9.38,0.01,2500,2344309,买盘,601727,2025-10-17 22:54:21
10:46:16,9.38,0.0,21,19697,买盘,601727,2025-10-17 22:54:21
10:46:19,9.38,0.0,256,240128,买盘,601727,2025-10-17 22:54:21
10:46:22,9.38,0.0,62,58156,卖盘,601727,2025-10-17 22:54:21
10:46:25,9.38,0.0,295,276716,卖盘,601727,2025-10-17 22:54:21
10:46:29,9.38,0.0,69,64746,卖盘,601727,2025-10-17 22:54:21
10:46:31,9.37,-0.01,285,267323,卖盘,601727,2025-10-17 22:54:21
10:46:34,9.38,0.01,439,411780,买盘,601727,2025-10-17 22:54:21
10:46:37,9.38,0.0,599,561444,买盘,601727,2025-10-17 22:54:21
10:46:41,9.38,0.0,26,24382,买盘,601727,2025-10-17 22:54:21
10:46:43,9.37,-0.01,598,560410,卖盘,601727,2025-10-17 22:54:21
10:46:46,9.38,0.01,89,83432,卖盘,601727,2025-10-17 22:54:21
10:46:49,9.39,0.01,1445,1356784,买盘,601727,2025-10-17 22:54:21
10:46:52,9.39,0.0,596,558694,卖盘,601727,2025-10-17 22:54:21
10:46:55,9.38,-0.01,223,209351,卖盘,601727,2025-10-17 22:54:21
10:46:59,9.4,0.02,99,93015,买盘,601727,2025-10-17 22:54:21
10:47:01,9.38,-0.02,27,25330,卖盘,601727,2025-10-17 22:54:21
10:47:04,9.39,0.01,568,532851,买盘,601727,2025-10-17 22:54:21
10:47:08,9.38,-0.01,455,427084,卖盘,601727,2025-10-17 22:54:21
10:47:10,9.39,0.01,654,613376,买盘,601727,2025-10-17 22:54:21
10:47:13,9.39,0.0,158,148217,买盘,601727,2025-10-17 22:54:21
10:47:16,9.37,-0.02,323,302918,卖盘,601727,2025-10-17 22:54:21
10:47:19,9.38,0.01,111,104088,买盘,601727,2025-10-17 22:54:21
10:47:22,9.37,-0.01,259,242921,卖盘,601727,2025-10-17 22:54:21
10:47:25,9.37,0.0,29,27196,卖盘,601727,2025-10-17 22:54:21
10:47:28,9.38,0.01,927,868696,买盘,601727,2025-10-17 22:54:21
10:47:31,9.37,-0.01,94,88140,卖盘,601727,2025-10-17 22:54:21
10:47:34,9.38,0.01,22,20636,买盘,601727,2025-10-17 22:54:21
10:47:37,9.38,0.0,42,39388,买盘,601727,2025-10-17 22:54:21
10:47:40,9.38,0.0,61,57164,买盘,601727,2025-10-17 22:54:21
10:47:43,9.37,-0.01,598,560356,卖盘,601727,2025-10-17 22:54:21
10:47:46,9.38,0.01,283,265373,买盘,601727,2025-10-17 22:54:21
10:47:49,9.38,0.0,66,61874,买盘,601727,2025-10-17 22:54:21
10:47:53,9.37,-0.01,60,56221,卖盘,601727,2025-10-17 22:54:21
10:47:56,9.37,0.0,145,135870,卖盘,601727,2025-10-17 22:54:21
10:47:58,9.37,0.0,123,115276,卖盘,601727,2025-10-17 22:54:21
10:48:01,9.38,0.01,113,105903,买盘,601727,2025-10-17 22:54:21
10:48:04,9.37,-0.01,42,39355,卖盘,601727,2025-10-17 22:54:21
10:48:07,9.36,-0.01,96,89963,卖盘,601727,2025-10-17 22:54:21
10:48:10,9.38,0.02,335,313922,买盘,601727,2025-10-17 22:54:21
10:48:14,9.37,-0.01,95,89025,卖盘,601727,2025-10-17 22:54:21
10:48:16,9.37,0.0,627,587000,买盘,601727,2025-10-17 22:54:21
10:48:19,9.38,0.01,95,89028,买盘,601727,2025-10-17 22:54:21
10:48:22,9.38,0.0,14,13128,买盘,601727,2025-10-17 22:54:21
10:48:25,9.37,-0.01,472,442270,卖盘,601727,2025-10-17 22:54:21
10:48:28,9.37,0.0,389,364448,买盘,601727,2025-10-17 22:54:21
10:48:31,9.37,0.0,476,446007,买盘,601727,2025-10-17 22:54:21
10:48:34,9.37,0.0,131,122768,卖盘,601727,2025-10-17 22:54:21
10:48:37,9.38,0.01,124,116211,买盘,601727,2025-10-17 22:54:21
10:48:40,9.38,0.0,11,10311,买盘,601727,2025-10-17 22:54:21
10:48:43,9.38,0.0,143,134024,买盘,601727,2025-10-17 22:54:21
10:48:46,9.37,-0.01,168,157441,卖盘,601727,2025-10-17 22:54:21
10:48:49,9.37,0.0,1204,1128150,卖盘,601727,2025-10-17 22:54:21
10:48:53,9.38,0.01,102,95588,买盘,601727,2025-10-17 22:54:21
10:48:56,9.38,0.0,44,41265,买盘,601727,2025-10-17 22:54:21
10:48:58,9.37,-0.01,337,315769,卖盘,601727,2025-10-17 22:54:21
10:49:01,9.37,0.0,189,177093,买盘,601727,2025-10-17 22:54:21
10:49:04,9.37,0.0,185,173235,买盘,601727,2025-10-17 22:54:21
10:49:07,9.37,0.0,117,109629,买盘,601727,2025-10-17 22:54:21
10:49:10,9.37,0.0,286,267946,买盘,601727,2025-10-17 22:54:21
10:49:13,9.37,0.0,87,81505,买盘,601727,2025-10-17 22:54:21
10:49:16,9.37,0.0,313,293281,买盘,601727,2025-10-17 22:54:21
10:49:19,9.37,0.0,53,49662,卖盘,601727,2025-10-17 22:54:21
10:49:22,9.37,0.0,1493,1398941,卖盘,601727,2025-10-17 22:54:21
10:49:26,9.37,0.0,109,102195,卖盘,601727,2025-10-17 22:54:21
10:49:28,9.37,0.0,26,24370,卖盘,601727,2025-10-17 22:54:21
10:49:31,9.37,0.0,513,480685,卖盘,601727,2025-10-17 22:54:21
10:49:34,9.37,0.0,372,348564,买盘,601727,2025-10-17 22:54:21
10:49:37,9.37,0.0,174,163038,买盘,601727,2025-10-17 22:54:21
10:49:40,9.37,0.0,116,108621,买盘,601727,2025-10-17 22:54:21
10:49:43,9.37,0.0,173,161998,买盘,601727,2025-10-17 22:54:21
10:49:46,9.37,0.0,73,68401,买盘,601727,2025-10-17 22:54:21
10:49:49,9.37,0.0,62,58071,买盘,601727,2025-10-17 22:54:21
10:49:52,9.37,0.0,373,349452,买盘,601727,2025-10-17 22:54:21
10:49:55,9.37,0.0,107,100254,买盘,601727,2025-10-17 22:54:21
10:49:59,9.36,-0.01,60,56213,卖盘,601727,2025-10-17 22:54:21
10:50:01,9.36,0.0,133,124575,卖盘,601727,2025-10-17 22:54:21
10:50:04,9.37,0.01,160,149828,买盘,601727,2025-10-17 22:54:21
10:50:07,9.37,0.0,106,99294,买盘,601727,2025-10-17 22:54:21
10:50:10,9.37,0.0,332,310759,买盘,601727,2025-10-17 22:54:21
10:50:13,9.37,0.0,38,35584,买盘,601727,2025-10-17 22:54:21
10:50:16,9.37,0.0,363,339929,买盘,601727,2025-10-17 22:54:21
10:50:19,9.37,0.0,30,28098,买盘,601727,2025-10-17 22:54:21
10:50:22,9.36,-0.01,211,197612,卖盘,601727,2025-10-17 22:54:21
10:50:25,9.37,0.01,106,99322,买盘,601727,2025-10-17 22:54:21
10:50:29,9.36,-0.01,125,117030,卖盘,601727,2025-10-17 22:54:21
10:50:31,9.36,0.0,38,35569,卖盘,601727,2025-10-17 22:54:21
10:50:34,9.36,0.0,2109,1974043,卖盘,601727,2025-10-17 22:54:21
10:50:37,9.36,0.0,89,83556,卖盘,601727,2025-10-17 22:54:21
10:50:40,9.37,0.01,84,78652,买盘,601727,2025-10-17 22:54:21
10:50:43,9.37,0.0,195,182619,买盘,601727,2025-10-17 22:54:21
10:50:46,9.36,-0.01,73,68328,卖盘,601727,2025-10-17 22:54:21
10:50:49,9.37,0.01,159,148968,买盘,601727,2025-10-17 22:54:21
10:50:52,9.36,-0.01,79,73955,卖盘,601727,2025-10-17 22:54:21
10:50:55,9.37,0.01,70,65540,买盘,601727,2025-10-17 22:54:21
10:50:58,9.36,-0.01,250,234013,卖盘,601727,2025-10-17 22:54:21
10:51:01,9.36,0.0,30,28088,卖盘,601727,2025-10-17 22:54:21
10:51:04,9.37,0.01,36,33702,买盘,601727,2025-10-17 22:54:21
10:51:07,9.36,-0.01,143,133849,卖盘,601727,2025-10-17 22:54:21
10:51:10,9.37,0.01,119,111488,买盘,601727,2025-10-17 22:54:21
10:51:13,9.36,-0.01,60,56187,卖盘,601727,2025-10-17 22:54:21
10:51:16,9.37,0.01,18,16857,买盘,601727,2025-10-17 22:54:21
10:51:19,9.36,-0.01,146,136720,卖盘,601727,2025-10-17 22:54:21
10:51:23,9.36,0.0,48,44938,卖盘,601727,2025-10-17 22:54:21
10:51:25,9.37,0.01,65,60894,买盘,601727,2025-10-17 22:54:21
10:51:28,9.36,-0.01,349,326664,卖盘,601727,2025-10-17 22:54:21
10:51:31,9.37,0.01,78,73028,买盘,601727,2025-10-17 22:54:21
10:51:35,9.36,-0.01,48,44946,卖盘,601727,2025-10-17 22:54:21
10:51:37,9.36,0.0,44,41198,卖盘,601727,2025-10-17 22:54:21
10:51:40,9.36,0.0,73,68328,卖盘,601727,2025-10-17 22:54:21
10:51:43,9.37,0.01,243,227466,买盘,601727,2025-10-17 22:54:21
10:51:46,9.37,0.0,74,69320,买盘,601727,2025-10-17 22:54:21
10:51:49,9.37,0.0,59,55256,买盘,601727,2025-10-17 22:54:21
10:51:52,9.36,-0.01,83,77731,卖盘,601727,2025-10-17 22:54:21
10:51:55,9.37,0.01,28,26225,买盘,601727,2025-10-17 22:54:21
10:51:58,9.37,0.0,56,52469,买盘,601727,2025-10-17 22:54:21
10:52:01,9.36,-0.01,8,7488,卖盘,601727,2025-10-17 22:54:21
10:52:04,9.37,0.01,2510,2351701,买盘,601727,2025-10-17 22:54:21
10:52:07,9.37,0.0,174,163045,卖盘,601727,2025-10-17 22:54:21
10:52:11,9.38,0.01,103,96523,买盘,601727,2025-10-17 22:54:21
10:52:13,9.37,-0.01,59,55293,卖盘,601727,2025-10-17 22:54:21
10:52:17,9.37,0.0,14,13127,卖盘,601727,2025-10-17 22:54:21
10:52:19,9.38,0.01,82,76857,买盘,601727,2025-10-17 22:54:21
10:52:22,9.37,-0.01,2796,2622166,卖盘,601727,2025-10-17 22:54:21
10:52:25,9.37,0.0,114,106830,卖盘,601727,2025-10-17 22:54:21
10:52:28,9.37,0.0,266,249250,卖盘,601727,2025-10-17 22:54:21
10:52:31,9.38,0.01,49,45962,买盘,601727,2025-10-17 22:54:21
10:52:34,9.38,0.0,807,756261,买盘,601727,2025-10-17 22:54:21
10:52:37,9.38,0.0,18,16880,买盘,601727,2025-10-17 22:54:21
10:52:40,9.38,0.0,38,35624,买盘,601727,2025-10-17 22:54:21
10:52:43,9.37,-0.01,80,75033,卖盘,601727,2025-10-17 22:54:21
10:52:46,9.38,0.01,26,24388,买盘,601727,2025-10-17 22:54:21
10:52:49,9.37,-0.01,576,540106,卖盘,601727,2025-10-17 22:54:21
10:52:52,9.38,0.01,130,121755,买盘,601727,2025-10-17 22:54:21
10:52:55,9.37,-0.01,162,151863,卖盘,601727,2025-10-17 22:54:21
10:52:58,9.38,0.01,117,109647,买盘,601727,2025-10-17 22:54:21
