时间,成交价,价格变动,成交量,成交额,买卖盘性质,股票代码,采集时间
09:25:01,7.4,0.0,534,395160,卖盘,601956,2025-10-17 22:51:33
09:30:04,7.42,0.02,4,2968,买盘,601956,2025-10-17 22:51:33
09:30:07,7.42,0.0,97,71899,买盘,601956,2025-10-17 22:51:33
09:30:10,7.42,0.0,105,77891,卖盘,601956,2025-10-17 22:51:33
09:30:13,7.43,0.01,17,12616,中性盘,601956,2025-10-17 22:51:33
09:30:16,7.42,-0.01,159,118010,卖盘,601956,2025-10-17 22:51:33
09:30:19,7.42,0.0,68,50461,卖盘,601956,2025-10-17 22:51:33
09:30:22,7.43,0.01,57,42351,买盘,601956,2025-10-17 22:51:33
09:30:25,7.41,-0.02,496,368078,卖盘,601956,2025-10-17 22:51:33
09:30:28,7.42,0.01,87,64578,中性盘,601956,2025-10-17 22:51:33
09:30:31,7.41,-0.01,176,130430,卖盘,601956,2025-10-17 22:51:33
09:30:34,7.42,0.01,16,11871,买盘,601956,2025-10-17 22:51:33
09:30:37,7.41,-0.01,443,328306,卖盘,601956,2025-10-17 22:51:33
09:30:40,7.41,0.0,50,37048,买盘,601956,2025-10-17 22:51:33
09:30:43,7.41,0.0,258,191150,买盘,601956,2025-10-17 22:51:33
09:30:46,7.41,0.0,843,624385,买盘,601956,2025-10-17 22:51:33
09:30:49,7.41,0.0,35,25942,卖盘,601956,2025-10-17 22:51:33
09:30:52,7.41,0.0,92,68152,卖盘,601956,2025-10-17 22:51:33
09:30:55,7.4,-0.01,166,122908,卖盘,601956,2025-10-17 22:51:33
09:30:58,7.39,-0.01,35,25892,卖盘,601956,2025-10-17 22:51:33
09:31:01,7.41,0.02,26,19266,买盘,601956,2025-10-17 22:51:33
09:31:07,7.42,0.01,12,8902,买盘,601956,2025-10-17 22:51:33
09:31:10,7.42,0.0,9,6678,买盘,601956,2025-10-17 22:51:33
09:31:13,7.41,-0.01,64,47468,卖盘,601956,2025-10-17 22:51:33
09:31:16,7.41,0.0,94,69654,卖盘,601956,2025-10-17 22:51:33
09:31:19,7.41,0.0,62,45942,买盘,601956,2025-10-17 22:51:33
09:31:22,7.41,0.0,163,120783,买盘,601956,2025-10-17 22:51:33
09:31:25,7.42,0.01,307,227760,买盘,601956,2025-10-17 22:51:33
09:31:28,7.43,0.01,21,15603,买盘,601956,2025-10-17 22:51:33
09:31:31,7.43,0.0,54,40052,买盘,601956,2025-10-17 22:51:33
09:31:34,7.42,-0.01,165,122463,卖盘,601956,2025-10-17 22:51:33
09:31:37,7.42,0.0,262,194144,买盘,601956,2025-10-17 22:51:33
09:31:40,7.42,0.0,190,140792,买盘,601956,2025-10-17 22:51:33
09:31:43,7.41,-0.01,10,7411,卖盘,601956,2025-10-17 22:51:33
09:31:46,7.41,0.0,41,30391,卖盘,601956,2025-10-17 22:51:33
09:31:49,7.42,0.01,180,133564,买盘,601956,2025-10-17 22:51:33
09:31:52,7.42,0.0,34,25228,卖盘,601956,2025-10-17 22:51:33
09:31:55,7.41,-0.01,211,156399,卖盘,601956,2025-10-17 22:51:33
09:31:58,7.41,0.0,239,177302,中性盘,601956,2025-10-17 22:51:33
09:32:01,7.42,0.01,20,14840,中性盘,601956,2025-10-17 22:51:33
09:32:04,7.43,0.01,77,57211,买盘,601956,2025-10-17 22:51:33
09:32:07,7.42,-0.01,25,18544,卖盘,601956,2025-10-17 22:51:33
09:32:10,7.41,-0.01,424,314283,卖盘,601956,2025-10-17 22:51:33
09:32:13,7.42,0.01,77,57077,买盘,601956,2025-10-17 22:51:33
09:32:16,7.41,-0.01,15,11115,卖盘,601956,2025-10-17 22:51:33
09:32:19,7.41,0.0,88,65235,买盘,601956,2025-10-17 22:51:33
09:32:22,7.42,0.01,10,7420,买盘,601956,2025-10-17 22:51:33
09:32:25,7.42,0.0,34,25228,买盘,601956,2025-10-17 22:51:33
09:32:28,7.4,-0.02,367,271694,卖盘,601956,2025-10-17 22:51:33
09:32:31,7.41,0.01,52,38532,买盘,601956,2025-10-17 22:51:33
09:32:37,7.39,-0.02,1,739,卖盘,601956,2025-10-17 22:51:33
09:32:40,7.41,0.02,43,31797,买盘,601956,2025-10-17 22:51:33
09:32:43,7.4,-0.01,17,12588,中性盘,601956,2025-10-17 22:51:33
09:32:46,7.4,0.0,12,8880,卖盘,601956,2025-10-17 22:51:33
09:32:49,7.39,-0.01,1,739,卖盘,601956,2025-10-17 22:51:33
09:32:52,7.39,0.0,13,9610,卖盘,601956,2025-10-17 22:51:33
09:32:55,7.39,0.0,17,12563,卖盘,601956,2025-10-17 22:51:33
09:32:58,7.4,0.01,5,3700,买盘,601956,2025-10-17 22:51:33
09:33:01,7.4,0.0,72,53261,买盘,601956,2025-10-17 22:51:33
09:33:04,7.4,0.0,80,59193,买盘,601956,2025-10-17 22:51:33
09:33:07,7.39,-0.01,358,264549,卖盘,601956,2025-10-17 22:51:33
09:33:10,7.39,0.0,98,72422,买盘,601956,2025-10-17 22:51:33
09:33:16,7.38,-0.01,31,22878,卖盘,601956,2025-10-17 22:51:33
09:33:19,7.38,0.0,21,15498,卖盘,601956,2025-10-17 22:51:33
09:33:22,7.39,0.01,118,87177,买盘,601956,2025-10-17 22:51:33
09:33:28,7.39,0.0,37,27343,卖盘,601956,2025-10-17 22:51:33
09:33:31,7.39,0.0,64,47296,卖盘,601956,2025-10-17 22:51:33
09:33:34,7.39,0.0,42,31034,买盘,601956,2025-10-17 22:51:33
09:33:37,7.39,0.0,120,88578,买盘,601956,2025-10-17 22:51:33
09:33:40,7.38,-0.01,202,149078,卖盘,601956,2025-10-17 22:51:33
09:33:43,7.38,0.0,195,143945,卖盘,601956,2025-10-17 22:51:33
09:33:46,7.38,0.0,20,14760,卖盘,601956,2025-10-17 22:51:33
09:33:49,7.38,0.0,51,37638,卖盘,601956,2025-10-17 22:51:33
09:33:52,7.39,0.01,25,18455,买盘,601956,2025-10-17 22:51:33
09:33:55,7.38,-0.01,179,132102,卖盘,601956,2025-10-17 22:51:33
09:33:58,7.38,0.0,152,112142,中性盘,601956,2025-10-17 22:51:33
09:34:01,7.38,0.0,7,5166,卖盘,601956,2025-10-17 22:51:33
09:34:04,7.37,-0.01,159,117269,卖盘,601956,2025-10-17 22:51:33
09:34:10,7.37,0.0,10,7370,卖盘,601956,2025-10-17 22:51:33
09:34:13,7.37,0.0,26,19162,卖盘,601956,2025-10-17 22:51:33
09:34:16,7.37,0.0,147,108364,卖盘,601956,2025-10-17 22:51:33
09:34:19,7.37,0.0,7,5164,卖盘,601956,2025-10-17 22:51:33
09:34:22,7.37,0.0,72,53084,卖盘,601956,2025-10-17 22:51:33
09:34:25,7.37,0.0,108,79610,卖盘,601956,2025-10-17 22:51:33
09:34:28,7.38,0.01,52,38368,买盘,601956,2025-10-17 22:51:33
09:34:31,7.38,0.0,43,31734,买盘,601956,2025-10-17 22:51:33
09:34:34,7.38,0.0,175,129150,卖盘,601956,2025-10-17 22:51:33
09:34:37,7.38,0.0,6,4428,卖盘,601956,2025-10-17 22:51:33
09:34:40,7.38,0.0,111,81918,卖盘,601956,2025-10-17 22:51:33
09:34:46,7.37,-0.01,29,21378,卖盘,601956,2025-10-17 22:51:33
09:34:52,7.37,0.0,96,70752,卖盘,601956,2025-10-17 22:51:33
09:34:55,7.37,0.0,35,25795,卖盘,601956,2025-10-17 22:51:33
09:34:58,7.38,0.01,37,27299,买盘,601956,2025-10-17 22:51:33
09:35:01,7.37,-0.01,105,77385,卖盘,601956,2025-10-17 22:51:33
09:35:04,7.37,0.0,240,176880,卖盘,601956,2025-10-17 22:51:33
09:35:07,7.37,0.0,148,109095,买盘,601956,2025-10-17 22:51:33
09:35:10,7.35,-0.02,339,249465,卖盘,601956,2025-10-17 22:51:33
09:35:13,7.36,0.01,68,50018,买盘,601956,2025-10-17 22:51:33
09:35:16,7.35,-0.01,21,15435,卖盘,601956,2025-10-17 22:51:33
09:35:19,7.36,0.01,28,20608,买盘,601956,2025-10-17 22:51:33
09:35:22,7.35,-0.01,13,9558,卖盘,601956,2025-10-17 22:51:33
09:35:25,7.36,0.01,103,75787,中性盘,601956,2025-10-17 22:51:33
09:35:28,7.36,0.0,110,80892,卖盘,601956,2025-10-17 22:51:33
09:35:31,7.37,0.01,85,62575,买盘,601956,2025-10-17 22:51:33
09:35:34,7.36,-0.01,76,55959,中性盘,601956,2025-10-17 22:51:33
09:35:37,7.37,0.01,35,25788,买盘,601956,2025-10-17 22:51:33
09:35:40,7.36,-0.01,8,5888,卖盘,601956,2025-10-17 22:51:33
09:35:43,7.36,0.0,16,11776,卖盘,601956,2025-10-17 22:51:33
09:35:46,7.36,0.0,345,253921,卖盘,601956,2025-10-17 22:51:33
09:35:49,7.36,0.0,54,39744,买盘,601956,2025-10-17 22:51:33
09:35:52,7.36,0.0,5,3680,卖盘,601956,2025-10-17 22:51:33
09:35:55,7.35,-0.01,52,38225,卖盘,601956,2025-10-17 22:51:33
09:35:58,7.36,0.01,2,1472,买盘,601956,2025-10-17 22:51:33
09:36:01,7.35,-0.01,8,5882,卖盘,601956,2025-10-17 22:51:33
09:36:04,7.35,0.0,308,226436,卖盘,601956,2025-10-17 22:51:33
09:36:07,7.36,0.01,99,72864,买盘,601956,2025-10-17 22:51:33
09:36:10,7.36,0.0,28,20608,买盘,601956,2025-10-17 22:51:33
09:36:13,7.36,0.0,175,128735,买盘,601956,2025-10-17 22:51:33
09:36:16,7.35,-0.01,119,87468,卖盘,601956,2025-10-17 22:51:33
09:36:19,7.36,0.01,1,736,买盘,601956,2025-10-17 22:51:33
09:36:22,7.35,-0.01,94,69095,卖盘,601956,2025-10-17 22:51:33
09:36:25,7.35,0.0,134,98523,买盘,601956,2025-10-17 22:51:33
09:36:28,7.34,-0.01,43,31589,卖盘,601956,2025-10-17 22:51:33
09:36:31,7.36,0.02,34,24997,买盘,601956,2025-10-17 22:51:33
09:36:34,7.36,0.0,10,7356,买盘,601956,2025-10-17 22:51:33
09:36:37,7.35,-0.01,50,36750,卖盘,601956,2025-10-17 22:51:33
09:36:40,7.35,0.0,76,55862,卖盘,601956,2025-10-17 22:51:33
09:36:43,7.35,0.0,77,56597,卖盘,601956,2025-10-17 22:51:33
09:36:46,7.36,0.01,5,3680,买盘,601956,2025-10-17 22:51:33
09:36:49,7.36,0.0,11,8095,买盘,601956,2025-10-17 22:51:33
09:36:52,7.37,0.01,353,260025,买盘,601956,2025-10-17 22:51:33
09:36:55,7.37,0.0,57,42009,卖盘,601956,2025-10-17 22:51:33
09:36:58,7.37,0.0,2,1474,买盘,601956,2025-10-17 22:51:33
09:37:01,7.37,0.0,3,2211,买盘,601956,2025-10-17 22:51:33
09:37:04,7.36,-0.01,4,2947,卖盘,601956,2025-10-17 22:51:33
09:37:10,7.37,0.01,133,98021,买盘,601956,2025-10-17 22:51:33
09:37:13,7.37,0.0,20,14742,卖盘,601956,2025-10-17 22:51:33
09:37:16,7.37,0.0,28,20636,卖盘,601956,2025-10-17 22:51:33
09:37:22,7.38,0.01,156,115100,买盘,601956,2025-10-17 22:51:33
09:37:25,7.39,0.01,12,8868,买盘,601956,2025-10-17 22:51:33
09:37:28,7.39,0.0,8,5912,买盘,601956,2025-10-17 22:51:33
09:37:34,7.39,0.0,6,4434,买盘,601956,2025-10-17 22:51:33
09:37:37,7.39,0.0,5,3695,买盘,601956,2025-10-17 22:51:33
09:37:40,7.39,0.0,69,50991,买盘,601956,2025-10-17 22:51:33
09:37:46,7.4,0.01,343,253749,买盘,601956,2025-10-17 22:51:33
09:37:49,7.4,0.0,13,9632,卖盘,601956,2025-10-17 22:51:33
09:37:52,7.41,0.01,112,82793,买盘,601956,2025-10-17 22:51:33
09:37:55,7.4,-0.01,109,80660,卖盘,601956,2025-10-17 22:51:33
09:38:01,7.4,0.0,18,13320,买盘,601956,2025-10-17 22:51:33
09:38:04,7.4,0.0,68,50320,买盘,601956,2025-10-17 22:51:33
09:38:07,7.39,-0.01,106,78434,卖盘,601956,2025-10-17 22:51:33
09:38:10,7.39,0.0,84,62076,卖盘,601956,2025-10-17 22:51:33
09:38:13,7.39,0.0,30,22170,买盘,601956,2025-10-17 22:51:33
09:38:19,7.39,0.0,3,2217,买盘,601956,2025-10-17 22:51:33
09:38:22,7.38,-0.01,75,55409,卖盘,601956,2025-10-17 22:51:33
09:38:28,7.39,0.01,151,111547,买盘,601956,2025-10-17 22:51:33
09:38:31,7.38,-0.01,175,129153,卖盘,601956,2025-10-17 22:51:33
09:38:34,7.38,0.0,28,20664,卖盘,601956,2025-10-17 22:51:33
09:38:37,7.38,0.0,34,25092,买盘,601956,2025-10-17 22:51:33
09:38:40,7.38,0.0,20,14760,买盘,601956,2025-10-17 22:51:33
09:38:43,7.37,-0.01,67,49445,卖盘,601956,2025-10-17 22:51:33
09:38:46,7.37,0.0,467,344246,卖盘,601956,2025-10-17 22:51:33
09:38:49,7.36,-0.01,53,39011,卖盘,601956,2025-10-17 22:51:33
09:38:55,7.36,0.0,34,25024,卖盘,601956,2025-10-17 22:51:33
09:39:01,7.37,0.01,40,29480,买盘,601956,2025-10-17 22:51:33
09:39:04,7.37,0.0,116,85469,买盘,601956,2025-10-17 22:51:33
09:39:07,7.36,-0.01,51,37567,卖盘,601956,2025-10-17 22:51:33
09:39:10,7.36,0.0,56,41219,卖盘,601956,2025-10-17 22:51:33
09:39:13,7.36,0.0,43,31648,卖盘,601956,2025-10-17 22:51:33
09:39:16,7.36,0.0,11,8098,卖盘,601956,2025-10-17 22:51:33
09:39:19,7.36,0.0,1,736,卖盘,601956,2025-10-17 22:51:33
09:39:22,7.37,0.01,30,22100,买盘,601956,2025-10-17 22:51:33
09:39:25,7.36,-0.01,50,36809,卖盘,601956,2025-10-17 22:51:33
09:39:31,7.36,0.0,88,64775,卖盘,601956,2025-10-17 22:51:33
09:39:34,7.37,0.01,33,24321,买盘,601956,2025-10-17 22:51:33
09:39:37,7.37,0.0,5,3683,买盘,601956,2025-10-17 22:51:33
09:39:40,7.36,-0.01,3,2208,卖盘,601956,2025-10-17 22:51:33
09:39:43,7.36,0.0,44,32397,卖盘,601956,2025-10-17 22:51:33
09:39:46,7.37,0.01,604,445148,买盘,601956,2025-10-17 22:51:33
09:39:49,7.36,-0.01,345,253920,卖盘,601956,2025-10-17 22:51:33
09:39:58,7.36,0.0,83,61086,买盘,601956,2025-10-17 22:51:33
09:40:01,7.35,-0.01,395,290325,卖盘,601956,2025-10-17 22:51:33
09:40:04,7.34,-0.01,3,2202,卖盘,601956,2025-10-17 22:51:33
09:40:10,7.34,0.0,157,115253,卖盘,601956,2025-10-17 22:51:33
09:40:13,7.34,0.0,183,134423,买盘,601956,2025-10-17 22:51:33
09:40:16,7.33,-0.01,59,43286,卖盘,601956,2025-10-17 22:51:33
09:40:19,7.34,0.01,175,128446,买盘,601956,2025-10-17 22:51:33
09:40:22,7.34,0.0,100,73380,买盘,601956,2025-10-17 22:51:33
09:40:25,7.33,-0.01,383,281091,卖盘,601956,2025-10-17 22:51:33
09:40:28,7.34,0.01,651,477482,买盘,601956,2025-10-17 22:51:33
09:40:34,7.34,0.0,7,5138,买盘,601956,2025-10-17 22:51:33
09:40:37,7.33,-0.01,42,30786,卖盘,601956,2025-10-17 22:51:33
09:40:40,7.33,0.0,11,8068,卖盘,601956,2025-10-17 22:51:33
09:40:43,7.34,0.01,10,7340,买盘,601956,2025-10-17 22:51:33
09:40:46,7.33,-0.01,54,39582,卖盘,601956,2025-10-17 22:51:33
09:40:49,7.33,0.0,128,93826,卖盘,601956,2025-10-17 22:51:33
09:40:52,7.33,0.0,92,67436,卖盘,601956,2025-10-17 22:51:33
09:40:55,7.32,-0.01,246,180299,卖盘,601956,2025-10-17 22:51:33
09:40:58,7.33,0.01,111,81363,买盘,601956,2025-10-17 22:51:33
09:41:01,7.33,0.0,5,3665,卖盘,601956,2025-10-17 22:51:33
09:41:04,7.33,0.0,181,132685,卖盘,601956,2025-10-17 22:51:33
09:41:07,7.33,0.0,128,93824,卖盘,601956,2025-10-17 22:51:33
09:41:10,7.33,0.0,204,149532,卖盘,601956,2025-10-17 22:51:33
09:41:13,7.33,0.0,83,60842,卖盘,601956,2025-10-17 22:51:33
09:41:16,7.32,-0.01,119,87193,卖盘,601956,2025-10-17 22:51:33
09:41:19,7.33,0.01,5,3667,中性盘,601956,2025-10-17 22:51:33
09:41:22,7.32,-0.01,48,35173,卖盘,601956,2025-10-17 22:51:33
09:41:25,7.33,0.01,227,166391,买盘,601956,2025-10-17 22:51:33
09:41:28,7.32,-0.01,35,25645,卖盘,601956,2025-10-17 22:51:33
09:41:31,7.32,0.0,1292,945700,卖盘,601956,2025-10-17 22:51:33
09:41:34,7.32,0.0,11,8061,卖盘,601956,2025-10-17 22:51:33
09:41:37,7.31,-0.01,15,10978,卖盘,601956,2025-10-17 22:51:33
09:41:40,7.32,0.01,654,479033,卖盘,601956,2025-10-17 22:51:33
09:41:43,7.32,0.0,420,307453,卖盘,601956,2025-10-17 22:51:33
09:41:46,7.32,0.0,220,161040,卖盘,601956,2025-10-17 22:51:33
09:41:49,7.32,0.0,177,129641,卖盘,601956,2025-10-17 22:51:33
09:41:52,7.32,0.0,6,4392,卖盘,601956,2025-10-17 22:51:33
09:41:55,7.31,-0.01,305,223300,卖盘,601956,2025-10-17 22:51:33
09:41:58,7.32,0.01,186,136138,买盘,601956,2025-10-17 22:51:33
09:42:04,7.32,0.0,490,358685,买盘,601956,2025-10-17 22:51:33
09:42:07,7.32,0.0,17,12451,卖盘,601956,2025-10-17 22:51:33
09:42:10,7.32,0.0,219,160308,卖盘,601956,2025-10-17 22:51:33
09:42:13,7.32,0.0,167,122096,买盘,601956,2025-10-17 22:51:33
09:42:16,7.32,0.0,185,135420,卖盘,601956,2025-10-17 22:51:33
09:42:19,7.32,0.0,140,102480,卖盘,601956,2025-10-17 22:51:33
09:42:25,7.32,0.0,26,19032,卖盘,601956,2025-10-17 22:51:33
09:42:28,7.33,0.01,41,30013,买盘,601956,2025-10-17 22:51:33
09:42:34,7.32,-0.01,76,55632,卖盘,601956,2025-10-17 22:51:33
09:42:37,7.32,0.0,11,8062,卖盘,601956,2025-10-17 22:51:33
09:42:40,7.32,0.0,61,44684,卖盘,601956,2025-10-17 22:51:33
09:42:43,7.32,0.0,23,16836,卖盘,601956,2025-10-17 22:51:33
09:42:46,7.32,0.0,7,5130,卖盘,601956,2025-10-17 22:51:33
09:42:49,7.32,0.0,160,117120,卖盘,601956,2025-10-17 22:51:33
09:42:52,7.32,0.0,98,71736,卖盘,601956,2025-10-17 22:51:33
09:42:55,7.33,0.01,16,11722,买盘,601956,2025-10-17 22:51:33
09:43:04,7.32,-0.01,177,129592,卖盘,601956,2025-10-17 22:51:33
09:43:07,7.33,0.01,74,54238,买盘,601956,2025-10-17 22:51:33
09:43:10,7.32,-0.01,1,732,卖盘,601956,2025-10-17 22:51:33
09:43:13,7.33,0.01,10,7330,买盘,601956,2025-10-17 22:51:33
09:43:16,7.33,0.0,2,1466,买盘,601956,2025-10-17 22:51:33
09:43:22,7.32,-0.01,29,21250,卖盘,601956,2025-10-17 22:51:33
09:43:25,7.32,0.0,830,607560,卖盘,601956,2025-10-17 22:51:33
09:43:28,7.33,0.01,100,73226,买盘,601956,2025-10-17 22:51:33
09:43:31,7.32,-0.01,23,16829,买盘,601956,2025-10-17 22:51:33
09:43:34,7.32,0.0,17,12444,卖盘,601956,2025-10-17 22:51:33
09:43:37,7.33,0.01,2,1466,买盘,601956,2025-10-17 22:51:33
09:43:40,7.32,-0.01,4,2928,卖盘,601956,2025-10-17 22:51:33
09:43:46,7.32,0.0,40,29280,卖盘,601956,2025-10-17 22:51:33
09:43:49,7.32,0.0,293,214476,卖盘,601956,2025-10-17 22:51:33
09:43:52,7.32,0.0,34,24888,卖盘,601956,2025-10-17 22:51:33
09:43:55,7.32,0.0,35,25620,买盘,601956,2025-10-17 22:51:33
09:43:58,7.32,0.0,3,2196,买盘,601956,2025-10-17 22:51:33
09:44:01,7.32,0.0,103,75376,买盘,601956,2025-10-17 22:51:33
09:44:04,7.32,0.0,29,21228,买盘,601956,2025-10-17 22:51:33
09:44:07,7.32,0.0,7,5124,买盘,601956,2025-10-17 22:51:33
09:44:10,7.31,-0.01,240,175444,卖盘,601956,2025-10-17 22:51:33
09:44:13,7.32,0.01,3,2196,买盘,601956,2025-10-17 22:51:33
09:44:16,7.31,-0.01,15,10975,卖盘,601956,2025-10-17 22:51:33
09:44:19,7.32,0.01,144,105300,买盘,601956,2025-10-17 22:51:33
09:44:22,7.31,-0.01,7,5117,卖盘,601956,2025-10-17 22:51:33
09:44:25,7.31,0.0,374,273421,卖盘,601956,2025-10-17 22:51:33
09:44:28,7.31,0.0,625,456875,卖盘,601956,2025-10-17 22:51:33
09:44:31,7.31,0.0,74,54096,卖盘,601956,2025-10-17 22:51:33
09:44:34,7.31,0.0,76,55561,卖盘,601956,2025-10-17 22:51:33
09:44:37,7.32,0.01,6,4388,买盘,601956,2025-10-17 22:51:33
09:44:40,7.31,-0.01,38,27780,卖盘,601956,2025-10-17 22:51:33
09:44:43,7.31,0.0,142,103719,卖盘,601956,2025-10-17 22:51:33
09:44:46,7.31,0.0,27,19737,买盘,601956,2025-10-17 22:51:33
09:44:49,7.32,0.01,148,108266,买盘,601956,2025-10-17 22:51:33
09:44:52,7.31,-0.01,104,76072,卖盘,601956,2025-10-17 22:51:33
09:44:55,7.31,0.0,8,5852,卖盘,601956,2025-10-17 22:51:33
09:44:58,7.31,0.0,13,9506,卖盘,601956,2025-10-17 22:51:33
09:45:01,7.32,0.01,96,70272,买盘,601956,2025-10-17 22:51:33
09:45:04,7.31,-0.01,75,54878,卖盘,601956,2025-10-17 22:51:33
09:45:07,7.31,0.0,93,68002,卖盘,601956,2025-10-17 22:51:33
09:45:10,7.31,0.0,65,47520,卖盘,601956,2025-10-17 22:51:33
09:45:13,7.32,0.01,11,8051,买盘,601956,2025-10-17 22:51:33
09:45:16,7.32,0.0,76,55575,买盘,601956,2025-10-17 22:51:33
09:45:19,7.31,-0.01,443,323844,卖盘,601956,2025-10-17 22:51:33
09:45:22,7.31,0.0,120,87731,买盘,601956,2025-10-17 22:51:33
09:45:25,7.31,0.0,188,137434,买盘,601956,2025-10-17 22:51:33
09:45:28,7.31,0.0,31,22661,买盘,601956,2025-10-17 22:51:33
09:45:34,7.32,0.01,7,5124,买盘,601956,2025-10-17 22:51:33
09:45:37,7.31,-0.01,91,66531,卖盘,601956,2025-10-17 22:51:33
09:45:40,7.31,0.0,207,151275,卖盘,601956,2025-10-17 22:51:33
09:45:43,7.32,0.01,1,732,买盘,601956,2025-10-17 22:51:33
09:45:46,7.32,0.0,53,38757,买盘,601956,2025-10-17 22:51:33
09:45:49,7.32,0.0,32,23424,卖盘,601956,2025-10-17 22:51:33
09:45:52,7.32,0.0,112,81918,卖盘,601956,2025-10-17 22:51:33
09:45:55,7.32,0.0,107,78254,卖盘,601956,2025-10-17 22:51:33
09:45:58,7.32,0.0,27,19764,买盘,601956,2025-10-17 22:51:33
09:46:04,7.31,-0.01,262,191573,卖盘,601956,2025-10-17 22:51:33
09:46:10,7.31,0.0,88,64415,卖盘,601956,2025-10-17 22:51:33
09:46:13,7.32,0.01,276,201810,买盘,601956,2025-10-17 22:51:33
09:46:16,7.31,-0.01,20,14622,卖盘,601956,2025-10-17 22:51:33
09:46:19,7.31,0.0,31,22662,卖盘,601956,2025-10-17 22:51:33
09:46:22,7.31,0.0,169,123552,卖盘,601956,2025-10-17 22:51:33
09:46:25,7.31,0.0,27,19737,卖盘,601956,2025-10-17 22:51:33
09:46:28,7.31,0.0,44,32164,卖盘,601956,2025-10-17 22:51:33
09:46:31,7.31,0.0,27,19737,卖盘,601956,2025-10-17 22:51:33
09:46:34,7.31,0.0,186,135866,卖盘,601956,2025-10-17 22:51:33
09:46:37,7.31,0.0,32,23392,卖盘,601956,2025-10-17 22:51:33
09:46:40,7.3,-0.01,438,319926,卖盘,601956,2025-10-17 22:51:33
09:46:43,7.31,0.01,132,96462,买盘,601956,2025-10-17 22:51:33
09:46:46,7.3,-0.01,92,67171,卖盘,601956,2025-10-17 22:51:33
09:46:49,7.31,0.01,2,1462,买盘,601956,2025-10-17 22:51:33
09:46:52,7.31,0.0,31,22661,买盘,601956,2025-10-17 22:51:33
09:46:55,7.31,0.0,643,469940,买盘,601956,2025-10-17 22:51:33
09:46:58,7.31,0.0,74,54074,买盘,601956,2025-10-17 22:51:33
09:47:01,7.31,0.0,43,31400,买盘,601956,2025-10-17 22:51:33
09:47:07,7.3,-0.01,7,5116,卖盘,601956,2025-10-17 22:51:33
09:47:10,7.3,0.0,47,34315,卖盘,601956,2025-10-17 22:51:33
09:47:13,7.31,0.01,1,731,买盘,601956,2025-10-17 22:51:33
09:47:16,7.3,-0.01,217,158442,卖盘,601956,2025-10-17 22:51:33
09:47:19,7.31,0.01,137,100020,买盘,601956,2025-10-17 22:51:33
09:47:25,7.31,0.0,6,4386,买盘,601956,2025-10-17 22:51:33
09:47:28,7.31,0.0,4,2922,买盘,601956,2025-10-17 22:51:33
09:47:31,7.31,0.0,464,339184,买盘,601956,2025-10-17 22:51:33
09:47:34,7.32,0.01,75,54826,买盘,601956,2025-10-17 22:51:33
09:47:43,7.31,-0.01,420,306984,卖盘,601956,2025-10-17 22:51:33
09:47:46,7.31,0.0,63,46053,买盘,601956,2025-10-17 22:51:33
09:47:52,7.31,0.0,13,9503,买盘,601956,2025-10-17 22:51:33
09:47:55,7.31,0.0,12,8772,买盘,601956,2025-10-17 22:51:33
09:48:01,7.31,0.0,56,40936,买盘,601956,2025-10-17 22:51:33
09:48:04,7.3,-0.01,20,14610,卖盘,601956,2025-10-17 22:51:33
09:48:07,7.31,0.01,34,24854,买盘,601956,2025-10-17 22:51:33
09:48:10,7.31,0.0,111,81141,买盘,601956,2025-10-17 22:51:33
09:48:13,7.31,0.0,160,116960,买盘,601956,2025-10-17 22:51:33
09:48:16,7.3,-0.01,50,36500,卖盘,601956,2025-10-17 22:51:33
09:48:19,7.31,0.01,277,202243,买盘,601956,2025-10-17 22:51:33
09:48:22,7.31,0.0,3,2193,买盘,601956,2025-10-17 22:51:33
09:48:28,7.3,-0.01,4,2920,卖盘,601956,2025-10-17 22:51:33
09:48:37,7.3,0.0,74,54093,卖盘,601956,2025-10-17 22:51:33
09:48:40,7.31,0.01,1,731,买盘,601956,2025-10-17 22:51:33
09:48:43,7.31,0.0,102,74562,买盘,601956,2025-10-17 22:51:33
09:48:49,7.3,-0.01,130,94967,卖盘,601956,2025-10-17 22:51:33
09:48:52,7.31,0.01,110,80310,中性盘,601956,2025-10-17 22:51:33
09:49:07,7.32,0.01,247,180561,买盘,601956,2025-10-17 22:51:33
09:49:10,7.32,0.0,43,31445,买盘,601956,2025-10-17 22:51:33
09:49:13,7.32,0.0,5,3660,买盘,601956,2025-10-17 22:51:33
09:49:16,7.32,0.0,6,4392,买盘,601956,2025-10-17 22:51:33
09:49:19,7.31,-0.01,28,20475,卖盘,601956,2025-10-17 22:51:33
09:49:22,7.32,0.01,120,87840,买盘,601956,2025-10-17 22:51:33
09:49:25,7.31,-0.01,19,13892,卖盘,601956,2025-10-17 22:51:33
09:49:28,7.32,0.01,358,262056,买盘,601956,2025-10-17 22:51:33
09:49:31,7.32,0.0,2,1464,买盘,601956,2025-10-17 22:51:33
09:49:37,7.32,0.0,12,8784,买盘,601956,2025-10-17 22:51:33
09:49:40,7.31,-0.01,281,205411,卖盘,601956,2025-10-17 22:51:33
09:49:43,7.31,0.0,5,3655,买盘,601956,2025-10-17 22:51:33
09:49:46,7.3,-0.01,16,11680,卖盘,601956,2025-10-17 22:51:33
09:49:49,7.3,0.0,880,642400,卖盘,601956,2025-10-17 22:51:33
09:49:52,7.3,0.0,22,16060,买盘,601956,2025-10-17 22:51:33
09:49:55,7.3,0.0,35,25550,买盘,601956,2025-10-17 22:51:33
09:49:58,7.29,-0.01,134,97697,卖盘,601956,2025-10-17 22:51:33
09:50:01,7.3,0.01,59,43041,买盘,601956,2025-10-17 22:51:33
09:50:04,7.29,-0.01,92,67068,卖盘,601956,2025-10-17 22:51:33
09:50:07,7.29,0.0,243,177147,卖盘,601956,2025-10-17 22:51:33
09:50:10,7.29,0.0,22,16043,卖盘,601956,2025-10-17 22:51:33
09:50:13,7.29,0.0,631,459530,卖盘,601956,2025-10-17 22:51:33
09:50:16,7.29,0.0,138,100567,买盘,601956,2025-10-17 22:51:33
09:50:19,7.31,0.02,397,289842,买盘,601956,2025-10-17 22:51:33
09:50:22,7.3,-0.01,153,111750,卖盘,601956,2025-10-17 22:51:33
09:50:25,7.3,0.0,109,79571,卖盘,601956,2025-10-17 22:51:33
09:50:28,7.3,0.0,40,29203,卖盘,601956,2025-10-17 22:51:33
09:50:31,7.31,0.01,7,5117,买盘,601956,2025-10-17 22:51:33
09:50:34,7.31,0.0,142,103802,买盘,601956,2025-10-17 22:51:33
09:50:37,7.32,0.01,60,43910,买盘,601956,2025-10-17 22:51:33
09:50:46,7.32,0.0,56,40986,买盘,601956,2025-10-17 22:51:33
09:50:52,7.31,-0.01,299,218673,卖盘,601956,2025-10-17 22:51:33
09:50:55,7.32,0.01,46,33672,买盘,601956,2025-10-17 22:51:33
09:51:01,7.32,0.0,111,81252,卖盘,601956,2025-10-17 22:51:33
09:51:04,7.32,0.0,34,24888,卖盘,601956,2025-10-17 22:51:33
09:51:07,7.33,0.01,17,12446,买盘,601956,2025-10-17 22:51:33
09:51:10,7.33,0.0,4,2932,买盘,601956,2025-10-17 22:51:33
09:51:13,7.34,0.01,309,226631,买盘,601956,2025-10-17 22:51:33
09:51:16,7.34,0.0,125,91750,卖盘,601956,2025-10-17 22:51:33
09:51:25,7.34,0.0,4,2936,买盘,601956,2025-10-17 22:51:33
09:51:28,7.34,0.0,71,52114,买盘,601956,2025-10-17 22:51:33
09:51:31,7.33,-0.01,10,7330,卖盘,601956,2025-10-17 22:51:33
09:51:34,7.33,0.0,26,19058,卖盘,601956,2025-10-17 22:51:33
09:51:37,7.33,0.0,1,733,卖盘,601956,2025-10-17 22:51:33
09:51:40,7.34,0.01,21,15414,买盘,601956,2025-10-17 22:51:33
09:51:43,7.33,-0.01,99,72599,卖盘,601956,2025-10-17 22:51:33
09:51:46,7.33,0.0,202,148066,卖盘,601956,2025-10-17 22:51:33
09:51:49,7.33,0.0,17,12461,卖盘,601956,2025-10-17 22:51:33
09:51:52,7.33,0.0,139,101921,卖盘,601956,2025-10-17 22:51:33
09:51:55,7.33,0.0,6,4403,卖盘,601956,2025-10-17 22:51:33
09:51:58,7.33,0.0,335,245564,卖盘,601956,2025-10-17 22:51:33
09:52:01,7.34,0.01,7,5138,买盘,601956,2025-10-17 22:51:33
09:52:04,7.34,0.0,70,51315,买盘,601956,2025-10-17 22:51:33
09:52:07,7.34,0.0,4,2936,买盘,601956,2025-10-17 22:51:33
09:52:10,7.33,-0.01,214,156979,卖盘,601956,2025-10-17 22:51:33
09:52:13,7.33,0.0,38,27881,卖盘,601956,2025-10-17 22:51:33
09:52:16,7.34,0.01,2,1468,买盘,601956,2025-10-17 22:51:33
09:52:19,7.34,0.0,82,60107,买盘,601956,2025-10-17 22:51:33
09:52:25,7.33,-0.01,84,61636,卖盘,601956,2025-10-17 22:51:33
09:52:28,7.33,0.0,19,13927,卖盘,601956,2025-10-17 22:51:33
09:52:31,7.33,0.0,12,8796,买盘,601956,2025-10-17 22:51:33
09:52:34,7.33,0.0,28,20524,买盘,601956,2025-10-17 22:51:33
09:52:37,7.32,-0.01,33,24159,卖盘,601956,2025-10-17 22:51:33
09:52:43,7.33,0.01,20,14660,买盘,601956,2025-10-17 22:51:33
09:52:52,7.33,0.0,78,57174,买盘,601956,2025-10-17 22:51:33
09:52:55,7.33,0.0,5,3665,买盘,601956,2025-10-17 22:51:33
09:53:01,7.33,0.0,7,5131,买盘,601956,2025-10-17 22:51:33
09:53:04,7.32,-0.01,15,10980,卖盘,601956,2025-10-17 22:51:33
09:53:07,7.32,0.0,13,9520,卖盘,601956,2025-10-17 22:51:33
09:53:16,7.33,0.01,132,96756,买盘,601956,2025-10-17 22:51:33
09:53:28,7.32,-0.01,40,29312,卖盘,601956,2025-10-17 22:51:33
09:53:31,7.32,0.0,1,732,卖盘,601956,2025-10-17 22:51:33
09:53:37,7.32,0.0,250,183000,卖盘,601956,2025-10-17 22:51:33
09:53:40,7.32,0.0,23,16836,卖盘,601956,2025-10-17 22:51:33
09:53:43,7.32,0.0,320,234187,买盘,601956,2025-10-17 22:51:33
09:53:46,7.32,0.0,48,35136,买盘,601956,2025-10-17 22:51:33
09:53:49,7.32,0.0,8,5856,买盘,601956,2025-10-17 22:51:33
09:53:52,7.32,0.0,68,49776,买盘,601956,2025-10-17 22:51:33
09:53:55,7.32,0.0,15,10980,卖盘,601956,2025-10-17 22:51:33
09:54:01,7.32,0.0,145,106140,卖盘,601956,2025-10-17 22:51:33
09:54:04,7.32,0.0,2,1464,买盘,601956,2025-10-17 22:51:33
09:54:07,7.32,0.0,18,13176,买盘,601956,2025-10-17 22:51:33
09:54:10,7.31,-0.01,14,10243,卖盘,601956,2025-10-17 22:51:33
09:54:19,7.32,0.01,14,10248,卖盘,601956,2025-10-17 22:51:33
09:54:22,7.32,0.0,24,17568,买盘,601956,2025-10-17 22:51:33
09:54:25,7.32,0.0,67,49044,买盘,601956,2025-10-17 22:51:33
09:54:28,7.31,-0.01,108,78956,卖盘,601956,2025-10-17 22:51:33
09:54:31,7.32,0.01,50,36600,买盘,601956,2025-10-17 22:51:33
09:54:34,7.32,0.0,104,76042,买盘,601956,2025-10-17 22:51:33
09:54:37,7.32,0.0,5,3660,卖盘,601956,2025-10-17 22:51:33
09:54:40,7.33,0.01,2,1466,买盘,601956,2025-10-17 22:51:33
09:54:43,7.32,-0.01,28,20496,卖盘,601956,2025-10-17 22:51:33
09:54:46,7.32,0.0,169,123708,卖盘,601956,2025-10-17 22:51:33
09:54:52,7.32,0.0,30,21960,买盘,601956,2025-10-17 22:51:33
09:54:55,7.32,0.0,38,27786,买盘,601956,2025-10-17 22:51:33
09:54:58,7.32,0.0,2,1464,买盘,601956,2025-10-17 22:51:33
09:55:01,7.32,0.0,97,71004,买盘,601956,2025-10-17 22:51:33
09:55:04,7.31,-0.01,10,7313,卖盘,601956,2025-10-17 22:51:33
09:55:10,7.33,0.02,1,733,买盘,601956,2025-10-17 22:51:33
09:55:13,7.32,-0.01,5,3662,卖盘,601956,2025-10-17 22:51:33
09:55:16,7.33,0.01,45,32985,买盘,601956,2025-10-17 22:51:33
09:55:19,7.33,0.0,17,12461,买盘,601956,2025-10-17 22:51:33
09:55:22,7.32,-0.01,197,144231,卖盘,601956,2025-10-17 22:51:33
09:55:25,7.33,0.01,32,23432,买盘,601956,2025-10-17 22:51:33
09:55:28,7.32,-0.01,48,35164,卖盘,601956,2025-10-17 22:51:33
09:55:31,7.33,0.01,4,2932,买盘,601956,2025-10-17 22:51:33
09:55:34,7.32,-0.01,144,105452,卖盘,601956,2025-10-17 22:51:33
09:55:37,7.33,0.01,13,9529,买盘,601956,2025-10-17 22:51:33
09:55:40,7.33,0.0,15,10995,买盘,601956,2025-10-17 22:51:33
09:55:49,7.33,0.0,27,19781,买盘,601956,2025-10-17 22:51:33
09:55:55,7.32,-0.01,10,7320,卖盘,601956,2025-10-17 22:51:33
09:55:58,7.32,0.0,32,23455,卖盘,601956,2025-10-17 22:51:33
09:56:01,7.32,0.0,1,732,卖盘,601956,2025-10-17 22:51:33
09:56:07,7.32,0.0,5,3660,卖盘,601956,2025-10-17 22:51:33
09:56:13,7.32,0.0,15,10980,卖盘,601956,2025-10-17 22:51:33
09:56:16,7.32,0.0,1,732,卖盘,601956,2025-10-17 22:51:33
09:56:19,7.33,0.01,50,36650,买盘,601956,2025-10-17 22:51:33
09:56:31,7.33,0.0,6,4398,买盘,601956,2025-10-17 22:51:33
09:56:34,7.32,-0.01,62,45416,卖盘,601956,2025-10-17 22:51:33
09:56:46,7.33,0.01,2,1466,买盘,601956,2025-10-17 22:51:33
09:56:49,7.32,-0.01,5,3660,卖盘,601956,2025-10-17 22:51:33
09:56:52,7.32,0.0,1,732,卖盘,601956,2025-10-17 22:51:33
09:57:07,7.32,0.0,112,81984,卖盘,601956,2025-10-17 22:51:33
09:57:10,7.33,0.01,175,128209,买盘,601956,2025-10-17 22:51:33
09:57:13,7.33,0.0,10,7330,买盘,601956,2025-10-17 22:51:33
09:57:16,7.33,0.0,137,100421,买盘,601956,2025-10-17 22:51:33
09:57:22,7.32,-0.01,150,109869,卖盘,601956,2025-10-17 22:51:33
09:57:25,7.33,0.01,9,6597,卖盘,601956,2025-10-17 22:51:33
09:57:28,7.33,0.0,152,111369,卖盘,601956,2025-10-17 22:51:33
09:57:34,7.34,0.01,28,20552,买盘,601956,2025-10-17 22:51:33
09:57:37,7.34,0.0,70,51380,买盘,601956,2025-10-17 22:51:33
09:57:52,7.33,-0.01,19,13937,卖盘,601956,2025-10-17 22:51:33
09:57:55,7.33,0.0,1,733,卖盘,601956,2025-10-17 22:51:33
09:57:58,7.33,0.0,23,16859,卖盘,601956,2025-10-17 22:51:33
09:58:01,7.33,0.0,7,5131,买盘,601956,2025-10-17 22:51:33
09:58:04,7.33,0.0,30,21990,买盘,601956,2025-10-17 22:51:33
09:58:13,7.33,0.0,128,93824,买盘,601956,2025-10-17 22:51:33
09:58:19,7.34,0.01,717,525859,买盘,601956,2025-10-17 22:51:33
09:58:22,7.34,0.0,39,28626,买盘,601956,2025-10-17 22:51:33
09:58:25,7.34,0.0,38,27911,卖盘,601956,2025-10-17 22:51:33
09:58:28,7.34,0.0,52,38170,卖盘,601956,2025-10-17 22:51:33
09:58:31,7.35,0.01,70,51450,买盘,601956,2025-10-17 22:51:33
09:58:34,7.36,0.01,304,223688,买盘,601956,2025-10-17 22:51:33
09:58:37,7.37,0.01,35,25774,买盘,601956,2025-10-17 22:51:33
09:58:40,7.37,0.0,40,29480,买盘,601956,2025-10-17 22:51:33
09:58:43,7.37,0.0,43,31691,买盘,601956,2025-10-17 22:51:33
09:58:46,7.36,-0.01,161,118496,卖盘,601956,2025-10-17 22:51:33
09:58:49,7.37,0.01,189,139290,买盘,601956,2025-10-17 22:51:33
09:58:52,7.36,-0.01,13,9565,买盘,601956,2025-10-17 22:51:33
09:58:55,7.36,0.0,43,31648,买盘,601956,2025-10-17 22:51:33
09:58:58,7.36,0.0,7,5152,买盘,601956,2025-10-17 22:51:33
09:59:01,7.35,-0.01,13,9558,卖盘,601956,2025-10-17 22:51:33
09:59:04,7.36,0.01,5,3680,买盘,601956,2025-10-17 22:51:33
09:59:07,7.36,0.0,3,2208,买盘,601956,2025-10-17 22:51:33
09:59:16,7.36,0.0,45,33106,买盘,601956,2025-10-17 22:51:33
09:59:19,7.35,-0.01,20,14700,卖盘,601956,2025-10-17 22:51:33
09:59:22,7.35,0.0,2,1470,卖盘,601956,2025-10-17 22:51:33
09:59:25,7.35,0.0,144,105840,卖盘,601956,2025-10-17 22:51:33
09:59:28,7.34,-0.01,256,187904,卖盘,601956,2025-10-17 22:51:33
09:59:31,7.33,-0.01,1,733,卖盘,601956,2025-10-17 22:51:33
09:59:34,7.33,0.0,20,14660,卖盘,601956,2025-10-17 22:51:33
09:59:37,7.33,0.0,8,5871,卖盘,601956,2025-10-17 22:51:33
09:59:40,7.34,0.01,100,73400,买盘,601956,2025-10-17 22:51:33
09:59:43,7.34,0.0,52,38128,买盘,601956,2025-10-17 22:51:33
09:59:46,7.33,-0.01,6,4402,卖盘,601956,2025-10-17 22:51:33
09:59:49,7.34,0.01,239,175216,买盘,601956,2025-10-17 22:51:33
09:59:52,7.34,0.0,41,30094,卖盘,601956,2025-10-17 22:51:33
09:59:55,7.34,0.0,1,734,卖盘,601956,2025-10-17 22:51:33
09:59:58,7.34,0.0,70,51380,卖盘,601956,2025-10-17 22:51:33
10:00:01,7.34,0.0,182,133598,卖盘,601956,2025-10-17 22:51:33
10:00:07,7.34,0.0,5,3670,买盘,601956,2025-10-17 22:51:33
10:00:10,7.33,-0.01,18,13194,卖盘,601956,2025-10-17 22:51:33
10:00:13,7.33,0.0,160,117280,卖盘,601956,2025-10-17 22:51:33
10:00:16,7.33,0.0,4,2932,卖盘,601956,2025-10-17 22:51:33
10:00:19,7.33,0.0,83,60839,卖盘,601956,2025-10-17 22:51:33
10:00:22,7.33,0.0,696,510168,卖盘,601956,2025-10-17 22:51:33
10:00:25,7.33,0.0,15,10995,卖盘,601956,2025-10-17 22:51:33
10:00:34,7.34,0.01,54,39594,买盘,601956,2025-10-17 22:51:33
10:00:40,7.35,0.01,523,383991,买盘,601956,2025-10-17 22:51:33
10:00:43,7.35,0.0,57,41895,买盘,601956,2025-10-17 22:51:33
10:00:46,7.34,-0.01,7,5144,卖盘,601956,2025-10-17 22:51:33
10:00:52,7.35,0.01,99,72715,买盘,601956,2025-10-17 22:51:33
10:00:55,7.35,0.0,1190,874424,买盘,601956,2025-10-17 22:51:33
10:00:58,7.35,0.0,152,111629,买盘,601956,2025-10-17 22:51:33
10:01:01,7.35,0.0,942,692340,买盘,601956,2025-10-17 22:51:33
10:01:04,7.35,0.0,135,99233,卖盘,601956,2025-10-17 22:51:33
10:01:10,7.35,0.0,5,3675,卖盘,601956,2025-10-17 22:51:33
10:01:13,7.34,-0.01,127,93343,卖盘,601956,2025-10-17 22:51:33
10:01:16,7.35,0.01,32,23520,买盘,601956,2025-10-17 22:51:33
10:01:25,7.35,0.0,8,5877,买盘,601956,2025-10-17 22:51:33
10:01:28,7.35,0.0,5,3675,买盘,601956,2025-10-17 22:51:33
10:01:31,7.34,-0.01,252,184968,卖盘,601956,2025-10-17 22:51:33
10:01:34,7.34,0.0,21,15414,买盘,601956,2025-10-17 22:51:33
10:01:40,7.34,0.0,7,5138,卖盘,601956,2025-10-17 22:51:33
10:01:43,7.34,0.0,51,37434,卖盘,601956,2025-10-17 22:51:33
10:01:49,7.37,0.03,988,726683,买盘,601956,2025-10-17 22:51:33
10:01:52,7.35,-0.02,60,44156,卖盘,601956,2025-10-17 22:51:33
10:01:55,7.37,0.02,5,3685,买盘,601956,2025-10-17 22:51:33
10:01:58,7.37,0.0,4,2947,买盘,601956,2025-10-17 22:51:33
10:02:01,7.36,-0.01,45,33120,卖盘,601956,2025-10-17 22:51:33
10:02:04,7.36,0.0,19,13984,买盘,601956,2025-10-17 22:51:33
10:02:07,7.36,0.0,4,2944,卖盘,601956,2025-10-17 22:51:33
10:02:13,7.36,0.0,55,40480,买盘,601956,2025-10-17 22:51:33
10:02:16,7.36,0.0,10,7360,卖盘,601956,2025-10-17 22:51:33
10:02:22,7.37,0.01,35,25795,买盘,601956,2025-10-17 22:51:33
10:02:25,7.37,0.0,360,265190,买盘,601956,2025-10-17 22:51:33
10:02:31,7.37,0.0,42,30954,买盘,601956,2025-10-17 22:51:33
10:02:34,7.37,0.0,71,52316,买盘,601956,2025-10-17 22:51:33
10:02:40,7.37,0.0,57,42009,买盘,601956,2025-10-17 22:51:33
10:02:43,7.37,0.0,20,14740,买盘,601956,2025-10-17 22:51:33
10:02:46,7.36,-0.01,91,66976,卖盘,601956,2025-10-17 22:51:33
10:02:49,7.37,0.01,58,42733,买盘,601956,2025-10-17 22:51:33
10:02:58,7.37,0.0,128,94336,买盘,601956,2025-10-17 22:51:33
10:03:01,7.37,0.0,87,64119,卖盘,601956,2025-10-17 22:51:33
10:03:04,7.37,0.0,10,7370,卖盘,601956,2025-10-17 22:51:33
10:03:07,7.39,0.02,569,420183,买盘,601956,2025-10-17 22:51:33
10:03:10,7.4,0.01,70,51780,买盘,601956,2025-10-17 22:51:33
10:03:13,7.4,0.0,290,214491,买盘,601956,2025-10-17 22:51:33
10:03:16,7.4,0.0,74,54760,买盘,601956,2025-10-17 22:51:33
10:03:19,7.4,0.0,92,68077,买盘,601956,2025-10-17 22:51:33
10:03:22,7.4,0.0,184,136170,买盘,601956,2025-10-17 22:51:33
10:03:25,7.4,0.0,291,215560,买盘,601956,2025-10-17 22:51:33
10:03:28,7.41,0.01,14,10373,买盘,601956,2025-10-17 22:51:33
10:03:31,7.41,0.0,17,12592,买盘,601956,2025-10-17 22:51:33
10:03:34,7.41,0.0,170,125972,中性盘,601956,2025-10-17 22:51:33
10:03:37,7.41,0.0,101,74840,卖盘,601956,2025-10-17 22:51:33
10:03:40,7.41,0.0,180,133491,卖盘,601956,2025-10-17 22:51:33
10:03:43,7.41,0.0,11,8151,买盘,601956,2025-10-17 22:51:33
10:03:46,7.41,0.0,1,741,买盘,601956,2025-10-17 22:51:33
10:03:49,7.41,0.0,234,173394,买盘,601956,2025-10-17 22:51:33
10:03:52,7.41,0.0,137,101517,买盘,601956,2025-10-17 22:51:33
10:03:55,7.41,0.0,45,33345,卖盘,601956,2025-10-17 22:51:33
10:03:58,7.41,0.0,75,55588,卖盘,601956,2025-10-17 22:51:33
10:04:01,7.42,0.01,649,481333,买盘,601956,2025-10-17 22:51:33
10:04:04,7.42,0.0,102,75684,卖盘,601956,2025-10-17 22:51:33
10:04:07,7.47,0.05,2011,1499147,买盘,601956,2025-10-17 22:51:33
10:04:10,7.47,0.0,1591,1190826,卖盘,601956,2025-10-17 22:51:33
10:04:13,7.49,0.02,502,375701,买盘,601956,2025-10-17 22:51:33
10:04:16,7.49,0.0,206,154147,买盘,601956,2025-10-17 22:51:33
10:04:19,7.48,-0.01,1874,1401486,卖盘,601956,2025-10-17 22:51:33
10:04:22,7.46,-0.02,155,115905,卖盘,601956,2025-10-17 22:51:33
10:04:25,7.46,0.0,103,76965,卖盘,601956,2025-10-17 22:51:33
10:04:28,7.46,0.0,66,49335,卖盘,601956,2025-10-17 22:51:33
10:04:31,7.44,-0.02,349,260307,卖盘,601956,2025-10-17 22:51:33
10:04:34,7.44,0.0,81,60335,卖盘,601956,2025-10-17 22:51:33
10:04:37,7.43,-0.01,511,380603,卖盘,601956,2025-10-17 22:51:33
10:04:40,7.44,0.01,355,264264,买盘,601956,2025-10-17 22:51:33
10:04:43,7.43,-0.01,20,14874,卖盘,601956,2025-10-17 22:51:33
10:04:46,7.44,0.01,154,114716,买盘,601956,2025-10-17 22:51:33
10:04:49,7.44,0.0,113,84072,买盘,601956,2025-10-17 22:51:33
10:04:52,7.44,0.0,91,67703,买盘,601956,2025-10-17 22:51:33
10:04:55,7.42,-0.02,174,129262,卖盘,601956,2025-10-17 22:51:33
10:04:58,7.43,0.01,106,78756,买盘,601956,2025-10-17 22:51:33
10:05:01,7.43,0.0,6,4453,买盘,601956,2025-10-17 22:51:33
10:05:04,7.42,-0.01,122,90499,卖盘,601956,2025-10-17 22:51:33
10:05:07,7.42,0.0,12,8904,买盘,601956,2025-10-17 22:51:33
10:05:10,7.42,0.0,22,16324,中性盘,601956,2025-10-17 22:51:33
10:05:13,7.42,0.0,252,187029,卖盘,601956,2025-10-17 22:51:33
10:05:16,7.42,0.0,46,34102,卖盘,601956,2025-10-17 22:51:33
10:05:19,7.41,-0.01,17,12597,卖盘,601956,2025-10-17 22:51:33
10:05:22,7.42,0.01,330,244851,买盘,601956,2025-10-17 22:51:33
10:05:25,7.41,-0.01,142,105362,卖盘,601956,2025-10-17 22:51:33
10:05:28,7.41,0.0,197,146164,卖盘,601956,2025-10-17 22:51:33
10:05:31,7.41,0.0,140,103740,卖盘,601956,2025-10-17 22:51:33
10:05:34,7.41,0.0,114,84586,卖盘,601956,2025-10-17 22:51:33
10:05:37,7.42,0.01,11,8156,买盘,601956,2025-10-17 22:51:33
10:05:40,7.41,-0.01,28,20772,卖盘,601956,2025-10-17 22:51:33
10:05:43,7.41,0.0,51,37841,卖盘,601956,2025-10-17 22:51:33
10:05:52,7.41,0.0,742,549968,卖盘,601956,2025-10-17 22:51:33
10:05:55,7.4,-0.01,2,1480,卖盘,601956,2025-10-17 22:51:33
10:05:58,7.41,0.01,127,94107,买盘,601956,2025-10-17 22:51:33
10:06:01,7.41,0.0,100,74100,买盘,601956,2025-10-17 22:51:33
10:06:04,7.4,-0.01,310,229400,卖盘,601956,2025-10-17 22:51:33
10:06:07,7.4,0.0,20,14800,卖盘,601956,2025-10-17 22:51:33
10:06:10,7.41,0.01,320,237120,买盘,601956,2025-10-17 22:51:33
10:06:13,7.41,0.0,11,8151,买盘,601956,2025-10-17 22:51:33
10:06:16,7.4,-0.01,304,225257,卖盘,601956,2025-10-17 22:51:33
10:06:22,7.41,0.01,1,741,卖盘,601956,2025-10-17 22:51:33
10:06:25,7.41,0.0,11,8152,卖盘,601956,2025-10-17 22:51:33
10:06:28,7.42,0.01,61,45217,买盘,601956,2025-10-17 22:51:33
10:06:31,7.42,0.0,2,1484,买盘,601956,2025-10-17 22:51:33
10:06:34,7.41,-0.01,2,1482,卖盘,601956,2025-10-17 22:51:33
10:06:40,7.42,0.01,251,186242,买盘,601956,2025-10-17 22:51:33
10:06:43,7.42,0.0,264,195888,买盘,601956,2025-10-17 22:51:33
10:06:49,7.43,0.01,114,84692,买盘,601956,2025-10-17 22:51:33
10:06:52,7.42,-0.01,50,37100,卖盘,601956,2025-10-17 22:51:33
10:06:55,7.42,0.0,159,117983,卖盘,601956,2025-10-17 22:51:33
10:06:58,7.42,0.0,382,283720,买盘,601956,2025-10-17 22:51:33
10:07:01,7.43,0.01,104,77225,买盘,601956,2025-10-17 22:51:33
10:07:07,7.42,-0.01,16,11872,买盘,601956,2025-10-17 22:51:33
10:07:10,7.42,0.0,95,70490,买盘,601956,2025-10-17 22:51:33
10:07:13,7.42,0.0,3,2226,中性盘,601956,2025-10-17 22:51:33
10:07:16,7.42,0.0,54,40068,买盘,601956,2025-10-17 22:51:33
10:07:19,7.42,0.0,36,26709,卖盘,601956,2025-10-17 22:51:33
10:07:22,7.42,0.0,12,8894,买盘,601956,2025-10-17 22:51:33
10:07:25,7.42,0.0,50,37070,买盘,601956,2025-10-17 22:51:33
10:07:28,7.42,0.0,111,82360,买盘,601956,2025-10-17 22:51:33
10:07:31,7.42,0.0,15,11130,买盘,601956,2025-10-17 22:51:33
10:07:34,7.42,0.0,7,5194,买盘,601956,2025-10-17 22:51:33
10:07:43,7.4,-0.02,833,617137,卖盘,601956,2025-10-17 22:51:33
10:07:46,7.41,0.01,5,3705,买盘,601956,2025-10-17 22:51:33
10:07:49,7.4,-0.01,27,19980,卖盘,601956,2025-10-17 22:51:33
10:07:52,7.4,0.0,60,44410,卖盘,601956,2025-10-17 22:51:33
10:08:01,7.4,0.0,1,740,卖盘,601956,2025-10-17 22:51:33
10:08:04,7.4,0.0,9,6660,卖盘,601956,2025-10-17 22:51:33
10:08:10,7.4,0.0,15,11100,卖盘,601956,2025-10-17 22:51:33
10:08:13,7.4,0.0,53,39225,卖盘,601956,2025-10-17 22:51:33
10:08:19,7.4,0.0,25,18500,卖盘,601956,2025-10-17 22:51:33
10:08:25,7.41,0.01,22,16302,买盘,601956,2025-10-17 22:51:33
10:08:31,7.41,0.0,6,4446,买盘,601956,2025-10-17 22:51:33
10:08:34,7.41,0.0,12,8892,买盘,601956,2025-10-17 22:51:33
10:08:37,7.41,0.0,29,21489,买盘,601956,2025-10-17 22:51:33
10:08:40,7.4,-0.01,83,61420,卖盘,601956,2025-10-17 22:51:33
10:08:49,7.4,0.0,208,154120,卖盘,601956,2025-10-17 22:51:33
10:08:52,7.4,0.0,2,1480,卖盘,601956,2025-10-17 22:51:33
10:08:55,7.4,0.0,1,740,卖盘,601956,2025-10-17 22:51:33
10:08:58,7.4,0.0,2,1480,卖盘,601956,2025-10-17 22:51:33
10:09:01,7.4,0.0,200,148000,卖盘,601956,2025-10-17 22:51:33
10:09:04,7.4,0.0,59,43660,卖盘,601956,2025-10-17 22:51:33
10:09:13,7.4,0.0,41,30340,买盘,601956,2025-10-17 22:51:33
10:09:19,7.4,0.0,100,74000,买盘,601956,2025-10-17 22:51:33
10:09:22,7.4,0.0,12,8880,买盘,601956,2025-10-17 22:51:33
10:09:25,7.41,0.01,8,5928,买盘,601956,2025-10-17 22:51:33
10:09:34,7.4,-0.01,4,2960,卖盘,601956,2025-10-17 22:51:33
10:09:37,7.4,0.0,8,5920,卖盘,601956,2025-10-17 22:51:33
10:09:40,7.4,0.0,11,8140,买盘,601956,2025-10-17 22:51:33
10:09:43,7.4,0.0,12,8880,买盘,601956,2025-10-17 22:51:33
10:09:49,7.4,0.0,13,9620,买盘,601956,2025-10-17 22:51:33
10:09:52,7.4,0.0,13,9620,买盘,601956,2025-10-17 22:51:33
10:09:55,7.4,0.0,17,12580,卖盘,601956,2025-10-17 22:51:33
10:10:01,7.4,0.0,3,2220,卖盘,601956,2025-10-17 22:51:33
10:10:04,7.4,0.0,253,187220,卖盘,601956,2025-10-17 22:51:33
10:10:07,7.4,0.0,58,42920,买盘,601956,2025-10-17 22:51:33
10:10:10,7.4,0.0,13,9620,买盘,601956,2025-10-17 22:51:33
10:10:13,7.4,0.0,59,43660,买盘,601956,2025-10-17 22:51:33
10:10:16,7.4,0.0,52,38480,买盘,601956,2025-10-17 22:51:33
10:10:19,7.4,0.0,47,34780,买盘,601956,2025-10-17 22:51:33
10:10:22,7.4,0.0,52,38480,买盘,601956,2025-10-17 22:51:33
10:10:25,7.4,0.0,46,34040,买盘,601956,2025-10-17 22:51:33
10:10:28,7.39,-0.01,293,216818,卖盘,601956,2025-10-17 22:51:33
10:10:31,7.4,0.01,375,277500,买盘,601956,2025-10-17 22:51:33
10:10:34,7.41,0.01,2,1482,买盘,601956,2025-10-17 22:51:33
10:10:40,7.41,0.0,1,741,买盘,601956,2025-10-17 22:51:33
10:10:43,7.41,0.0,94,69654,买盘,601956,2025-10-17 22:51:33
10:10:46,7.4,-0.01,11,8141,卖盘,601956,2025-10-17 22:51:33
10:10:49,7.41,0.01,125,92623,买盘,601956,2025-10-17 22:51:33
10:10:52,7.41,0.0,19,14079,买盘,601956,2025-10-17 22:51:33
10:11:01,7.42,0.01,5,3710,买盘,601956,2025-10-17 22:51:33
10:11:07,7.42,0.0,13,9646,买盘,601956,2025-10-17 22:51:33
10:11:10,7.41,-0.01,299,221670,卖盘,601956,2025-10-17 22:51:33
10:11:13,7.42,0.01,214,158788,买盘,601956,2025-10-17 22:51:33
10:11:16,7.42,0.0,11,8162,买盘,601956,2025-10-17 22:51:33
10:11:19,7.43,0.01,20,14860,买盘,601956,2025-10-17 22:51:33
10:11:25,7.42,-0.01,41,30422,卖盘,601956,2025-10-17 22:51:33
10:11:28,7.42,0.0,3,2226,买盘,601956,2025-10-17 22:51:33
10:11:31,7.41,-0.01,53,39324,卖盘,601956,2025-10-17 22:51:33
10:11:37,7.41,0.0,25,18548,卖盘,601956,2025-10-17 22:51:33
10:11:40,7.42,0.01,75,55649,买盘,601956,2025-10-17 22:51:33
10:11:43,7.42,0.0,373,276570,买盘,601956,2025-10-17 22:51:33
10:11:46,7.41,-0.01,5,3705,买盘,601956,2025-10-17 22:51:33
10:11:55,7.42,0.01,3,2226,买盘,601956,2025-10-17 22:51:33
10:12:04,7.42,0.0,3,2225,买盘,601956,2025-10-17 22:51:33
10:12:10,7.42,0.0,10,7420,买盘,601956,2025-10-17 22:51:33
10:12:13,7.42,0.0,37,27454,买盘,601956,2025-10-17 22:51:33
10:12:16,7.42,0.0,5,3710,买盘,601956,2025-10-17 22:51:33
10:12:19,7.42,0.0,191,141722,买盘,601956,2025-10-17 22:51:33
10:12:25,7.42,0.0,69,51198,卖盘,601956,2025-10-17 22:51:33
10:12:28,7.42,0.0,163,120946,买盘,601956,2025-10-17 22:51:33
10:12:31,7.41,-0.01,5,3709,卖盘,601956,2025-10-17 22:51:33
10:12:34,7.42,0.01,31,23002,中性盘,601956,2025-10-17 22:51:33
10:12:37,7.42,0.0,11,8162,卖盘,601956,2025-10-17 22:51:33
10:12:40,7.42,0.0,96,71308,卖盘,601956,2025-10-17 22:51:33
10:12:43,7.43,0.01,94,69754,买盘,601956,2025-10-17 22:51:33
10:12:46,7.42,-0.01,87,64571,卖盘,601956,2025-10-17 22:51:33
10:12:49,7.43,0.01,39,28975,买盘,601956,2025-10-17 22:51:33
10:12:52,7.43,0.0,56,41603,买盘,601956,2025-10-17 22:51:33
10:12:55,7.43,0.0,12,8916,买盘,601956,2025-10-17 22:51:33
10:12:58,7.43,0.0,10,7430,买盘,601956,2025-10-17 22:51:33
10:13:04,7.43,0.0,153,113679,买盘,601956,2025-10-17 22:51:33
10:13:10,7.44,0.01,11,8184,买盘,601956,2025-10-17 22:51:33
10:13:16,7.45,0.01,578,430314,买盘,601956,2025-10-17 22:51:33
10:13:19,7.43,-0.02,22,16371,卖盘,601956,2025-10-17 22:51:33
10:13:22,7.45,0.02,80,59600,买盘,601956,2025-10-17 22:51:33
10:13:25,7.44,-0.01,45,33522,卖盘,601956,2025-10-17 22:51:33
10:13:28,7.45,0.01,14,10436,卖盘,601956,2025-10-17 22:51:33
10:13:34,7.46,0.01,36,26854,买盘,601956,2025-10-17 22:51:33
10:13:37,7.46,0.0,13,9698,买盘,601956,2025-10-17 22:51:33
10:13:40,7.46,0.0,51,38046,买盘,601956,2025-10-17 22:51:33
10:13:43,7.45,-0.01,645,481108,卖盘,601956,2025-10-17 22:51:33
10:13:46,7.46,0.01,22,16412,买盘,601956,2025-10-17 22:51:33
10:13:49,7.46,0.0,143,106678,买盘,601956,2025-10-17 22:51:33
10:13:52,7.46,0.0,50,37300,卖盘,601956,2025-10-17 22:51:33
10:13:55,7.47,0.01,51,38097,买盘,601956,2025-10-17 22:51:33
10:13:58,7.47,0.0,12,8964,买盘,601956,2025-10-17 22:51:33
10:14:01,7.47,0.0,65,48555,买盘,601956,2025-10-17 22:51:33
10:14:04,7.47,0.0,69,51513,买盘,601956,2025-10-17 22:51:33
10:14:07,7.45,-0.02,659,492148,卖盘,601956,2025-10-17 22:51:33
10:14:10,7.47,0.02,236,176008,买盘,601956,2025-10-17 22:51:33
10:14:13,7.47,0.0,234,174761,买盘,601956,2025-10-17 22:51:33
10:14:16,7.47,0.0,23,17181,卖盘,601956,2025-10-17 22:51:33
10:14:19,7.48,0.01,226,168832,买盘,601956,2025-10-17 22:51:33
10:14:22,7.47,-0.01,28,20936,卖盘,601956,2025-10-17 22:51:33
10:14:25,7.47,0.0,64,47838,卖盘,601956,2025-10-17 22:51:33
10:14:28,7.47,0.0,43,32143,卖盘,601956,2025-10-17 22:51:33
10:14:31,7.47,0.0,230,171815,中性盘,601956,2025-10-17 22:51:33
10:14:34,7.47,0.0,441,329426,买盘,601956,2025-10-17 22:51:33
10:14:40,7.47,0.0,29,21680,卖盘,601956,2025-10-17 22:51:33
10:14:46,7.47,0.0,23,17191,卖盘,601956,2025-10-17 22:51:33
10:14:49,7.47,0.0,141,105410,卖盘,601956,2025-10-17 22:51:33
10:14:52,7.47,0.0,5,3735,卖盘,601956,2025-10-17 22:51:33
10:14:55,7.47,0.0,96,71712,卖盘,601956,2025-10-17 22:51:33
10:14:58,7.47,0.0,194,144865,卖盘,601956,2025-10-17 22:51:33
10:15:01,7.46,-0.01,3,2240,卖盘,601956,2025-10-17 22:51:33
10:15:04,7.46,0.0,169,126082,卖盘,601956,2025-10-17 22:51:33
10:15:07,7.46,0.0,114,85043,买盘,601956,2025-10-17 22:51:33
10:15:10,7.45,-0.01,6,4470,卖盘,601956,2025-10-17 22:51:33
10:15:13,7.45,0.0,7,5215,卖盘,601956,2025-10-17 22:51:33
10:15:16,7.45,0.0,18,13410,卖盘,601956,2025-10-17 22:51:33
10:15:19,7.45,0.0,1,745,卖盘,601956,2025-10-17 22:51:33
10:15:22,7.45,0.0,59,43955,卖盘,601956,2025-10-17 22:51:33
10:15:25,7.45,0.0,7,5215,卖盘,601956,2025-10-17 22:51:33
10:15:28,7.45,0.0,129,96105,卖盘,601956,2025-10-17 22:51:33
10:15:34,7.45,0.0,4,2980,卖盘,601956,2025-10-17 22:51:33
10:15:37,7.45,0.0,35,26076,卖盘,601956,2025-10-17 22:51:33
10:15:40,7.45,0.0,27,20115,卖盘,601956,2025-10-17 22:51:33
10:15:43,7.45,0.0,394,293530,卖盘,601956,2025-10-17 22:51:33
10:15:46,7.45,0.0,150,111695,买盘,601956,2025-10-17 22:51:33
10:15:49,7.45,0.0,121,90145,卖盘,601956,2025-10-17 22:51:33
10:15:52,7.45,0.0,52,38740,卖盘,601956,2025-10-17 22:51:33
10:15:55,7.45,0.0,68,50660,卖盘,601956,2025-10-17 22:51:33
10:15:58,7.45,0.0,26,19370,卖盘,601956,2025-10-17 22:51:33
10:16:01,7.45,0.0,74,55130,买盘,601956,2025-10-17 22:51:33
10:16:04,7.45,0.0,12,8940,卖盘,601956,2025-10-17 22:51:33
10:16:07,7.44,-0.01,24,17869,卖盘,601956,2025-10-17 22:51:33
10:16:10,7.45,0.01,2,1490,买盘,601956,2025-10-17 22:51:33
10:16:13,7.45,0.0,32,23840,买盘,601956,2025-10-17 22:51:33
10:16:16,7.44,-0.01,35,26072,卖盘,601956,2025-10-17 22:51:33
10:16:19,7.45,0.01,28,20843,买盘,601956,2025-10-17 22:51:33
10:16:22,7.44,-0.01,102,75888,卖盘,601956,2025-10-17 22:51:33
10:16:25,7.44,0.0,7,5208,卖盘,601956,2025-10-17 22:51:33
10:16:28,7.44,0.0,4,2976,卖盘,601956,2025-10-17 22:51:33
10:16:31,7.44,0.0,1,744,卖盘,601956,2025-10-17 22:51:33
10:16:37,7.44,0.0,8,5952,卖盘,601956,2025-10-17 22:51:33
10:16:40,7.44,0.0,16,11904,卖盘,601956,2025-10-17 22:51:33
10:16:43,7.44,0.0,29,21602,卖盘,601956,2025-10-17 22:51:33
10:16:46,7.45,0.01,51,37985,买盘,601956,2025-10-17 22:51:33
10:16:49,7.45,0.0,107,79715,买盘,601956,2025-10-17 22:51:33
10:16:52,7.45,0.0,21,15645,买盘,601956,2025-10-17 22:51:33
10:16:55,7.45,0.0,12,8940,买盘,601956,2025-10-17 22:51:33
10:16:58,7.45,0.0,21,15645,买盘,601956,2025-10-17 22:51:33
10:17:01,7.45,0.0,128,95360,买盘,601956,2025-10-17 22:51:33
10:17:04,7.44,-0.01,74,55125,卖盘,601956,2025-10-17 22:51:33
10:17:07,7.45,0.01,30,22350,卖盘,601956,2025-10-17 22:51:33
10:17:13,7.45,0.0,34,25330,卖盘,601956,2025-10-17 22:51:33
10:17:22,7.45,0.0,217,161630,卖盘,601956,2025-10-17 22:51:33
10:17:25,7.45,0.0,12,8940,买盘,601956,2025-10-17 22:51:33
10:17:28,7.45,0.0,2,1490,买盘,601956,2025-10-17 22:51:33
10:17:34,7.44,-0.01,1,744,卖盘,601956,2025-10-17 22:51:33
10:17:37,7.45,0.01,10,7450,买盘,601956,2025-10-17 22:51:33
10:17:40,7.45,0.0,3,2235,买盘,601956,2025-10-17 22:51:33
10:17:43,7.45,0.0,119,88655,买盘,601956,2025-10-17 22:51:33
10:17:46,7.46,0.01,36,26850,买盘,601956,2025-10-17 22:51:33
10:17:49,7.45,-0.01,31,23096,卖盘,601956,2025-10-17 22:51:33
10:17:52,7.45,0.0,1,745,卖盘,601956,2025-10-17 22:51:33
10:17:55,7.46,0.01,6,4476,买盘,601956,2025-10-17 22:51:33
10:18:01,7.46,0.0,31,23126,买盘,601956,2025-10-17 22:51:33
10:18:04,7.45,-0.01,86,64071,卖盘,601956,2025-10-17 22:51:33
10:18:07,7.46,0.01,262,195452,买盘,601956,2025-10-17 22:51:33
10:18:16,7.46,0.0,55,41030,卖盘,601956,2025-10-17 22:51:33
10:18:19,7.46,0.0,167,124582,卖盘,601956,2025-10-17 22:51:33
10:18:25,7.45,-0.01,381,284224,卖盘,601956,2025-10-17 22:51:33
10:18:28,7.46,0.01,4,2983,买盘,601956,2025-10-17 22:51:33
10:18:34,7.45,-0.01,10,7450,卖盘,601956,2025-10-17 22:51:33
10:18:40,7.45,0.0,7,5215,卖盘,601956,2025-10-17 22:51:33
10:18:43,7.45,0.0,1,745,卖盘,601956,2025-10-17 22:51:33
10:18:46,7.45,0.0,31,23095,卖盘,601956,2025-10-17 22:51:33
10:18:52,7.45,0.0,139,103555,卖盘,601956,2025-10-17 22:51:33
10:18:58,7.45,0.0,1,745,卖盘,601956,2025-10-17 22:51:33
10:19:04,7.45,0.0,27,20117,卖盘,601956,2025-10-17 22:51:33
10:19:07,7.45,0.0,2,1490,卖盘,601956,2025-10-17 22:51:33
10:19:10,7.46,0.01,8,5967,买盘,601956,2025-10-17 22:51:33
10:19:13,7.45,-0.01,6,4470,卖盘,601956,2025-10-17 22:51:33
10:19:16,7.45,0.0,15,11183,卖盘,601956,2025-10-17 22:51:33
10:19:19,7.45,0.0,91,67795,买盘,601956,2025-10-17 22:51:33
10:19:22,7.45,0.0,3,2235,卖盘,601956,2025-10-17 22:51:33
10:19:25,7.45,0.0,8,5960,卖盘,601956,2025-10-17 22:51:33
10:19:28,7.45,0.0,10,7450,卖盘,601956,2025-10-17 22:51:33
10:19:31,7.45,0.0,8,5963,卖盘,601956,2025-10-17 22:51:33
10:19:34,7.46,0.01,416,310336,买盘,601956,2025-10-17 22:51:33
10:19:37,7.46,0.0,153,114283,卖盘,601956,2025-10-17 22:51:33
10:19:40,7.47,0.01,45,33592,买盘,601956,2025-10-17 22:51:33
10:19:43,7.47,0.0,11,8207,买盘,601956,2025-10-17 22:51:33
10:19:49,7.47,0.0,7,5229,买盘,601956,2025-10-17 22:51:33
10:19:52,7.47,0.0,96,71697,买盘,601956,2025-10-17 22:51:33
10:19:55,7.47,0.0,81,60507,买盘,601956,2025-10-17 22:51:33
10:19:58,7.46,-0.01,23,17178,卖盘,601956,2025-10-17 22:51:33
10:20:01,7.48,0.02,699,522137,买盘,601956,2025-10-17 22:51:33
10:20:10,7.47,-0.01,57,42633,卖盘,601956,2025-10-17 22:51:33
10:20:13,7.48,0.01,12,8976,买盘,601956,2025-10-17 22:51:33
10:20:16,7.49,0.01,1134,848239,买盘,601956,2025-10-17 22:51:33
10:20:19,7.5,0.01,1004,752744,买盘,601956,2025-10-17 22:51:33
10:20:22,7.51,0.01,13,9760,买盘,601956,2025-10-17 22:51:33
10:20:25,7.51,0.0,279,209589,买盘,601956,2025-10-17 22:51:33
10:20:28,7.52,0.01,86,64599,买盘,601956,2025-10-17 22:51:33
10:20:31,7.51,-0.01,188,141316,卖盘,601956,2025-10-17 22:51:33
10:20:34,7.52,0.01,246,184891,买盘,601956,2025-10-17 22:51:33
10:20:37,7.52,0.0,1031,776273,买盘,601956,2025-10-17 22:51:33
10:20:40,7.53,0.01,962,724648,买盘,601956,2025-10-17 22:51:33
10:20:43,7.52,-0.01,10,7522,卖盘,601956,2025-10-17 22:51:33
10:20:46,7.52,0.0,182,136896,卖盘,601956,2025-10-17 22:51:33
10:20:49,7.52,0.0,544,408786,卖盘,601956,2025-10-17 22:51:33
10:20:52,7.52,0.0,119,89429,买盘,601956,2025-10-17 22:51:33
10:20:55,7.52,0.0,743,559257,买盘,601956,2025-10-17 22:51:33
10:20:58,7.53,0.01,177,133176,买盘,601956,2025-10-17 22:51:33
10:21:01,7.53,0.0,196,147449,买盘,601956,2025-10-17 22:51:33
10:21:04,7.51,-0.02,461,346633,卖盘,601956,2025-10-17 22:51:33
10:21:07,7.52,0.01,917,690409,买盘,601956,2025-10-17 22:51:33
10:21:10,7.53,0.01,145,109123,买盘,601956,2025-10-17 22:51:33
10:21:13,7.53,0.0,529,398132,买盘,601956,2025-10-17 22:51:33
10:21:16,7.54,0.01,958,721824,买盘,601956,2025-10-17 22:51:33
10:21:19,7.58,0.04,1408,1064039,买盘,601956,2025-10-17 22:51:33
10:21:22,7.59,0.01,1523,1157359,买盘,601956,2025-10-17 22:51:33
10:21:25,7.59,0.0,445,337921,卖盘,601956,2025-10-17 22:51:33
10:21:28,7.58,-0.01,513,389819,卖盘,601956,2025-10-17 22:51:33
10:21:31,7.57,-0.01,118,89465,卖盘,601956,2025-10-17 22:51:33
10:21:34,7.59,0.02,624,473771,买盘,601956,2025-10-17 22:51:33
10:21:37,7.59,0.0,109,82831,卖盘,601956,2025-10-17 22:51:33
10:21:40,7.58,-0.01,899,682299,卖盘,601956,2025-10-17 22:51:33
10:21:43,7.58,0.0,282,213630,买盘,601956,2025-10-17 22:51:33
10:21:46,7.67,0.09,6382,4860745,买盘,601956,2025-10-17 22:51:33
10:21:49,7.71,0.04,3342,2568985,买盘,601956,2025-10-17 22:51:33
10:21:52,7.73,0.02,2215,1710260,买盘,601956,2025-10-17 22:51:33
10:21:55,7.72,-0.01,1714,1323845,卖盘,601956,2025-10-17 22:51:33
10:21:58,7.72,0.0,1593,1229166,买盘,601956,2025-10-17 22:51:33
10:22:01,7.73,0.01,2312,1786850,买盘,601956,2025-10-17 22:51:33
10:22:04,7.75,0.02,954,738804,买盘,601956,2025-10-17 22:51:33
10:22:07,7.76,0.01,1144,886615,买盘,601956,2025-10-17 22:51:33
10:22:10,7.76,0.0,1953,1513232,买盘,601956,2025-10-17 22:51:33
10:22:13,7.72,-0.04,1918,1482461,卖盘,601956,2025-10-17 22:51:33
10:22:16,7.73,0.01,891,689584,买盘,601956,2025-10-17 22:51:33
10:22:19,7.74,0.01,621,480945,卖盘,601956,2025-10-17 22:51:33
10:22:22,7.75,0.01,1444,1119583,买盘,601956,2025-10-17 22:51:33
10:22:25,7.82,0.07,5442,4235794,买盘,601956,2025-10-17 22:51:33
10:22:28,7.9,0.08,2572,2027239,买盘,601956,2025-10-17 22:51:33
10:22:31,7.98,0.08,1393,1106624,买盘,601956,2025-10-17 22:51:33
10:22:34,8.02,0.04,2268,1813419,买盘,601956,2025-10-17 22:51:33
10:22:37,8.04,0.02,1707,1371275,买盘,601956,2025-10-17 22:51:33
10:22:40,8.09,0.05,3038,2447915,买盘,601956,2025-10-17 22:51:33
10:22:43,8.13,0.04,6199,5014333,买盘,601956,2025-10-17 22:51:33
10:22:46,8.14,0.01,6917,5625136,买盘,601956,2025-10-17 22:51:33
10:22:49,8.14,0.0,1757,1430198,卖盘,601956,2025-10-17 22:51:33
10:22:52,8.14,0.0,2582,2101748,卖盘,601956,2025-10-17 22:51:33
10:22:55,8.14,0.0,2195,1786730,卖盘,601956,2025-10-17 22:51:33
10:22:58,8.08,-0.06,24368,19827303,卖盘,601956,2025-10-17 22:51:33
10:23:01,7.98,-0.1,1408,1129162,卖盘,601956,2025-10-17 22:51:33
10:23:04,7.92,-0.06,870,691320,卖盘,601956,2025-10-17 22:51:33
10:23:07,7.91,-0.01,2147,1699541,卖盘,601956,2025-10-17 22:51:33
10:23:10,7.89,-0.02,950,752339,中性盘,601956,2025-10-17 22:51:33
10:23:13,7.95,0.06,1129,894863,中性盘,601956,2025-10-17 22:51:33
10:23:16,7.98,0.03,5276,4190901,买盘,601956,2025-10-17 22:51:33
10:23:19,7.98,0.0,1749,1391717,买盘,601956,2025-10-17 22:51:33
10:23:22,7.98,0.0,2984,2383089,买盘,601956,2025-10-17 22:51:33
10:23:25,8.02,0.04,1208,971837,买盘,601956,2025-10-17 22:51:33
10:23:28,8.07,0.05,1360,1095966,买盘,601956,2025-10-17 22:51:33
10:23:31,8.07,0.0,2058,1657156,买盘,601956,2025-10-17 22:51:33
10:23:34,8.09,0.02,1414,1143403,买盘,601956,2025-10-17 22:51:33
10:23:37,8.1,0.01,3435,2776046,买盘,601956,2025-10-17 22:51:33
10:23:40,8.08,-0.02,2961,2392312,买盘,601956,2025-10-17 22:51:33
10:23:43,8.05,-0.03,2153,1736411,中性盘,601956,2025-10-17 22:51:33
10:23:46,8.01,-0.04,2800,2245011,中性盘,601956,2025-10-17 22:51:33
10:23:49,7.98,-0.03,889,709597,卖盘,601956,2025-10-17 22:51:33
10:23:52,7.97,-0.01,2053,1639709,卖盘,601956,2025-10-17 22:51:33
10:23:55,7.98,0.01,4744,3789863,中性盘,601956,2025-10-17 22:51:33
10:23:58,8.02,0.04,4558,3637004,买盘,601956,2025-10-17 22:51:33
10:24:01,8.01,-0.01,873,697789,卖盘,601956,2025-10-17 22:51:33
10:24:04,7.97,-0.04,1968,1563013,卖盘,601956,2025-10-17 22:51:33
10:24:07,7.97,0.0,4744,3788226,买盘,601956,2025-10-17 22:51:33
10:24:10,7.98,0.01,1576,1257940,买盘,601956,2025-10-17 22:51:33
10:24:13,7.98,0.0,2762,2207618,买盘,601956,2025-10-17 22:51:33
10:24:16,7.98,0.0,988,789497,卖盘,601956,2025-10-17 22:51:33
10:24:19,8.01,0.03,892,713782,买盘,601956,2025-10-17 22:51:33
10:24:22,7.98,-0.03,1384,1106529,卖盘,601956,2025-10-17 22:51:33
10:24:25,7.99,0.01,1230,983728,买盘,601956,2025-10-17 22:51:33
10:24:28,8.0,0.01,374,299385,中性盘,601956,2025-10-17 22:51:33
10:24:31,7.99,-0.01,1248,998019,卖盘,601956,2025-10-17 22:51:33
10:24:34,8.01,0.02,1638,1311352,买盘,601956,2025-10-17 22:51:33
10:24:37,8.01,0.0,2604,2087887,卖盘,601956,2025-10-17 22:51:33
10:24:40,8.02,0.01,1439,1151600,中性盘,601956,2025-10-17 22:51:33
10:24:43,8.01,-0.01,472,378412,卖盘,601956,2025-10-17 22:51:33
10:24:46,8.02,0.01,509,407603,买盘,601956,2025-10-17 22:51:33
10:24:49,8.0,-0.02,719,575845,卖盘,601956,2025-10-17 22:51:33
10:24:52,8.0,0.0,418,334726,卖盘,601956,2025-10-17 22:51:33
10:24:55,8.01,0.01,830,664312,买盘,601956,2025-10-17 22:51:33
10:24:58,8.01,0.0,552,441871,买盘,601956,2025-10-17 22:51:33
10:25:01,8.01,0.0,943,755030,卖盘,601956,2025-10-17 22:51:33
10:25:04,7.98,-0.03,1709,1366830,卖盘,601956,2025-10-17 22:51:33
10:25:07,7.98,0.0,2354,1885181,卖盘,601956,2025-10-17 22:51:33
10:25:10,8.0,0.02,818,653819,买盘,601956,2025-10-17 22:51:33
10:25:13,8.0,0.0,1404,1122456,买盘,601956,2025-10-17 22:51:33
10:25:16,7.98,-0.02,1160,925179,卖盘,601956,2025-10-17 22:51:33
10:25:19,7.96,-0.02,337,269168,卖盘,601956,2025-10-17 22:51:33
10:25:22,7.96,0.0,679,541756,卖盘,601956,2025-10-17 22:51:33
10:25:25,7.96,0.0,449,357703,卖盘,601956,2025-10-17 22:51:33
10:25:28,7.96,0.0,728,579395,卖盘,601956,2025-10-17 22:51:33
10:25:31,7.96,0.0,468,372361,买盘,601956,2025-10-17 22:51:33
10:25:34,8.0,0.04,4398,3510862,买盘,601956,2025-10-17 22:51:33
10:25:37,8.01,0.01,2521,2019145,买盘,601956,2025-10-17 22:51:33
10:25:40,8.02,0.01,1705,1367358,中性盘,601956,2025-10-17 22:51:33
10:25:43,8.02,0.0,1032,827521,买盘,601956,2025-10-17 22:51:33
10:25:46,8.02,0.0,1387,1113782,卖盘,601956,2025-10-17 22:51:33
10:25:49,8.02,0.0,1832,1469038,卖盘,601956,2025-10-17 22:51:33
10:25:52,8.02,0.0,1101,883444,买盘,601956,2025-10-17 22:51:33
10:25:55,8.02,0.0,1813,1451357,卖盘,601956,2025-10-17 22:51:33
10:25:58,8.01,-0.01,516,413543,买盘,601956,2025-10-17 22:51:33
10:26:01,8.0,-0.01,1211,969489,卖盘,601956,2025-10-17 22:51:33
10:26:04,8.02,0.02,725,580477,买盘,601956,2025-10-17 22:51:33
10:26:07,8.02,0.0,353,282918,买盘,601956,2025-10-17 22:51:33
10:26:10,8.01,-0.01,1089,872940,卖盘,601956,2025-10-17 22:51:33
10:26:13,8.04,0.03,2633,2114670,买盘,601956,2025-10-17 22:51:33
10:26:16,8.03,-0.01,1480,1191412,卖盘,601956,2025-10-17 22:51:33
10:26:19,8.06,0.03,605,487113,买盘,601956,2025-10-17 22:51:33
10:26:22,8.07,0.01,1083,872311,买盘,601956,2025-10-17 22:51:33
10:26:25,8.07,0.0,1533,1238544,买盘,601956,2025-10-17 22:51:33
10:26:28,8.1,0.03,1902,1537352,买盘,601956,2025-10-17 22:51:33
10:26:31,8.1,0.0,2005,1622126,买盘,601956,2025-10-17 22:51:33
10:26:34,8.09,-0.01,2499,2023465,买盘,601956,2025-10-17 22:51:33
10:26:37,8.1,0.01,2324,1877651,买盘,601956,2025-10-17 22:51:33
10:26:40,8.1,0.0,1624,1314190,买盘,601956,2025-10-17 22:51:33
10:26:43,8.13,0.03,1561,1265595,买盘,601956,2025-10-17 22:51:33
10:26:46,8.14,0.01,13281,10803435,买盘,601956,2025-10-17 22:51:33
10:26:49,8.14,0.0,16103,13102312,买盘,601956,2025-10-17 22:51:33
10:26:52,8.14,0.0,1856,1510784,卖盘,601956,2025-10-17 22:51:33
10:26:55,8.14,0.0,1554,1264956,卖盘,601956,2025-10-17 22:51:33
10:26:58,8.14,0.0,993,808302,卖盘,601956,2025-10-17 22:51:33
10:27:01,8.14,0.0,936,761904,卖盘,601956,2025-10-17 22:51:33
10:27:04,8.14,0.0,1119,910866,卖盘,601956,2025-10-17 22:51:33
10:27:07,8.14,0.0,2293,1866502,卖盘,601956,2025-10-17 22:51:33
10:27:10,8.14,0.0,1563,1272282,卖盘,601956,2025-10-17 22:51:33
10:27:13,8.14,0.0,3030,2466420,卖盘,601956,2025-10-17 22:51:33
10:27:16,8.14,0.0,2540,2067560,卖盘,601956,2025-10-17 22:51:33
10:27:19,8.14,0.0,5705,4643870,卖盘,601956,2025-10-17 22:51:33
10:27:22,8.1,-0.04,3099,2521160,卖盘,601956,2025-10-17 22:51:33
10:27:25,8.07,-0.03,665,537313,卖盘,601956,2025-10-17 22:51:33
10:27:28,8.08,0.01,343,276915,买盘,601956,2025-10-17 22:51:33
10:27:31,8.09,0.01,2635,2133647,买盘,601956,2025-10-17 22:51:33
10:27:34,8.14,0.05,2426,1971151,买盘,601956,2025-10-17 22:51:33
10:27:37,8.14,0.0,1234,1003845,买盘,601956,2025-10-17 22:51:33
10:27:40,8.14,0.0,1891,1537575,买盘,601956,2025-10-17 22:51:33
10:27:43,8.1,-0.04,560,455290,中性盘,601956,2025-10-17 22:51:33
10:27:46,8.1,0.0,1362,1106215,卖盘,601956,2025-10-17 22:51:33
10:27:49,8.1,0.0,305,246976,买盘,601956,2025-10-17 22:51:33
10:27:52,8.06,-0.04,2480,2003272,卖盘,601956,2025-10-17 22:51:33
10:27:55,8.09,0.03,780,628071,买盘,601956,2025-10-17 22:51:33
10:27:58,8.05,-0.04,244,196687,卖盘,601956,2025-10-17 22:51:33
10:28:01,8.06,0.01,1229,990399,卖盘,601956,2025-10-17 22:51:33
10:28:04,8.02,-0.04,2013,1618904,卖盘,601956,2025-10-17 22:51:33
10:28:07,8.04,0.02,474,380522,买盘,601956,2025-10-17 22:51:33
10:28:10,8.02,-0.02,456,366181,中性盘,601956,2025-10-17 22:51:33
10:28:13,8.02,0.0,1089,873343,卖盘,601956,2025-10-17 22:51:33
10:28:16,8.02,0.0,668,535969,买盘,601956,2025-10-17 22:51:33
10:28:19,8.04,0.02,856,687202,买盘,601956,2025-10-17 22:51:33
10:28:22,8.02,-0.02,1333,1068449,卖盘,601956,2025-10-17 22:51:33
10:28:25,8.04,0.02,1308,1050434,买盘,601956,2025-10-17 22:51:33
10:28:28,8.03,-0.01,3697,2977797,卖盘,601956,2025-10-17 22:51:33
10:28:31,8.04,0.01,315,253045,中性盘,601956,2025-10-17 22:51:33
10:28:34,8.05,0.01,808,650771,买盘,601956,2025-10-17 22:51:33
10:28:37,8.08,0.03,787,633289,买盘,601956,2025-10-17 22:51:33
10:28:40,8.05,-0.03,289,232943,卖盘,601956,2025-10-17 22:51:33
10:28:43,8.05,0.0,692,558082,卖盘,601956,2025-10-17 22:51:33
10:28:46,8.06,0.01,123,99214,中性盘,601956,2025-10-17 22:51:33
10:28:49,8.06,0.0,717,577207,买盘,601956,2025-10-17 22:51:33
10:28:52,8.05,-0.01,1262,1016138,卖盘,601956,2025-10-17 22:51:33
10:28:55,8.06,0.01,438,353303,卖盘,601956,2025-10-17 22:51:33
10:28:58,8.06,0.0,258,208040,卖盘,601956,2025-10-17 22:51:33
10:29:01,8.07,0.01,389,313571,买盘,601956,2025-10-17 22:51:33
10:29:04,8.06,-0.01,763,615426,卖盘,601956,2025-10-17 22:51:33
10:29:07,8.05,-0.01,279,225050,卖盘,601956,2025-10-17 22:51:33
10:29:10,8.05,0.0,1350,1087908,卖盘,601956,2025-10-17 22:51:33
10:29:13,8.06,0.01,414,333667,买盘,601956,2025-10-17 22:51:33
10:29:16,8.05,-0.01,298,239938,卖盘,601956,2025-10-17 22:51:33
10:29:19,8.05,0.0,303,243963,卖盘,601956,2025-10-17 22:51:33
10:29:22,8.04,-0.01,275,221407,卖盘,601956,2025-10-17 22:51:33
10:29:25,8.05,0.01,291,234073,买盘,601956,2025-10-17 22:51:33
10:29:28,8.05,0.0,78,62760,买盘,601956,2025-10-17 22:51:33
10:29:31,8.04,-0.01,449,361093,卖盘,601956,2025-10-17 22:51:33
10:29:34,8.04,0.0,794,637871,买盘,601956,2025-10-17 22:51:33
10:29:37,8.03,-0.01,830,666480,卖盘,601956,2025-10-17 22:51:33
10:29:40,8.03,0.0,188,150825,买盘,601956,2025-10-17 22:51:33
10:29:43,8.02,-0.01,434,348070,卖盘,601956,2025-10-17 22:51:33
10:29:46,8.02,0.0,254,203983,卖盘,601956,2025-10-17 22:51:33
10:29:49,8.02,0.0,319,255970,卖盘,601956,2025-10-17 22:51:33
10:29:52,8.02,0.0,250,200572,卖盘,601956,2025-10-17 22:51:33
10:29:55,8.02,0.0,643,516037,卖盘,601956,2025-10-17 22:51:33
10:29:58,8.01,-0.01,837,670498,卖盘,601956,2025-10-17 22:51:33
10:30:01,7.99,-0.02,1874,1499862,卖盘,601956,2025-10-17 22:51:33
10:30:04,7.99,0.0,1306,1041311,卖盘,601956,2025-10-17 22:51:33
10:30:07,7.99,0.0,595,475694,买盘,601956,2025-10-17 22:51:33
10:30:10,8.0,0.01,2610,2080548,中性盘,601956,2025-10-17 22:51:33
10:30:13,8.0,0.0,255,203946,买盘,601956,2025-10-17 22:51:33
10:30:16,8.01,0.01,1704,1363803,买盘,601956,2025-10-17 22:51:33
10:30:19,8.05,0.04,3328,2672909,买盘,601956,2025-10-17 22:51:33
10:30:22,8.04,-0.01,669,538907,卖盘,601956,2025-10-17 22:51:33
10:30:25,8.03,-0.01,733,589246,卖盘,601956,2025-10-17 22:51:33
10:30:28,8.04,0.01,680,546674,买盘,601956,2025-10-17 22:51:33
10:30:31,8.05,0.01,368,296034,买盘,601956,2025-10-17 22:51:33
10:30:34,8.05,0.0,713,573635,卖盘,601956,2025-10-17 22:51:33
10:30:37,8.04,-0.01,2178,1751387,卖盘,601956,2025-10-17 22:51:33
10:30:40,8.04,0.0,646,519924,买盘,601956,2025-10-17 22:51:33
10:30:43,8.03,-0.01,81,65100,卖盘,601956,2025-10-17 22:51:33
10:30:46,8.02,-0.01,445,357290,卖盘,601956,2025-10-17 22:51:33
10:30:49,8.02,0.0,642,514937,卖盘,601956,2025-10-17 22:51:33
10:30:52,8.02,0.0,733,587871,卖盘,601956,2025-10-17 22:51:33
10:30:55,8.03,0.01,3885,3122107,买盘,601956,2025-10-17 22:51:33
10:30:58,8.03,0.0,80,64220,中性盘,601956,2025-10-17 22:51:33
10:31:01,8.02,-0.01,291,233612,卖盘,601956,2025-10-17 22:51:33
10:31:04,8.02,0.0,908,727924,卖盘,601956,2025-10-17 22:51:33
10:31:07,8.02,0.0,99,79408,买盘,601956,2025-10-17 22:51:33
10:31:10,8.01,-0.01,471,377437,卖盘,601956,2025-10-17 22:51:33
10:31:13,8.02,0.01,207,165892,买盘,601956,2025-10-17 22:51:33
10:31:16,8.02,0.0,270,216387,买盘,601956,2025-10-17 22:51:33
10:31:19,8.01,-0.01,112,89718,卖盘,601956,2025-10-17 22:51:33
10:31:22,8.01,0.0,101,80922,买盘,601956,2025-10-17 22:51:33
10:31:25,8.01,0.0,157,125728,买盘,601956,2025-10-17 22:51:33
10:31:28,8.0,-0.01,101,80881,卖盘,601956,2025-10-17 22:51:33
10:31:31,8.01,0.01,188,150596,买盘,601956,2025-10-17 22:51:33
10:31:34,8.0,-0.01,259,207222,卖盘,601956,2025-10-17 22:51:33
10:31:37,8.01,0.01,68,54468,买盘,601956,2025-10-17 22:51:33
10:31:40,8.0,-0.01,134,107227,卖盘,601956,2025-10-17 22:51:33
10:31:43,8.0,0.0,459,367598,卖盘,601956,2025-10-17 22:51:33
10:31:46,8.0,0.0,404,323249,卖盘,601956,2025-10-17 22:51:33
10:31:49,8.0,0.0,273,218450,卖盘,601956,2025-10-17 22:51:33
10:31:52,8.0,0.0,639,511211,卖盘,601956,2025-10-17 22:51:33
10:31:55,7.99,-0.01,200,159978,卖盘,601956,2025-10-17 22:51:33
10:31:58,8.0,0.01,113,90400,买盘,601956,2025-10-17 22:51:33
10:32:01,7.99,-0.01,148,118300,卖盘,601956,2025-10-17 22:51:33
10:32:04,7.98,-0.01,337,269232,卖盘,601956,2025-10-17 22:51:33
10:32:07,7.98,0.0,369,294504,卖盘,601956,2025-10-17 22:51:33
10:32:10,7.97,-0.01,303,241863,卖盘,601956,2025-10-17 22:51:33
10:32:13,7.97,0.0,44,35099,卖盘,601956,2025-10-17 22:51:33
10:32:16,7.97,0.0,191,152278,卖盘,601956,2025-10-17 22:51:33
10:32:19,7.97,0.0,148,117980,卖盘,601956,2025-10-17 22:51:33
10:32:22,7.97,0.0,230,183234,卖盘,601956,2025-10-17 22:51:33
10:32:25,7.97,0.0,359,286275,买盘,601956,2025-10-17 22:51:33
10:32:28,7.97,0.0,873,696372,卖盘,601956,2025-10-17 22:51:33
10:32:31,8.0,0.03,2005,1602604,买盘,601956,2025-10-17 22:51:33
10:32:34,8.0,0.0,1296,1036815,买盘,601956,2025-10-17 22:51:33
10:32:37,8.0,0.0,351,280862,卖盘,601956,2025-10-17 22:51:33
10:32:40,8.01,0.01,447,357825,买盘,601956,2025-10-17 22:51:33
10:32:43,8.0,-0.01,156,124798,卖盘,601956,2025-10-17 22:51:33
10:32:46,7.99,-0.01,101,80773,卖盘,601956,2025-10-17 22:51:33
10:32:49,8.0,0.01,161,128761,买盘,601956,2025-10-17 22:51:33
10:32:52,8.0,0.0,80,63947,买盘,601956,2025-10-17 22:51:33
10:32:55,8.0,0.0,360,287956,买盘,601956,2025-10-17 22:51:33
10:32:58,8.0,0.0,149,119123,买盘,601956,2025-10-17 22:51:33
10:33:01,7.99,-0.01,145,115872,卖盘,601956,2025-10-17 22:51:33
10:33:04,8.0,0.01,239,191003,买盘,601956,2025-10-17 22:51:33
10:33:07,8.0,0.0,171,136661,买盘,601956,2025-10-17 22:51:33
10:33:10,7.99,-0.01,235,187803,卖盘,601956,2025-10-17 22:51:33
10:33:13,8.0,0.01,107,85551,买盘,601956,2025-10-17 22:51:33
10:33:16,7.99,-0.01,28,22361,买盘,601956,2025-10-17 22:51:33
10:33:19,7.99,0.0,12,9588,买盘,601956,2025-10-17 22:51:33
10:33:22,7.98,-0.01,60,47883,卖盘,601956,2025-10-17 22:51:33
10:33:25,7.99,0.01,455,363540,买盘,601956,2025-10-17 22:51:33
10:33:28,7.99,0.0,203,162119,卖盘,601956,2025-10-17 22:51:33
10:33:31,7.99,0.0,1573,1258101,卖盘,601956,2025-10-17 22:51:33
10:33:34,8.01,0.02,1429,1142561,买盘,601956,2025-10-17 22:51:33
10:33:37,7.99,-0.02,481,385158,卖盘,601956,2025-10-17 22:51:33
10:33:40,8.01,0.02,54,43244,中性盘,601956,2025-10-17 22:51:33
10:33:43,8.01,0.0,55,44010,买盘,601956,2025-10-17 22:51:33
10:33:46,8.0,-0.01,183,146494,卖盘,601956,2025-10-17 22:51:33
10:33:49,8.01,0.01,63,50403,买盘,601956,2025-10-17 22:51:33
10:33:52,8.0,-0.01,190,151893,卖盘,601956,2025-10-17 22:51:33
10:33:55,8.0,0.0,644,515270,卖盘,601956,2025-10-17 22:51:33
10:33:58,8.01,0.01,65,52036,买盘,601956,2025-10-17 22:51:33
10:34:01,8.0,-0.01,843,675826,卖盘,601956,2025-10-17 22:51:33
10:34:04,8.01,0.01,265,212265,中性盘,601956,2025-10-17 22:51:33
10:34:07,8.01,0.0,108,86508,卖盘,601956,2025-10-17 22:51:33
10:34:10,8.0,-0.01,298,238514,卖盘,601956,2025-10-17 22:51:33
10:34:13,8.01,0.01,141,112929,买盘,601956,2025-10-17 22:51:33
10:34:16,8.01,0.0,300,240280,买盘,601956,2025-10-17 22:51:33
10:34:19,8.0,-0.01,550,440332,卖盘,601956,2025-10-17 22:51:33
10:34:22,8.0,0.0,39,31208,卖盘,601956,2025-10-17 22:51:33
10:34:25,8.0,0.0,150,120080,卖盘,601956,2025-10-17 22:51:33
10:34:28,8.0,0.0,58,46406,卖盘,601956,2025-10-17 22:51:33
10:34:31,8.0,0.0,179,143200,卖盘,601956,2025-10-17 22:51:33
10:34:34,8.0,0.0,238,190293,卖盘,601956,2025-10-17 22:51:33
10:34:37,8.01,0.01,105,84363,买盘,601956,2025-10-17 22:51:33
10:34:40,8.01,0.0,1281,1026510,买盘,601956,2025-10-17 22:51:33
10:34:43,8.01,0.0,168,134248,卖盘,601956,2025-10-17 22:51:33
10:34:46,8.01,0.0,44,35241,买盘,601956,2025-10-17 22:51:33
10:34:49,8.01,0.0,45,36021,买盘,601956,2025-10-17 22:51:33
10:34:52,8.01,0.0,333,266569,买盘,601956,2025-10-17 22:51:33
10:34:55,8.01,0.0,50,40050,买盘,601956,2025-10-17 22:51:33
10:34:58,8.01,0.0,166,133200,买盘,601956,2025-10-17 22:51:33
10:35:01,8.02,0.01,22,17615,买盘,601956,2025-10-17 22:51:33
10:35:04,8.01,-0.01,47,37647,卖盘,601956,2025-10-17 22:51:33
10:35:07,8.01,0.0,235,187962,卖盘,601956,2025-10-17 22:51:33
10:35:10,8.01,0.0,84,67605,买盘,601956,2025-10-17 22:51:33
10:35:13,8.01,0.0,5,4005,卖盘,601956,2025-10-17 22:51:33
10:35:16,8.01,0.0,74,59274,卖盘,601956,2025-10-17 22:51:33
10:35:19,8.02,0.01,290,232537,买盘,601956,2025-10-17 22:51:33
10:35:22,8.02,0.0,63,50505,买盘,601956,2025-10-17 22:51:33
10:35:25,8.01,-0.01,642,514464,卖盘,601956,2025-10-17 22:51:33
10:35:28,8.02,0.01,238,190849,买盘,601956,2025-10-17 22:51:33
10:35:31,8.01,-0.01,456,365703,卖盘,601956,2025-10-17 22:51:33
10:35:34,8.01,0.0,151,120951,卖盘,601956,2025-10-17 22:51:33
10:35:37,8.01,0.0,126,100926,买盘,601956,2025-10-17 22:51:33
10:35:40,8.04,0.03,942,756443,买盘,601956,2025-10-17 22:51:33
10:35:43,8.08,0.04,1429,1151049,买盘,601956,2025-10-17 22:51:33
10:35:46,8.1,0.02,2824,2283358,买盘,601956,2025-10-17 22:51:33
10:35:49,8.14,0.04,31419,25560150,买盘,601956,2025-10-17 22:51:33
10:35:52,8.14,0.0,329,267806,卖盘,601956,2025-10-17 22:51:33
10:35:55,8.14,0.0,133,108262,卖盘,601956,2025-10-17 22:51:33
10:35:58,8.14,0.0,189,153846,卖盘,601956,2025-10-17 22:51:33
10:36:01,8.14,0.0,434,353276,卖盘,601956,2025-10-17 22:51:33
10:36:04,8.14,0.0,396,322344,卖盘,601956,2025-10-17 22:51:33
10:36:07,8.14,0.0,524,426536,卖盘,601956,2025-10-17 22:51:33
10:36:10,8.14,0.0,180,146520,卖盘,601956,2025-10-17 22:51:33
10:36:13,8.14,0.0,386,314204,卖盘,601956,2025-10-17 22:51:33
10:36:16,8.14,0.0,359,292226,卖盘,601956,2025-10-17 22:51:33
10:36:19,8.14,0.0,714,581196,卖盘,601956,2025-10-17 22:51:33
10:36:22,8.14,0.0,237,192918,卖盘,601956,2025-10-17 22:51:33
10:36:25,8.14,0.0,239,194546,卖盘,601956,2025-10-17 22:51:33
10:36:28,8.14,0.0,401,326414,卖盘,601956,2025-10-17 22:51:33
10:36:31,8.14,0.0,229,186406,卖盘,601956,2025-10-17 22:51:33
10:36:34,8.14,0.0,157,127798,卖盘,601956,2025-10-17 22:51:33
10:36:37,8.14,0.0,397,323158,卖盘,601956,2025-10-17 22:51:33
10:36:40,8.14,0.0,146,118844,卖盘,601956,2025-10-17 22:51:33
10:36:43,8.14,0.0,185,150590,卖盘,601956,2025-10-17 22:51:33
10:36:46,8.14,0.0,254,206756,卖盘,601956,2025-10-17 22:51:33
10:36:49,8.14,0.0,914,743996,卖盘,601956,2025-10-17 22:51:33
10:36:52,8.14,0.0,411,334554,卖盘,601956,2025-10-17 22:51:33
10:36:55,8.14,0.0,183,148962,卖盘,601956,2025-10-17 22:51:33
10:36:58,8.14,0.0,131,106634,卖盘,601956,2025-10-17 22:51:33
10:37:01,8.14,0.0,122,98982,卖盘,601956,2025-10-17 22:51:33
10:37:04,8.14,0.0,71,57794,卖盘,601956,2025-10-17 22:51:33
10:37:07,8.14,0.0,151,122914,卖盘,601956,2025-10-17 22:51:33
10:37:10,8.14,0.0,171,139194,卖盘,601956,2025-10-17 22:51:33
10:37:13,8.14,0.0,72,58608,卖盘,601956,2025-10-17 22:51:33
10:37:19,8.14,0.0,193,157102,卖盘,601956,2025-10-17 22:51:33
10:37:22,8.14,0.0,79,64306,卖盘,601956,2025-10-17 22:51:33
10:37:25,8.14,0.0,689,560846,卖盘,601956,2025-10-17 22:51:33
10:37:28,8.14,0.0,25,20350,卖盘,601956,2025-10-17 22:51:33
10:37:31,8.14,0.0,7,5698,卖盘,601956,2025-10-17 22:51:33
10:37:34,8.14,0.0,49,39886,卖盘,601956,2025-10-17 22:51:33
10:37:37,8.14,0.0,48,39072,卖盘,601956,2025-10-17 22:51:33
10:37:40,8.14,0.0,94,76516,卖盘,601956,2025-10-17 22:51:33
10:37:43,8.14,0.0,318,258852,卖盘,601956,2025-10-17 22:51:33
10:37:46,8.14,0.0,129,105006,卖盘,601956,2025-10-17 22:51:33
10:37:49,8.14,0.0,17,13838,卖盘,601956,2025-10-17 22:51:33
10:37:52,8.14,0.0,58,47212,卖盘,601956,2025-10-17 22:51:33
10:37:55,8.14,0.0,9,7326,卖盘,601956,2025-10-17 22:51:33
10:37:58,8.14,0.0,219,178266,卖盘,601956,2025-10-17 22:51:33
10:38:01,8.14,0.0,10,8140,卖盘,601956,2025-10-17 22:51:33
10:38:04,8.14,0.0,10,8140,卖盘,601956,2025-10-17 22:51:33
10:38:07,8.14,0.0,66,53724,卖盘,601956,2025-10-17 22:51:33
10:38:10,8.14,0.0,4,3256,卖盘,601956,2025-10-17 22:51:33
10:38:13,8.14,0.0,41,33374,卖盘,601956,2025-10-17 22:51:33
10:38:16,8.14,0.0,93,75702,卖盘,601956,2025-10-17 22:51:33
10:38:19,8.14,0.0,55,44770,卖盘,601956,2025-10-17 22:51:33
10:38:22,8.14,0.0,65,52910,卖盘,601956,2025-10-17 22:51:33
10:38:25,8.14,0.0,16,13024,卖盘,601956,2025-10-17 22:51:33
10:38:28,8.14,0.0,18,14652,卖盘,601956,2025-10-17 22:51:33
10:38:31,8.14,0.0,163,132682,卖盘,601956,2025-10-17 22:51:33
10:38:34,8.14,0.0,54,43956,卖盘,601956,2025-10-17 22:51:33
10:38:37,8.14,0.0,36,29304,卖盘,601956,2025-10-17 22:51:33
10:38:40,8.14,0.0,109,88726,卖盘,601956,2025-10-17 22:51:33
10:38:43,8.14,0.0,488,397232,卖盘,601956,2025-10-17 22:51:33
10:38:46,8.14,0.0,21,17094,卖盘,601956,2025-10-17 22:51:33
10:38:49,8.14,0.0,10,8140,卖盘,601956,2025-10-17 22:51:33
10:38:52,8.14,0.0,69,56166,卖盘,601956,2025-10-17 22:51:33
10:38:55,8.14,0.0,270,219780,卖盘,601956,2025-10-17 22:51:33
10:38:58,8.14,0.0,20,16280,卖盘,601956,2025-10-17 22:51:33
10:39:01,8.14,0.0,138,112332,卖盘,601956,2025-10-17 22:51:33
10:39:04,8.14,0.0,20,16280,卖盘,601956,2025-10-17 22:51:33
10:39:07,8.14,0.0,46,37444,卖盘,601956,2025-10-17 22:51:33
10:39:10,8.14,0.0,131,106634,卖盘,601956,2025-10-17 22:51:33
10:39:13,8.14,0.0,87,70818,卖盘,601956,2025-10-17 22:51:33
10:39:16,8.14,0.0,6,4884,卖盘,601956,2025-10-17 22:51:33
10:39:19,8.14,0.0,73,59422,卖盘,601956,2025-10-17 22:51:33
10:39:22,8.14,0.0,68,55352,卖盘,601956,2025-10-17 22:51:33
10:39:25,8.14,0.0,22,17908,卖盘,601956,2025-10-17 22:51:33
10:39:34,8.14,0.0,10,8140,卖盘,601956,2025-10-17 22:51:33
10:39:37,8.14,0.0,27,21978,卖盘,601956,2025-10-17 22:51:33
10:39:40,8.14,0.0,125,101750,卖盘,601956,2025-10-17 22:51:33
10:39:43,8.14,0.0,31,25234,卖盘,601956,2025-10-17 22:51:33
10:39:46,8.14,0.0,18,14652,卖盘,601956,2025-10-17 22:51:33
10:39:49,8.14,0.0,40,32560,卖盘,601956,2025-10-17 22:51:33
10:39:52,8.14,0.0,100,81400,卖盘,601956,2025-10-17 22:51:33
10:39:55,8.14,0.0,971,790394,卖盘,601956,2025-10-17 22:51:33
10:39:58,8.14,0.0,556,452584,卖盘,601956,2025-10-17 22:51:33
10:40:01,8.14,0.0,35,28490,卖盘,601956,2025-10-17 22:51:33
10:40:07,8.14,0.0,326,265364,卖盘,601956,2025-10-17 22:51:33
10:40:10,8.14,0.0,143,116402,卖盘,601956,2025-10-17 22:51:33
10:40:13,8.14,0.0,38,30932,卖盘,601956,2025-10-17 22:51:33
10:40:16,8.14,0.0,333,271062,卖盘,601956,2025-10-17 22:51:33
10:40:19,8.14,0.0,128,104192,卖盘,601956,2025-10-17 22:51:33
10:40:22,8.14,0.0,159,129426,卖盘,601956,2025-10-17 22:51:33
10:40:25,8.14,0.0,134,109076,卖盘,601956,2025-10-17 22:51:33
10:40:31,8.14,0.0,5,4070,卖盘,601956,2025-10-17 22:51:33
10:40:34,8.14,0.0,11,8954,卖盘,601956,2025-10-17 22:51:33
10:40:37,8.14,0.0,42,34188,卖盘,601956,2025-10-17 22:51:33
10:40:40,8.14,0.0,282,229548,卖盘,601956,2025-10-17 22:51:33
10:40:43,8.14,0.0,4,3256,卖盘,601956,2025-10-17 22:51:33
10:40:46,8.14,0.0,3,2442,卖盘,601956,2025-10-17 22:51:33
10:40:49,8.14,0.0,62,50468,卖盘,601956,2025-10-17 22:51:33
10:40:52,8.14,0.0,71,57794,卖盘,601956,2025-10-17 22:51:33
10:40:55,8.14,0.0,679,552706,卖盘,601956,2025-10-17 22:51:33
10:40:58,8.14,0.0,3,2442,卖盘,601956,2025-10-17 22:51:33
10:41:01,8.14,0.0,600,488400,卖盘,601956,2025-10-17 22:51:33
10:41:04,8.14,0.0,16,13024,卖盘,601956,2025-10-17 22:51:33
10:41:07,8.14,0.0,52,42328,卖盘,601956,2025-10-17 22:51:33
10:41:10,8.14,0.0,375,305006,卖盘,601956,2025-10-17 22:51:33
10:41:13,8.14,0.0,1,814,卖盘,601956,2025-10-17 22:51:33
10:41:16,8.14,0.0,103,83842,卖盘,601956,2025-10-17 22:51:33
10:41:19,8.14,0.0,20,16280,卖盘,601956,2025-10-17 22:51:33
10:41:22,8.14,0.0,630,512820,卖盘,601956,2025-10-17 22:51:33
10:41:25,8.14,0.0,14,11396,卖盘,601956,2025-10-17 22:51:33
10:41:28,8.14,0.0,653,531542,卖盘,601956,2025-10-17 22:51:33
10:41:31,8.14,0.0,204,166056,卖盘,601956,2025-10-17 22:51:33
10:41:34,8.14,0.0,11,8954,卖盘,601956,2025-10-17 22:51:33
10:41:37,8.14,0.0,5,4070,卖盘,601956,2025-10-17 22:51:33
10:41:40,8.14,0.0,3,2442,卖盘,601956,2025-10-17 22:51:33
10:41:43,8.14,0.0,185,150590,卖盘,601956,2025-10-17 22:51:33
10:41:46,8.14,0.0,37,30118,卖盘,601956,2025-10-17 22:51:33
10:41:49,8.14,0.0,34,27676,卖盘,601956,2025-10-17 22:51:33
10:41:52,8.14,0.0,133,108262,卖盘,601956,2025-10-17 22:51:33
10:41:55,8.14,0.0,78,63492,卖盘,601956,2025-10-17 22:51:33
10:41:58,8.14,0.0,140,113960,卖盘,601956,2025-10-17 22:51:33
10:42:01,8.14,0.0,80,65120,卖盘,601956,2025-10-17 22:51:33
10:42:04,8.14,0.0,270,219780,卖盘,601956,2025-10-17 22:51:33
10:42:07,8.14,0.0,59,48026,卖盘,601956,2025-10-17 22:51:33
10:42:10,8.14,0.0,447,363858,卖盘,601956,2025-10-17 22:51:33
10:42:13,8.14,0.0,10,8140,卖盘,601956,2025-10-17 22:51:33
10:42:16,8.14,0.0,68,55352,卖盘,601956,2025-10-17 22:51:33
10:42:19,8.14,0.0,102,83028,卖盘,601956,2025-10-17 22:51:33
10:42:22,8.14,0.0,109,88726,卖盘,601956,2025-10-17 22:51:33
10:42:31,8.14,0.0,12,9768,卖盘,601956,2025-10-17 22:51:33
10:42:34,8.14,0.0,194,157916,卖盘,601956,2025-10-17 22:51:33
10:42:37,8.14,0.0,22,17908,卖盘,601956,2025-10-17 22:51:33
10:42:40,8.14,0.0,51,41514,卖盘,601956,2025-10-17 22:51:33
10:42:46,8.14,0.0,16,13024,卖盘,601956,2025-10-17 22:51:33
10:42:49,8.14,0.0,22,17908,卖盘,601956,2025-10-17 22:51:33
10:42:52,8.14,0.0,7,5698,卖盘,601956,2025-10-17 22:51:33
10:42:55,8.14,0.0,13,10582,卖盘,601956,2025-10-17 22:51:33
10:42:58,8.14,0.0,21,17094,卖盘,601956,2025-10-17 22:51:33
10:43:01,8.14,0.0,21,17094,卖盘,601956,2025-10-17 22:51:33
10:43:07,8.14,0.0,35,28490,卖盘,601956,2025-10-17 22:51:33
10:43:13,8.14,0.0,12,9768,卖盘,601956,2025-10-17 22:51:33
10:43:16,8.14,0.0,2,1628,卖盘,601956,2025-10-17 22:51:33
10:43:19,8.14,0.0,3,2442,卖盘,601956,2025-10-17 22:51:33
10:43:25,8.14,0.0,91,74074,卖盘,601956,2025-10-17 22:51:33
10:43:28,8.14,0.0,187,152218,卖盘,601956,2025-10-17 22:51:33
10:43:34,8.14,0.0,34,27676,卖盘,601956,2025-10-17 22:51:33
10:43:37,8.14,0.0,9,7652,卖盘,601956,2025-10-17 22:51:33
10:43:40,8.14,0.0,50,40700,卖盘,601956,2025-10-17 22:51:33
10:43:43,8.14,0.0,136,110704,卖盘,601956,2025-10-17 22:51:33
10:43:46,8.14,0.0,34,27676,卖盘,601956,2025-10-17 22:51:33
10:43:49,8.14,0.0,25,20350,卖盘,601956,2025-10-17 22:51:33
10:43:52,8.14,0.0,113,91982,卖盘,601956,2025-10-17 22:51:33
10:43:58,8.14,0.0,10,8140,卖盘,601956,2025-10-17 22:51:33
10:44:01,8.14,0.0,50,40700,卖盘,601956,2025-10-17 22:51:33
10:44:04,8.14,0.0,149,121286,卖盘,601956,2025-10-17 22:51:33
10:44:07,8.14,0.0,36,29304,卖盘,601956,2025-10-17 22:51:33
10:44:13,8.14,0.0,60,48840,卖盘,601956,2025-10-17 22:51:33
10:44:16,8.14,0.0,60,48840,卖盘,601956,2025-10-17 22:51:33
10:44:19,8.14,0.0,12,9768,卖盘,601956,2025-10-17 22:51:33
10:44:22,8.14,0.0,273,222222,卖盘,601956,2025-10-17 22:51:33
10:44:25,8.14,0.0,69,56166,卖盘,601956,2025-10-17 22:51:33
10:44:28,8.14,0.0,102,83028,卖盘,601956,2025-10-17 22:51:33
10:44:31,8.14,0.0,60,48840,卖盘,601956,2025-10-17 22:51:33
10:44:37,8.14,0.0,40,32560,卖盘,601956,2025-10-17 22:51:33
10:44:40,8.14,0.0,10,8140,卖盘,601956,2025-10-17 22:51:33
10:44:46,8.14,0.0,24,19536,卖盘,601956,2025-10-17 22:51:33
10:44:49,8.14,0.0,5,4070,卖盘,601956,2025-10-17 22:51:33
10:44:52,8.14,0.0,51,41514,卖盘,601956,2025-10-17 22:51:33
10:44:55,8.14,0.0,16,13024,卖盘,601956,2025-10-17 22:51:33
10:44:58,8.14,0.0,157,127798,卖盘,601956,2025-10-17 22:51:33
10:45:01,8.14,0.0,43,35002,卖盘,601956,2025-10-17 22:51:33
10:45:07,8.14,0.0,20,16280,卖盘,601956,2025-10-17 22:51:33
10:45:10,8.14,0.0,1,814,卖盘,601956,2025-10-17 22:51:33
10:45:13,8.14,0.0,15,12210,卖盘,601956,2025-10-17 22:51:33
10:45:16,8.14,0.0,8,6512,卖盘,601956,2025-10-17 22:51:33
10:45:19,8.14,0.0,161,131054,卖盘,601956,2025-10-17 22:51:33
10:45:22,8.14,0.0,139,113146,卖盘,601956,2025-10-17 22:51:33
10:45:28,8.14,0.0,1,814,卖盘,601956,2025-10-17 22:51:33
10:45:31,8.14,0.0,5,4070,卖盘,601956,2025-10-17 22:51:33
10:45:34,8.14,0.0,21,17094,卖盘,601956,2025-10-17 22:51:33
10:45:37,8.14,0.0,22,17908,卖盘,601956,2025-10-17 22:51:33
10:45:43,8.14,0.0,30,24420,卖盘,601956,2025-10-17 22:51:33
10:45:46,8.14,0.0,10,8140,卖盘,601956,2025-10-17 22:51:33
10:45:49,8.14,0.0,145,118030,卖盘,601956,2025-10-17 22:51:33
10:45:52,8.14,0.0,8,6512,卖盘,601956,2025-10-17 22:51:33
10:46:01,8.14,0.0,20,16280,卖盘,601956,2025-10-17 22:51:33
10:46:07,8.14,0.0,5,4070,卖盘,601956,2025-10-17 22:51:33
10:46:13,8.14,0.0,157,127798,卖盘,601956,2025-10-17 22:51:33
10:46:16,8.14,0.0,5,4070,卖盘,601956,2025-10-17 22:51:33
10:46:19,8.14,0.0,6,4884,卖盘,601956,2025-10-17 22:51:33
10:46:25,8.14,0.0,68,55352,卖盘,601956,2025-10-17 22:51:33
10:46:31,8.14,0.0,5,4070,卖盘,601956,2025-10-17 22:51:33
10:46:34,8.14,0.0,54,43956,卖盘,601956,2025-10-17 22:51:33
10:46:43,8.14,0.0,224,182336,卖盘,601956,2025-10-17 22:51:33
10:46:46,8.14,0.0,39,31746,卖盘,601956,2025-10-17 22:51:33
10:46:49,8.14,0.0,31,25234,卖盘,601956,2025-10-17 22:51:33
10:46:52,8.14,0.0,39,31746,卖盘,601956,2025-10-17 22:51:33
10:46:55,8.14,0.0,14,11396,卖盘,601956,2025-10-17 22:51:33
10:46:58,8.14,0.0,8,6512,卖盘,601956,2025-10-17 22:51:33
10:47:01,8.14,0.0,20,16280,卖盘,601956,2025-10-17 22:51:33
10:47:04,8.14,0.0,15,12210,卖盘,601956,2025-10-17 22:51:33
10:47:07,8.14,0.0,10,8140,卖盘,601956,2025-10-17 22:51:33
10:47:13,8.14,0.0,10,8140,卖盘,601956,2025-10-17 22:51:33
10:47:16,8.14,0.0,10,8140,卖盘,601956,2025-10-17 22:51:33
10:47:19,8.14,0.0,4,3256,卖盘,601956,2025-10-17 22:51:33
10:47:25,8.14,0.0,70,56980,卖盘,601956,2025-10-17 22:51:33
10:47:28,8.14,0.0,261,212454,卖盘,601956,2025-10-17 22:51:33
10:47:31,8.14,0.0,21,17094,卖盘,601956,2025-10-17 22:51:33
10:47:34,8.14,0.0,10,8140,卖盘,601956,2025-10-17 22:51:33
10:47:37,8.14,0.0,500,407000,卖盘,601956,2025-10-17 22:51:33
10:47:40,8.14,0.0,21,17094,卖盘,601956,2025-10-17 22:51:33
10:47:43,8.14,0.0,168,136752,卖盘,601956,2025-10-17 22:51:33
10:47:46,8.14,0.0,46,37444,卖盘,601956,2025-10-17 22:51:33
10:47:49,8.14,0.0,20,16280,卖盘,601956,2025-10-17 22:51:33
10:47:52,8.14,0.0,49,39886,卖盘,601956,2025-10-17 22:51:33
10:47:55,8.14,0.0,41,33374,卖盘,601956,2025-10-17 22:51:33
10:47:58,8.14,0.0,20,16280,卖盘,601956,2025-10-17 22:51:33
10:48:01,8.14,0.0,5,4070,卖盘,601956,2025-10-17 22:51:33
10:48:04,8.14,0.0,111,90354,卖盘,601956,2025-10-17 22:51:33
10:48:10,8.14,0.0,33,26862,卖盘,601956,2025-10-17 22:51:33
10:48:13,8.14,0.0,21,17094,卖盘,601956,2025-10-17 22:51:33
10:48:16,8.14,0.0,5,4070,卖盘,601956,2025-10-17 22:51:33
10:48:19,8.14,0.0,41,33374,卖盘,601956,2025-10-17 22:51:33
10:48:22,8.14,0.0,50,40700,卖盘,601956,2025-10-17 22:51:33
10:48:28,8.14,0.0,402,327228,卖盘,601956,2025-10-17 22:51:33
10:48:31,8.14,0.0,10,8140,卖盘,601956,2025-10-17 22:51:33
10:48:34,8.14,0.0,94,76516,卖盘,601956,2025-10-17 22:51:33
10:48:37,8.14,0.0,110,89540,卖盘,601956,2025-10-17 22:51:33
10:48:40,8.14,0.0,200,162800,卖盘,601956,2025-10-17 22:51:33
10:48:49,8.14,0.0,18,14652,卖盘,601956,2025-10-17 22:51:33
10:48:52,8.14,0.0,54,43956,卖盘,601956,2025-10-17 22:51:33
10:48:58,8.14,0.0,53,43142,卖盘,601956,2025-10-17 22:51:33
10:49:07,8.14,0.0,20,16280,卖盘,601956,2025-10-17 22:51:33
10:49:10,8.14,0.0,26,21164,卖盘,601956,2025-10-17 22:51:33
10:49:13,8.14,0.0,50,40700,卖盘,601956,2025-10-17 22:51:33
10:49:16,8.14,0.0,28,22792,卖盘,601956,2025-10-17 22:51:33
10:49:19,8.14,0.0,8,6512,卖盘,601956,2025-10-17 22:51:33
10:49:22,8.14,0.0,3,2442,卖盘,601956,2025-10-17 22:51:33
10:49:25,8.14,0.0,204,166056,卖盘,601956,2025-10-17 22:51:33
10:49:28,8.14,0.0,260,211640,卖盘,601956,2025-10-17 22:51:33
10:49:31,8.14,0.0,10,8140,卖盘,601956,2025-10-17 22:51:33
10:49:34,8.14,0.0,26,21164,卖盘,601956,2025-10-17 22:51:33
10:49:37,8.14,0.0,2,1628,卖盘,601956,2025-10-17 22:51:33
10:49:43,8.14,0.0,8,6512,卖盘,601956,2025-10-17 22:51:33
10:49:46,8.14,0.0,40,32560,卖盘,601956,2025-10-17 22:51:33
10:49:52,8.14,0.0,1000,814000,卖盘,601956,2025-10-17 22:51:33
10:49:55,8.14,0.0,62,50468,卖盘,601956,2025-10-17 22:51:33
10:49:58,8.14,0.0,5,4070,卖盘,601956,2025-10-17 22:51:33
10:50:01,8.14,0.0,100,81400,卖盘,601956,2025-10-17 22:51:33
10:50:04,8.14,0.0,3,2442,卖盘,601956,2025-10-17 22:51:33
10:50:07,8.14,0.0,54,43956,卖盘,601956,2025-10-17 22:51:33
10:50:10,8.14,0.0,10,8140,卖盘,601956,2025-10-17 22:51:33
10:50:13,8.14,0.0,15,12210,卖盘,601956,2025-10-17 22:51:33
10:50:16,8.14,0.0,14,11396,卖盘,601956,2025-10-17 22:51:33
10:50:19,8.14,0.0,55,44770,卖盘,601956,2025-10-17 22:51:33
10:50:22,8.14,0.0,92,74888,卖盘,601956,2025-10-17 22:51:33
10:50:25,8.14,0.0,20,16280,卖盘,601956,2025-10-17 22:51:33
10:50:28,8.14,0.0,6,4884,卖盘,601956,2025-10-17 22:51:33
10:50:31,8.14,0.0,31,25234,卖盘,601956,2025-10-17 22:51:33
10:50:34,8.14,0.0,82,66748,卖盘,601956,2025-10-17 22:51:33
10:50:37,8.14,0.0,25,20350,卖盘,601956,2025-10-17 22:51:33
10:50:40,8.14,0.0,10,8140,卖盘,601956,2025-10-17 22:51:33
10:50:43,8.14,0.0,73,59422,卖盘,601956,2025-10-17 22:51:33
10:50:46,8.14,0.0,3,2442,卖盘,601956,2025-10-17 22:51:33
10:50:49,8.14,0.0,16,13024,卖盘,601956,2025-10-17 22:51:33
10:50:52,8.14,0.0,35,28490,卖盘,601956,2025-10-17 22:51:33
10:50:55,8.14,0.0,9,7326,卖盘,601956,2025-10-17 22:51:33
10:50:58,8.14,0.0,9,7326,卖盘,601956,2025-10-17 22:51:33
10:51:01,8.14,0.0,115,93610,卖盘,601956,2025-10-17 22:51:33
10:51:04,8.14,0.0,2,1628,卖盘,601956,2025-10-17 22:51:33
10:51:10,8.14,0.0,40,32560,卖盘,601956,2025-10-17 22:51:33
10:51:13,8.14,0.0,12,9768,卖盘,601956,2025-10-17 22:51:33
10:51:16,8.14,0.0,43,35002,卖盘,601956,2025-10-17 22:51:33
10:51:19,8.14,0.0,23,18722,卖盘,601956,2025-10-17 22:51:33
10:51:22,8.14,0.0,15,12210,卖盘,601956,2025-10-17 22:51:33
10:51:25,8.14,0.0,271,220594,卖盘,601956,2025-10-17 22:51:33
10:51:31,8.14,0.0,7,5698,卖盘,601956,2025-10-17 22:51:33
10:51:37,8.14,0.0,37,30118,卖盘,601956,2025-10-17 22:51:33
10:51:43,8.14,0.0,77,62678,卖盘,601956,2025-10-17 22:51:33
10:51:46,8.14,0.0,10,8140,卖盘,601956,2025-10-17 22:51:33
10:51:49,8.14,0.0,2,1628,卖盘,601956,2025-10-17 22:51:33
10:51:52,8.14,0.0,2,1628,卖盘,601956,2025-10-17 22:51:33
10:51:58,8.14,0.0,39,31746,卖盘,601956,2025-10-17 22:51:33
10:52:04,8.14,0.0,94,76516,卖盘,601956,2025-10-17 22:51:33
10:52:07,8.14,0.0,57,46642,卖盘,601956,2025-10-17 22:51:33
10:52:10,8.14,0.0,70,56980,卖盘,601956,2025-10-17 22:51:33
10:52:22,8.14,0.0,5,4070,卖盘,601956,2025-10-17 22:51:33
10:52:28,8.14,0.0,12,9768,卖盘,601956,2025-10-17 22:51:33
10:52:40,8.14,0.0,19,15466,卖盘,601956,2025-10-17 22:51:33
10:52:43,8.14,0.0,241,196174,卖盘,601956,2025-10-17 22:51:33
10:52:46,8.14,0.0,8,6512,卖盘,601956,2025-10-17 22:51:33
10:52:49,8.14,0.0,7,5698,卖盘,601956,2025-10-17 22:51:33
10:52:55,8.14,0.0,16,13024,卖盘,601956,2025-10-17 22:51:33
10:52:58,8.14,0.0,23,18722,卖盘,601956,2025-10-17 22:51:33
10:53:01,8.14,0.0,6,4884,卖盘,601956,2025-10-17 22:51:33
10:53:04,8.14,0.0,109,88400,卖盘,601956,2025-10-17 22:51:33
10:53:07,8.14,0.0,15,12210,卖盘,601956,2025-10-17 22:51:33
10:53:13,8.14,0.0,10,8140,卖盘,601956,2025-10-17 22:51:33
10:53:16,8.14,0.0,19,15466,卖盘,601956,2025-10-17 22:51:33
10:53:19,8.14,0.0,1,814,卖盘,601956,2025-10-17 22:51:33
10:53:22,8.14,0.0,43,35002,卖盘,601956,2025-10-17 22:51:33
10:53:31,8.14,0.0,241,196174,卖盘,601956,2025-10-17 22:51:33
10:53:34,8.14,0.0,11,8954,卖盘,601956,2025-10-17 22:51:33
10:53:37,8.14,0.0,175,142450,卖盘,601956,2025-10-17 22:51:33
10:53:40,8.14,0.0,4,3256,卖盘,601956,2025-10-17 22:51:33
10:53:43,8.14,0.0,53,43142,卖盘,601956,2025-10-17 22:51:33
10:53:46,8.14,0.0,38,30932,卖盘,601956,2025-10-17 22:51:33
10:53:52,8.14,0.0,73,59422,卖盘,601956,2025-10-17 22:51:33
10:53:55,8.14,0.0,220,179080,卖盘,601956,2025-10-17 22:51:33
10:53:58,8.14,0.0,556,452584,卖盘,601956,2025-10-17 22:51:33
10:54:01,8.14,0.0,13,10582,卖盘,601956,2025-10-17 22:51:33
10:54:04,8.14,0.0,5,4070,卖盘,601956,2025-10-17 22:51:33
10:54:07,8.14,0.0,2,1628,卖盘,601956,2025-10-17 22:51:33
10:54:13,8.14,0.0,10,8140,卖盘,601956,2025-10-17 22:51:33
10:54:16,8.14,0.0,3,2442,卖盘,601956,2025-10-17 22:51:33
10:54:19,8.14,0.0,6,4884,卖盘,601956,2025-10-17 22:51:33
10:54:25,8.14,0.0,151,122914,卖盘,601956,2025-10-17 22:51:33
10:54:28,8.14,0.0,14,11396,卖盘,601956,2025-10-17 22:51:33
10:54:34,8.14,0.0,42,34188,卖盘,601956,2025-10-17 22:51:33
10:54:37,8.14,0.0,2,1628,卖盘,601956,2025-10-17 22:51:33
10:54:40,8.14,0.0,450,366300,卖盘,601956,2025-10-17 22:51:33
10:54:43,8.14,0.0,6,4884,卖盘,601956,2025-10-17 22:51:33
10:54:46,8.14,0.0,5,4070,卖盘,601956,2025-10-17 22:51:33
10:54:49,8.14,0.0,682,555148,卖盘,601956,2025-10-17 22:51:33
10:54:52,8.14,0.0,2,1628,卖盘,601956,2025-10-17 22:51:33
10:54:55,8.14,0.0,31,25234,卖盘,601956,2025-10-17 22:51:33
10:54:58,8.14,0.0,26,21164,卖盘,601956,2025-10-17 22:51:33
10:55:01,8.14,0.0,7,5698,卖盘,601956,2025-10-17 22:51:33
10:55:04,8.14,0.0,3,2442,卖盘,601956,2025-10-17 22:51:33
10:55:07,8.14,0.0,11,8954,卖盘,601956,2025-10-17 22:51:33
10:55:16,8.14,0.0,100,81400,卖盘,601956,2025-10-17 22:51:33
10:55:19,8.14,0.0,95,77330,卖盘,601956,2025-10-17 22:51:33
10:55:25,8.14,0.0,10,8140,卖盘,601956,2025-10-17 22:51:33
10:55:28,8.14,0.0,8,6512,卖盘,601956,2025-10-17 22:51:33
10:55:37,8.14,0.0,54,43956,卖盘,601956,2025-10-17 22:51:33
10:55:40,8.14,0.0,2,1628,卖盘,601956,2025-10-17 22:51:33
10:55:43,8.14,0.0,20,16280,卖盘,601956,2025-10-17 22:51:33
10:55:46,8.14,0.0,497,404558,卖盘,601956,2025-10-17 22:51:33
10:55:49,8.14,0.0,100,81400,卖盘,601956,2025-10-17 22:51:33
10:55:52,8.14,0.0,10,8140,卖盘,601956,2025-10-17 22:51:33
10:55:58,8.14,0.0,12,9768,卖盘,601956,2025-10-17 22:51:33
10:56:01,8.14,0.0,10,8140,卖盘,601956,2025-10-17 22:51:33
10:56:07,8.14,0.0,321,261294,卖盘,601956,2025-10-17 22:51:33
10:56:10,8.14,0.0,2,1628,卖盘,601956,2025-10-17 22:51:33
10:56:13,8.14,0.0,20,16280,卖盘,601956,2025-10-17 22:51:33
10:56:16,8.14,0.0,17,13838,卖盘,601956,2025-10-17 22:51:33
10:56:19,8.14,0.0,335,272690,卖盘,601956,2025-10-17 22:51:33
10:56:22,8.14,0.0,6,4884,卖盘,601956,2025-10-17 22:51:33
10:56:25,8.14,0.0,86,70004,卖盘,601956,2025-10-17 22:51:33
10:56:28,8.14,0.0,22,17908,卖盘,601956,2025-10-17 22:51:33
10:56:31,8.14,0.0,421,342694,卖盘,601956,2025-10-17 22:51:33
10:56:37,8.14,0.0,40,32560,卖盘,601956,2025-10-17 22:51:33
10:56:40,8.14,0.0,99,80586,卖盘,601956,2025-10-17 22:51:33
10:56:43,8.14,0.0,1011,822954,卖盘,601956,2025-10-17 22:51:33
10:57:01,8.14,0.0,239,194546,卖盘,601956,2025-10-17 22:51:33
10:57:04,8.14,0.0,73,59422,卖盘,601956,2025-10-17 22:51:33
10:57:07,8.14,0.0,10,8140,卖盘,601956,2025-10-17 22:51:33
10:57:10,8.14,0.0,4,3256,卖盘,601956,2025-10-17 22:51:33
10:57:13,8.14,0.0,14,11396,卖盘,601956,2025-10-17 22:51:33
10:57:16,8.14,0.0,1310,1066340,卖盘,601956,2025-10-17 22:51:33
10:57:19,8.14,0.0,131,106634,卖盘,601956,2025-10-17 22:51:33
10:57:25,8.14,0.0,32,26048,卖盘,601956,2025-10-17 22:51:33
10:57:28,8.14,0.0,38,30932,卖盘,601956,2025-10-17 22:51:33
10:57:31,8.14,0.0,100,81400,卖盘,601956,2025-10-17 22:51:33
10:57:34,8.14,0.0,111,90354,卖盘,601956,2025-10-17 22:51:33
10:57:37,8.14,0.0,68,55352,卖盘,601956,2025-10-17 22:51:33
10:57:40,8.14,0.0,1,814,卖盘,601956,2025-10-17 22:51:33
10:57:43,8.14,0.0,5,4070,卖盘,601956,2025-10-17 22:51:33
10:57:46,8.14,0.0,509,414326,卖盘,601956,2025-10-17 22:51:33
10:57:49,8.14,0.0,31,25234,卖盘,601956,2025-10-17 22:51:33
10:57:52,8.14,0.0,72,58608,卖盘,601956,2025-10-17 22:51:33
10:57:58,8.14,0.0,47,38258,卖盘,601956,2025-10-17 22:51:33
10:58:01,8.14,0.0,223,181522,卖盘,601956,2025-10-17 22:51:33
10:58:04,8.14,0.0,4,3256,卖盘,601956,2025-10-17 22:51:33
10:58:07,8.14,0.0,85,69190,卖盘,601956,2025-10-17 22:51:33
10:58:10,8.14,0.0,3,2442,卖盘,601956,2025-10-17 22:51:33
10:58:13,8.14,0.0,106,86284,卖盘,601956,2025-10-17 22:51:33
10:58:16,8.14,0.0,6,4884,卖盘,601956,2025-10-17 22:51:33
10:58:19,8.14,0.0,69,56166,卖盘,601956,2025-10-17 22:51:33
10:58:22,8.14,0.0,500,407000,卖盘,601956,2025-10-17 22:51:33
10:58:25,8.14,0.0,51,41514,卖盘,601956,2025-10-17 22:51:33
10:58:28,8.14,0.0,19,15466,卖盘,601956,2025-10-17 22:51:33
10:58:31,8.14,0.0,40,32560,卖盘,601956,2025-10-17 22:51:33
10:58:34,8.14,0.0,236,192104,卖盘,601956,2025-10-17 22:51:33
10:58:37,8.14,0.0,17,13838,卖盘,601956,2025-10-17 22:51:33
10:58:43,8.14,0.0,39,31746,卖盘,601956,2025-10-17 22:51:33
10:58:46,8.14,0.0,3,2442,卖盘,601956,2025-10-17 22:51:33
10:58:49,8.14,0.0,141,114774,卖盘,601956,2025-10-17 22:51:33
10:58:52,8.14,0.0,1,814,卖盘,601956,2025-10-17 22:51:33
10:59:01,8.14,0.0,3,2442,卖盘,601956,2025-10-17 22:51:33
10:59:10,8.14,0.0,16,13024,卖盘,601956,2025-10-17 22:51:33
10:59:13,8.14,0.0,20,16280,卖盘,601956,2025-10-17 22:51:33
10:59:19,8.14,0.0,18,14652,卖盘,601956,2025-10-17 22:51:33
10:59:22,8.14,0.0,2,1628,卖盘,601956,2025-10-17 22:51:33
10:59:25,8.14,0.0,10,8140,卖盘,601956,2025-10-17 22:51:33
10:59:28,8.14,0.0,10,8140,卖盘,601956,2025-10-17 22:51:33
10:59:34,8.14,0.0,311,253154,卖盘,601956,2025-10-17 22:51:33
10:59:37,8.14,0.0,30,24420,卖盘,601956,2025-10-17 22:51:33
10:59:43,8.14,0.0,48,39072,卖盘,601956,2025-10-17 22:51:33
10:59:46,8.14,0.0,32,26048,卖盘,601956,2025-10-17 22:51:33
10:59:52,8.14,0.0,3,2442,卖盘,601956,2025-10-17 22:51:33
10:59:55,8.14,0.0,110,89540,卖盘,601956,2025-10-17 22:51:33
10:59:58,8.14,0.0,13,10582,卖盘,601956,2025-10-17 22:51:33
11:00:07,8.14,0.0,9,7326,卖盘,601956,2025-10-17 22:51:33
11:00:13,8.14,0.0,25,20350,卖盘,601956,2025-10-17 22:51:33
11:00:16,8.14,0.0,18,14652,卖盘,601956,2025-10-17 22:51:33
11:00:22,8.14,0.0,13,10582,卖盘,601956,2025-10-17 22:51:33
11:00:25,8.14,0.0,55,44770,卖盘,601956,2025-10-17 22:51:33
11:00:31,8.14,0.0,37,30118,卖盘,601956,2025-10-17 22:51:33
11:00:34,8.14,0.0,7,5698,卖盘,601956,2025-10-17 22:51:33
11:00:37,8.14,0.0,4,3256,卖盘,601956,2025-10-17 22:51:33
11:00:43,8.14,0.0,13,10582,卖盘,601956,2025-10-17 22:51:33
11:00:49,8.14,0.0,17,13838,卖盘,601956,2025-10-17 22:51:33
11:00:52,8.14,0.0,55,44770,卖盘,601956,2025-10-17 22:51:33
11:00:55,8.14,0.0,10,8140,卖盘,601956,2025-10-17 22:51:33
11:00:58,8.14,0.0,90,73260,卖盘,601956,2025-10-17 22:51:33
11:01:01,8.14,0.0,100,81400,卖盘,601956,2025-10-17 22:51:33
11:01:04,8.14,0.0,30,24420,卖盘,601956,2025-10-17 22:51:33
11:01:10,8.14,0.0,15,12210,卖盘,601956,2025-10-17 22:51:33
11:01:13,8.14,0.0,30,24420,卖盘,601956,2025-10-17 22:51:33
11:01:19,8.14,0.0,10,8140,卖盘,601956,2025-10-17 22:51:33
11:01:22,8.14,0.0,10,8140,卖盘,601956,2025-10-17 22:51:33
11:01:28,8.14,0.0,14,11396,卖盘,601956,2025-10-17 22:51:33
11:01:31,8.14,0.0,25,20350,卖盘,601956,2025-10-17 22:51:33
11:01:46,8.14,0.0,20,16280,卖盘,601956,2025-10-17 22:51:33
11:01:49,8.14,0.0,10,8140,卖盘,601956,2025-10-17 22:51:33
11:01:52,8.14,0.0,67,54538,卖盘,601956,2025-10-17 22:51:33
11:02:01,8.14,0.0,2,1628,卖盘,601956,2025-10-17 22:51:33
11:02:04,8.14,0.0,22,17908,卖盘,601956,2025-10-17 22:51:33
11:02:07,8.14,0.0,5,4070,卖盘,601956,2025-10-17 22:51:33
11:02:13,8.14,0.0,25,20350,卖盘,601956,2025-10-17 22:51:33
11:02:19,8.14,0.0,42,34188,卖盘,601956,2025-10-17 22:51:33
11:02:22,8.14,0.0,26,21164,卖盘,601956,2025-10-17 22:51:33
11:02:34,8.14,0.0,1,814,卖盘,601956,2025-10-17 22:51:33
11:02:37,8.14,0.0,5,4070,卖盘,601956,2025-10-17 22:51:33
11:02:40,8.14,0.0,19,15466,卖盘,601956,2025-10-17 22:51:33
11:02:43,8.14,0.0,4,3256,卖盘,601956,2025-10-17 22:51:33
11:02:46,8.14,0.0,30,24420,卖盘,601956,2025-10-17 22:51:33
11:02:49,8.14,0.0,1,814,卖盘,601956,2025-10-17 22:51:33
11:02:52,8.14,0.0,31,25234,卖盘,601956,2025-10-17 22:51:33
11:03:01,8.14,0.0,1,814,卖盘,601956,2025-10-17 22:51:33
11:03:04,8.14,0.0,2,1628,卖盘,601956,2025-10-17 22:51:33
11:03:10,8.14,0.0,7,5698,卖盘,601956,2025-10-17 22:51:33
11:03:13,8.14,0.0,3,2442,卖盘,601956,2025-10-17 22:51:33
11:03:16,8.14,0.0,10,8140,卖盘,601956,2025-10-17 22:51:33
11:03:22,8.14,0.0,1,814,卖盘,601956,2025-10-17 22:51:33
11:03:25,8.14,0.0,260,211640,卖盘,601956,2025-10-17 22:51:33
11:03:28,8.14,0.0,210,170940,卖盘,601956,2025-10-17 22:51:33
11:03:31,8.14,0.0,13,10582,卖盘,601956,2025-10-17 22:51:33
11:03:43,8.14,0.0,2,1628,卖盘,601956,2025-10-17 22:51:33
11:03:46,8.14,0.0,150,122100,卖盘,601956,2025-10-17 22:51:33
11:03:49,8.14,0.0,3,2442,卖盘,601956,2025-10-17 22:51:33
11:03:52,8.14,0.0,5,4070,卖盘,601956,2025-10-17 22:51:33
11:03:55,8.14,0.0,1,814,卖盘,601956,2025-10-17 22:51:33
11:04:01,8.14,0.0,2,1628,卖盘,601956,2025-10-17 22:51:33
11:04:04,8.14,0.0,101,82214,卖盘,601956,2025-10-17 22:51:33
11:04:13,8.14,0.0,77,63004,卖盘,601956,2025-10-17 22:51:33
11:04:16,8.14,0.0,2,1628,卖盘,601956,2025-10-17 22:51:33
11:04:22,8.14,0.0,17,13838,卖盘,601956,2025-10-17 22:51:33
11:04:25,8.14,0.0,27,21978,卖盘,601956,2025-10-17 22:51:33
11:04:31,8.14,0.0,6,4884,卖盘,601956,2025-10-17 22:51:33
11:04:37,8.14,0.0,48,39072,卖盘,601956,2025-10-17 22:51:33
11:04:40,8.14,0.0,30,24420,卖盘,601956,2025-10-17 22:51:33
11:04:43,8.14,0.0,2,1628,卖盘,601956,2025-10-17 22:51:33
11:04:46,8.14,0.0,49,39886,卖盘,601956,2025-10-17 22:51:33
11:04:52,8.14,0.0,20,16280,卖盘,601956,2025-10-17 22:51:33
11:04:58,8.14,0.0,13,10582,卖盘,601956,2025-10-17 22:51:33
11:05:01,8.14,0.0,14,11396,卖盘,601956,2025-10-17 22:51:33
11:05:04,8.14,0.0,30,24420,卖盘,601956,2025-10-17 22:51:33
11:05:07,8.14,0.0,116,94424,卖盘,601956,2025-10-17 22:51:33
11:05:10,8.14,0.0,10,8140,卖盘,601956,2025-10-17 22:51:33
11:05:19,8.14,0.0,5,4070,卖盘,601956,2025-10-17 22:51:33
11:05:25,8.14,0.0,4,3256,卖盘,601956,2025-10-17 22:51:33
11:05:31,8.14,0.0,10,8140,卖盘,601956,2025-10-17 22:51:33
11:05:34,8.14,0.0,87,70818,卖盘,601956,2025-10-17 22:51:33
11:05:37,8.14,0.0,9,7326,卖盘,601956,2025-10-17 22:51:33
11:05:40,8.14,0.0,70,56980,卖盘,601956,2025-10-17 22:51:33
11:05:43,8.14,0.0,3,2442,卖盘,601956,2025-10-17 22:51:33
11:05:46,8.14,0.0,560,455840,卖盘,601956,2025-10-17 22:51:33
11:05:49,8.14,0.0,25,20350,卖盘,601956,2025-10-17 22:51:33
11:05:55,8.14,0.0,23,18722,卖盘,601956,2025-10-17 22:51:33
11:06:04,8.14,0.0,32,26048,卖盘,601956,2025-10-17 22:51:33
11:06:07,8.14,0.0,2,1628,卖盘,601956,2025-10-17 22:51:33
11:06:10,8.14,0.0,23,18722,卖盘,601956,2025-10-17 22:51:33
11:06:13,8.14,0.0,2,1628,卖盘,601956,2025-10-17 22:51:33
11:06:19,8.14,0.0,21,17094,卖盘,601956,2025-10-17 22:51:33
11:06:25,8.14,0.0,13,10582,卖盘,601956,2025-10-17 22:51:33
11:06:31,8.14,0.0,20,16280,卖盘,601956,2025-10-17 22:51:33
11:06:34,8.14,0.0,41,33374,卖盘,601956,2025-10-17 22:51:33
11:06:37,8.14,0.0,30,24420,卖盘,601956,2025-10-17 22:51:33
11:06:40,8.14,0.0,10,8140,卖盘,601956,2025-10-17 22:51:33
11:06:43,8.14,0.0,15,12210,卖盘,601956,2025-10-17 22:51:33
11:06:46,8.14,0.0,10,8140,卖盘,601956,2025-10-17 22:51:33
11:06:49,8.14,0.0,99,80586,卖盘,601956,2025-10-17 22:51:33
11:06:55,8.14,0.0,2,1628,卖盘,601956,2025-10-17 22:51:33
11:06:58,8.14,0.0,13,10582,卖盘,601956,2025-10-17 22:51:33
11:07:04,8.14,0.0,2,1628,卖盘,601956,2025-10-17 22:51:33
11:07:07,8.14,0.0,500,407000,卖盘,601956,2025-10-17 22:51:33
11:07:10,8.14,0.0,137,111518,卖盘,601956,2025-10-17 22:51:33
11:07:16,8.14,0.0,10,8140,卖盘,601956,2025-10-17 22:51:33
11:07:19,8.14,0.0,226,183964,卖盘,601956,2025-10-17 22:51:33
11:07:22,8.14,0.0,6,4884,卖盘,601956,2025-10-17 22:51:33
11:07:28,8.14,0.0,99,80586,卖盘,601956,2025-10-17 22:51:33
11:07:34,8.14,0.0,13,10582,卖盘,601956,2025-10-17 22:51:33
11:07:37,8.14,0.0,28,22792,卖盘,601956,2025-10-17 22:51:33
11:07:43,8.14,0.0,130,105820,卖盘,601956,2025-10-17 22:51:33
11:07:55,8.14,0.0,5,4070,卖盘,601956,2025-10-17 22:51:33
11:07:58,8.14,0.0,6,4884,卖盘,601956,2025-10-17 22:51:33
11:08:04,8.14,0.0,275,223850,卖盘,601956,2025-10-17 22:51:33
11:08:07,8.14,0.0,2,1628,卖盘,601956,2025-10-17 22:51:33
11:08:10,8.14,0.0,7,5698,卖盘,601956,2025-10-17 22:51:33
11:08:13,8.14,0.0,60,48840,卖盘,601956,2025-10-17 22:51:33
11:08:16,8.14,0.0,37,30118,卖盘,601956,2025-10-17 22:51:33
11:08:22,8.14,0.0,3,2442,卖盘,601956,2025-10-17 22:51:33
11:08:34,8.14,0.0,10,8140,卖盘,601956,2025-10-17 22:51:33
11:08:37,8.14,0.0,71,57794,卖盘,601956,2025-10-17 22:51:33
11:08:40,8.14,0.0,22,17908,卖盘,601956,2025-10-17 22:51:33
11:08:52,8.14,0.0,3,2442,卖盘,601956,2025-10-17 22:51:33
11:08:58,8.14,0.0,950,773300,卖盘,601956,2025-10-17 22:51:33
11:09:07,8.14,0.0,63,51282,卖盘,601956,2025-10-17 22:51:33
11:09:13,8.14,0.0,10,8140,卖盘,601956,2025-10-17 22:51:33
11:09:16,8.14,0.0,75,61050,卖盘,601956,2025-10-17 22:51:33
11:09:19,8.14,0.0,3,2442,卖盘,601956,2025-10-17 22:51:33
11:09:22,8.14,0.0,32,26048,卖盘,601956,2025-10-17 22:51:33
11:09:25,8.14,0.0,270,219780,卖盘,601956,2025-10-17 22:51:33
11:09:34,8.14,0.0,1,814,卖盘,601956,2025-10-17 22:51:33
11:09:43,8.14,0.0,7,5698,卖盘,601956,2025-10-17 22:51:33
11:09:46,8.14,0.0,10,8140,卖盘,601956,2025-10-17 22:51:33
11:09:49,8.14,0.0,7,5698,卖盘,601956,2025-10-17 22:51:33
11:09:58,8.14,0.0,64,52096,卖盘,601956,2025-10-17 22:51:33
11:10:01,8.14,0.0,33,26862,卖盘,601956,2025-10-17 22:51:33
11:10:04,8.14,0.0,45,36630,卖盘,601956,2025-10-17 22:51:33
11:10:07,8.14,0.0,50,40700,卖盘,601956,2025-10-17 22:51:33
11:10:10,8.14,0.0,9,7326,卖盘,601956,2025-10-17 22:51:33
11:10:13,8.14,0.0,2,1628,卖盘,601956,2025-10-17 22:51:33
11:10:19,8.14,0.0,2,1628,卖盘,601956,2025-10-17 22:51:33
11:10:25,8.14,0.0,176,143264,卖盘,601956,2025-10-17 22:51:33
11:10:34,8.14,0.0,52,42328,卖盘,601956,2025-10-17 22:51:33
11:10:37,8.14,0.0,3,2442,卖盘,601956,2025-10-17 22:51:33
11:10:43,8.14,0.0,3,2442,卖盘,601956,2025-10-17 22:51:33
11:10:46,8.14,0.0,12,9768,卖盘,601956,2025-10-17 22:51:33
11:10:49,8.14,0.0,25,20350,卖盘,601956,2025-10-17 22:51:33
11:10:52,8.14,0.0,3,2442,卖盘,601956,2025-10-17 22:51:33
11:10:55,8.14,0.0,50,40700,卖盘,601956,2025-10-17 22:51:33
11:10:58,8.14,0.0,165,134310,卖盘,601956,2025-10-17 22:51:33
11:11:01,8.14,0.0,1,814,卖盘,601956,2025-10-17 22:51:33
11:11:04,8.14,0.0,11,8954,卖盘,601956,2025-10-17 22:51:33
11:11:10,8.14,0.0,110,89540,卖盘,601956,2025-10-17 22:51:33
11:11:13,8.14,0.0,88,71632,卖盘,601956,2025-10-17 22:51:33
11:11:25,8.14,0.0,15,12210,卖盘,601956,2025-10-17 22:51:33
11:11:28,8.14,0.0,51,41514,卖盘,601956,2025-10-17 22:51:33
11:11:34,8.14,0.0,10,8140,卖盘,601956,2025-10-17 22:51:33
11:11:46,8.14,0.0,5,4070,卖盘,601956,2025-10-17 22:51:33
11:11:49,8.14,0.0,3,2442,卖盘,601956,2025-10-17 22:51:33
11:11:58,8.14,0.0,33,26862,卖盘,601956,2025-10-17 22:51:33
11:12:01,8.14,0.0,40,32560,卖盘,601956,2025-10-17 22:51:33
11:12:10,8.14,0.0,3,2442,卖盘,601956,2025-10-17 22:51:33
11:12:22,8.14,0.0,5,4070,卖盘,601956,2025-10-17 22:51:33
11:12:28,8.14,0.0,2,1628,卖盘,601956,2025-10-17 22:51:33
11:12:37,8.14,0.0,103,83842,卖盘,601956,2025-10-17 22:51:33
11:12:43,8.14,0.0,5,4070,卖盘,601956,2025-10-17 22:51:33
11:12:58,8.14,0.0,6,4884,卖盘,601956,2025-10-17 22:51:33
11:13:01,8.14,0.0,7,5698,卖盘,601956,2025-10-17 22:51:33
11:13:04,8.14,0.0,12,9768,卖盘,601956,2025-10-17 22:51:33
11:13:13,8.14,0.0,5,4070,卖盘,601956,2025-10-17 22:51:33
11:13:16,8.14,0.0,20,16280,卖盘,601956,2025-10-17 22:51:33
11:13:22,8.14,0.0,32,26048,卖盘,601956,2025-10-17 22:51:33
11:13:25,8.14,0.0,15,12210,卖盘,601956,2025-10-17 22:51:33
11:13:28,8.14,0.0,17,13838,卖盘,601956,2025-10-17 22:51:33
11:13:31,8.14,0.0,4,3256,卖盘,601956,2025-10-17 22:51:33
11:13:40,8.14,0.0,25,20350,卖盘,601956,2025-10-17 22:51:33
11:13:49,8.14,0.0,10,8140,卖盘,601956,2025-10-17 22:51:33
11:13:58,8.14,0.0,66,53724,卖盘,601956,2025-10-17 22:51:33
11:14:16,8.14,0.0,16,13024,卖盘,601956,2025-10-17 22:51:33
11:14:22,8.14,0.0,9,7326,卖盘,601956,2025-10-17 22:51:33
11:14:25,8.14,0.0,18,14652,卖盘,601956,2025-10-17 22:51:33
11:14:34,8.14,0.0,3,2442,卖盘,601956,2025-10-17 22:51:33
11:14:37,8.14,0.0,210,170940,卖盘,601956,2025-10-17 22:51:33
11:14:40,8.14,0.0,2,1628,卖盘,601956,2025-10-17 22:51:33
11:14:49,8.14,0.0,6,4884,卖盘,601956,2025-10-17 22:51:33
11:15:01,8.14,0.0,35,28490,卖盘,601956,2025-10-17 22:51:33
11:15:07,8.14,0.0,59,47863,卖盘,601956,2025-10-17 22:51:33
11:15:10,8.14,0.0,210,170940,卖盘,601956,2025-10-17 22:51:33
