时间,成交价,价格变动,成交量,成交额,买卖盘性质,股票代码,采集时间
09:25:03,15.6,0.0,6914,10785840,卖盘,603042,2025-10-17 22:52:45
09:30:00,15.79,0.19,4977,7821394,买盘,603042,2025-10-17 22:52:45
09:30:03,15.91,0.12,3779,5982261,买盘,603042,2025-10-17 22:52:45
09:30:06,15.91,0.0,3921,6248221,卖盘,603042,2025-10-17 22:52:45
09:30:09,15.98,0.07,10485,16751010,买盘,603042,2025-10-17 22:52:45
09:30:12,15.98,0.0,2543,4063714,卖盘,603042,2025-10-17 22:52:45
09:30:15,15.98,0.0,1969,3146462,卖盘,603042,2025-10-17 22:52:45
09:30:18,15.98,0.0,5844,9338712,卖盘,603042,2025-10-17 22:52:45
09:30:21,15.98,0.0,1999,3194402,卖盘,603042,2025-10-17 22:52:45
09:30:24,15.98,0.0,2063,3296674,卖盘,603042,2025-10-17 22:52:45
09:30:27,15.98,0.0,14172,22646856,卖盘,603042,2025-10-17 22:52:45
09:30:30,15.98,0.0,5333,8521479,卖盘,603042,2025-10-17 22:52:45
09:30:33,15.98,0.0,5019,8020362,卖盘,603042,2025-10-17 22:52:45
09:30:36,15.98,0.0,1098,1754604,卖盘,603042,2025-10-17 22:52:45
09:30:39,15.98,0.0,859,1372682,卖盘,603042,2025-10-17 22:52:45
09:30:42,15.98,0.0,453,723894,卖盘,603042,2025-10-17 22:52:45
09:30:45,15.98,0.0,363,580074,卖盘,603042,2025-10-17 22:52:45
09:30:48,15.98,0.0,571,912458,卖盘,603042,2025-10-17 22:52:45
09:30:51,15.98,0.0,654,1045092,卖盘,603042,2025-10-17 22:52:45
09:30:54,15.98,0.0,771,1232058,卖盘,603042,2025-10-17 22:52:45
09:30:57,15.98,0.0,3486,5570628,卖盘,603042,2025-10-17 22:52:45
09:31:00,15.98,0.0,580,926840,卖盘,603042,2025-10-17 22:52:45
09:31:03,15.98,0.0,365,583270,卖盘,603042,2025-10-17 22:52:45
09:31:06,15.98,0.0,709,1132982,卖盘,603042,2025-10-17 22:52:45
09:31:09,15.98,0.0,267,426666,卖盘,603042,2025-10-17 22:52:45
09:31:12,15.98,0.0,344,549712,卖盘,603042,2025-10-17 22:52:45
09:31:15,15.98,0.0,453,723894,卖盘,603042,2025-10-17 22:52:45
09:31:18,15.98,0.0,275,439450,卖盘,603042,2025-10-17 22:52:45
09:31:21,15.98,0.0,498,795804,卖盘,603042,2025-10-17 22:52:45
09:31:24,15.98,0.0,441,704718,卖盘,603042,2025-10-17 22:52:45
09:31:27,15.98,0.0,334,533732,卖盘,603042,2025-10-17 22:52:45
09:31:30,15.98,0.0,115,183770,卖盘,603042,2025-10-17 22:52:45
09:31:33,15.98,0.0,506,808588,卖盘,603042,2025-10-17 22:52:45
09:31:36,15.98,0.0,390,623220,卖盘,603042,2025-10-17 22:52:45
09:31:39,15.98,0.0,324,517752,卖盘,603042,2025-10-17 22:52:45
09:31:42,15.98,0.0,260,415480,卖盘,603042,2025-10-17 22:52:45
09:31:45,15.98,0.0,592,946016,卖盘,603042,2025-10-17 22:52:45
09:31:48,15.98,0.0,153,244494,卖盘,603042,2025-10-17 22:52:45
09:31:51,15.98,0.0,276,441048,卖盘,603042,2025-10-17 22:52:45
09:31:54,15.98,0.0,318,508164,卖盘,603042,2025-10-17 22:52:45
09:31:57,15.98,0.0,171,273258,卖盘,603042,2025-10-17 22:52:45
09:32:00,15.98,0.0,141,225318,卖盘,603042,2025-10-17 22:52:45
09:32:03,15.98,0.0,163,260474,卖盘,603042,2025-10-17 22:52:45
09:32:06,15.98,0.0,194,310012,卖盘,603042,2025-10-17 22:52:45
09:32:09,15.98,0.0,109,174182,卖盘,603042,2025-10-17 22:52:45
09:32:12,15.98,0.0,53,84694,卖盘,603042,2025-10-17 22:52:45
09:32:15,15.98,0.0,470,751060,卖盘,603042,2025-10-17 22:52:45
09:32:18,15.98,0.0,97,155006,卖盘,603042,2025-10-17 22:52:45
09:32:21,15.98,0.0,166,265268,卖盘,603042,2025-10-17 22:52:45
09:32:24,15.98,0.0,254,405892,卖盘,603042,2025-10-17 22:52:45
09:32:27,15.98,0.0,122,194956,卖盘,603042,2025-10-17 22:52:45
09:32:30,15.98,0.0,464,741472,卖盘,603042,2025-10-17 22:52:45
09:32:33,15.98,0.0,128,204544,卖盘,603042,2025-10-17 22:52:45
09:32:36,15.98,0.0,182,290836,卖盘,603042,2025-10-17 22:52:45
09:32:39,15.98,0.0,179,286042,卖盘,603042,2025-10-17 22:52:45
09:32:42,15.98,0.0,148,236504,卖盘,603042,2025-10-17 22:52:45
09:32:45,15.98,0.0,10079,16106242,卖盘,603042,2025-10-17 22:52:45
09:32:48,15.98,0.0,84,134232,卖盘,603042,2025-10-17 22:52:45
09:32:51,15.98,0.0,2073,3312654,卖盘,603042,2025-10-17 22:52:45
09:32:54,15.98,0.0,106,169388,卖盘,603042,2025-10-17 22:52:45
09:32:57,15.98,0.0,5528,8833744,卖盘,603042,2025-10-17 22:52:45
09:33:00,15.98,0.0,2186,3493228,卖盘,603042,2025-10-17 22:52:45
09:33:03,15.98,0.0,295,471410,卖盘,603042,2025-10-17 22:52:45
09:33:06,15.98,0.0,437,698326,卖盘,603042,2025-10-17 22:52:45
09:33:09,15.98,0.0,2114,3378172,卖盘,603042,2025-10-17 22:52:45
09:33:12,15.98,0.0,1083,1730634,卖盘,603042,2025-10-17 22:52:45
09:33:15,15.98,0.0,2656,4244288,卖盘,603042,2025-10-17 22:52:45
09:33:18,15.98,0.0,339,541722,卖盘,603042,2025-10-17 22:52:45
09:33:21,15.98,0.0,748,1195304,卖盘,603042,2025-10-17 22:52:45
09:33:24,15.98,0.0,182,290836,卖盘,603042,2025-10-17 22:52:45
09:33:27,15.98,0.0,281,449038,卖盘,603042,2025-10-17 22:52:45
09:33:30,15.98,0.0,173,276454,卖盘,603042,2025-10-17 22:52:45
09:33:33,15.98,0.0,117,186966,卖盘,603042,2025-10-17 22:52:45
09:33:36,15.98,0.0,243,388314,卖盘,603042,2025-10-17 22:52:45
09:33:39,15.98,0.0,184,294032,卖盘,603042,2025-10-17 22:52:45
09:33:42,15.98,0.0,82,131036,卖盘,603042,2025-10-17 22:52:45
09:33:45,15.98,0.0,197,314806,卖盘,603042,2025-10-17 22:52:45
09:33:48,15.98,0.0,655,1046690,卖盘,603042,2025-10-17 22:52:45
09:33:51,15.98,0.0,142,226916,卖盘,603042,2025-10-17 22:52:45
09:33:54,15.98,0.0,342,546516,卖盘,603042,2025-10-17 22:52:45
09:33:57,15.98,0.0,155,247690,卖盘,603042,2025-10-17 22:52:45
09:34:00,15.98,0.0,95,151810,卖盘,603042,2025-10-17 22:52:45
09:34:03,15.98,0.0,138,220524,卖盘,603042,2025-10-17 22:52:45
09:34:06,15.98,0.0,247,394706,卖盘,603042,2025-10-17 22:52:45
09:34:09,15.98,0.0,107,170986,卖盘,603042,2025-10-17 22:52:45
09:34:12,15.98,0.0,74,118252,卖盘,603042,2025-10-17 22:52:45
09:34:15,15.98,0.0,69,110262,卖盘,603042,2025-10-17 22:52:45
09:34:18,15.98,0.0,59,94282,卖盘,603042,2025-10-17 22:52:45
09:34:21,15.98,0.0,131,209338,卖盘,603042,2025-10-17 22:52:45
09:34:24,15.98,0.0,124,198152,卖盘,603042,2025-10-17 22:52:45
09:34:27,15.98,0.0,166,265268,卖盘,603042,2025-10-17 22:52:45
09:34:30,15.98,0.0,2306,3684988,卖盘,603042,2025-10-17 22:52:45
09:34:33,15.98,0.0,23,36754,卖盘,603042,2025-10-17 22:52:45
09:34:36,15.98,0.0,57,91086,卖盘,603042,2025-10-17 22:52:45
09:34:39,15.98,0.0,165,263670,卖盘,603042,2025-10-17 22:52:45
09:34:42,15.98,0.0,58,92684,卖盘,603042,2025-10-17 22:52:45
09:34:45,15.98,0.0,170,271660,卖盘,603042,2025-10-17 22:52:45
09:34:48,15.98,0.0,71,113458,卖盘,603042,2025-10-17 22:52:45
09:34:51,15.98,0.0,800,1278400,卖盘,603042,2025-10-17 22:52:45
09:34:54,15.98,0.0,94,150212,卖盘,603042,2025-10-17 22:52:45
09:34:57,15.98,0.0,103,164594,卖盘,603042,2025-10-17 22:52:45
09:35:00,15.98,0.0,44,70312,卖盘,603042,2025-10-17 22:52:45
09:35:03,15.98,0.0,62,99076,卖盘,603042,2025-10-17 22:52:45
09:35:06,15.98,0.0,152,242896,卖盘,603042,2025-10-17 22:52:45
09:35:09,15.98,0.0,41,65518,卖盘,603042,2025-10-17 22:52:45
09:35:12,15.98,0.0,187,298826,卖盘,603042,2025-10-17 22:52:45
09:35:15,15.98,0.0,44,70312,卖盘,603042,2025-10-17 22:52:45
09:35:18,15.98,0.0,141,225318,卖盘,603042,2025-10-17 22:52:45
09:35:21,15.98,0.0,77,123046,卖盘,603042,2025-10-17 22:52:45
09:35:24,15.98,0.0,8,12784,卖盘,603042,2025-10-17 22:52:45
09:35:27,15.98,0.0,144,230112,卖盘,603042,2025-10-17 22:52:45
09:35:30,15.98,0.0,74,118252,卖盘,603042,2025-10-17 22:52:45
09:35:33,15.98,0.0,54,86292,卖盘,603042,2025-10-17 22:52:45
09:35:36,15.98,0.0,28,44744,卖盘,603042,2025-10-17 22:52:45
09:35:39,15.98,0.0,77,123046,卖盘,603042,2025-10-17 22:52:45
09:35:42,15.98,0.0,182,290836,卖盘,603042,2025-10-17 22:52:45
09:35:45,15.98,0.0,15,23970,卖盘,603042,2025-10-17 22:52:45
09:35:48,15.98,0.0,67,107066,卖盘,603042,2025-10-17 22:52:45
09:35:51,15.98,0.0,156,249288,卖盘,603042,2025-10-17 22:52:45
09:35:54,15.98,0.0,43,68714,卖盘,603042,2025-10-17 22:52:45
09:35:57,15.98,0.0,37,59126,卖盘,603042,2025-10-17 22:52:45
09:36:00,15.98,0.0,175,279650,卖盘,603042,2025-10-17 22:52:45
09:36:03,15.98,0.0,21,33558,卖盘,603042,2025-10-17 22:52:45
09:36:06,15.98,0.0,24,38352,卖盘,603042,2025-10-17 22:52:45
09:36:09,15.98,0.0,335,535330,卖盘,603042,2025-10-17 22:52:45
09:36:12,15.98,0.0,209,333982,卖盘,603042,2025-10-17 22:52:45
09:36:15,15.98,0.0,193,308414,卖盘,603042,2025-10-17 22:52:45
09:36:18,15.98,0.0,119,190162,卖盘,603042,2025-10-17 22:52:45
09:36:21,15.98,0.0,108,172584,卖盘,603042,2025-10-17 22:52:45
09:36:24,15.98,0.0,245,391510,卖盘,603042,2025-10-17 22:52:45
09:36:27,15.98,0.0,44,70312,卖盘,603042,2025-10-17 22:52:45
09:36:30,15.98,0.0,120,191760,卖盘,603042,2025-10-17 22:52:45
09:36:33,15.98,0.0,305,487390,卖盘,603042,2025-10-17 22:52:45
09:36:36,15.98,0.0,119,190162,卖盘,603042,2025-10-17 22:52:45
09:36:39,15.98,0.0,154,246092,卖盘,603042,2025-10-17 22:52:45
09:36:42,15.98,0.0,25,39950,卖盘,603042,2025-10-17 22:52:45
09:36:45,15.98,0.0,15,23970,卖盘,603042,2025-10-17 22:52:45
09:36:48,15.98,0.0,86,137428,卖盘,603042,2025-10-17 22:52:45
09:36:51,15.98,0.0,93,148614,卖盘,603042,2025-10-17 22:52:45
09:36:54,15.98,0.0,66,105468,卖盘,603042,2025-10-17 22:52:45
09:36:57,15.98,0.0,103,164594,卖盘,603042,2025-10-17 22:52:45
09:37:00,15.98,0.0,417,666366,卖盘,603042,2025-10-17 22:52:45
09:37:03,15.98,0.0,37,59126,卖盘,603042,2025-10-17 22:52:45
09:37:06,15.98,0.0,44,70312,卖盘,603042,2025-10-17 22:52:45
09:37:09,15.98,0.0,211,337178,卖盘,603042,2025-10-17 22:52:45
09:37:12,15.98,0.0,55,87890,卖盘,603042,2025-10-17 22:52:45
09:37:15,15.98,0.0,94,150212,卖盘,603042,2025-10-17 22:52:45
09:37:18,15.98,0.0,84,134232,卖盘,603042,2025-10-17 22:52:45
09:37:21,15.98,0.0,14,22372,卖盘,603042,2025-10-17 22:52:45
09:37:24,15.98,0.0,135,215730,卖盘,603042,2025-10-17 22:52:45
09:37:27,15.98,0.0,21,33558,卖盘,603042,2025-10-17 22:52:45
09:37:30,15.98,0.0,153,244494,卖盘,603042,2025-10-17 22:52:45
09:37:33,15.98,0.0,44,70312,卖盘,603042,2025-10-17 22:52:45
09:37:36,15.98,0.0,104,166192,卖盘,603042,2025-10-17 22:52:45
09:37:39,15.98,0.0,165,263670,卖盘,603042,2025-10-17 22:52:45
09:37:42,15.98,0.0,56,89488,卖盘,603042,2025-10-17 22:52:45
09:37:45,15.98,0.0,63,100674,卖盘,603042,2025-10-17 22:52:45
09:37:48,15.98,0.0,13,20774,卖盘,603042,2025-10-17 22:52:45
09:37:51,15.98,0.0,175,279650,卖盘,603042,2025-10-17 22:52:45
09:37:54,15.98,0.0,60,95880,卖盘,603042,2025-10-17 22:52:45
09:37:57,15.98,0.0,27,43146,卖盘,603042,2025-10-17 22:52:45
09:38:00,15.98,0.0,6,9588,卖盘,603042,2025-10-17 22:52:45
09:38:03,15.98,0.0,134,214132,卖盘,603042,2025-10-17 22:52:45
09:38:06,15.98,0.0,38,60724,卖盘,603042,2025-10-17 22:52:45
09:38:09,15.98,0.0,23,36754,卖盘,603042,2025-10-17 22:52:45
09:38:12,15.98,0.0,24,38352,卖盘,603042,2025-10-17 22:52:45
09:38:15,15.98,0.0,35,55930,卖盘,603042,2025-10-17 22:52:45
09:38:18,15.98,0.0,104,166192,卖盘,603042,2025-10-17 22:52:45
09:38:21,15.98,0.0,12,19176,卖盘,603042,2025-10-17 22:52:45
09:38:24,15.98,0.0,27,43146,卖盘,603042,2025-10-17 22:52:45
09:38:27,15.98,0.0,30,47940,卖盘,603042,2025-10-17 22:52:45
09:38:30,15.98,0.0,27,43146,卖盘,603042,2025-10-17 22:52:45
09:38:33,15.98,0.0,13,20774,卖盘,603042,2025-10-17 22:52:45
09:38:36,15.98,0.0,155,247690,卖盘,603042,2025-10-17 22:52:45
09:38:39,15.98,0.0,48,76704,卖盘,603042,2025-10-17 22:52:45
09:38:42,15.98,0.0,32,51136,卖盘,603042,2025-10-17 22:52:45
09:38:45,15.98,0.0,22,35156,卖盘,603042,2025-10-17 22:52:45
09:38:48,15.98,0.0,21,33558,卖盘,603042,2025-10-17 22:52:45
09:38:51,15.98,0.0,146,233308,卖盘,603042,2025-10-17 22:52:45
09:38:54,15.98,0.0,11,17578,卖盘,603042,2025-10-17 22:52:45
09:38:57,15.98,0.0,19,30362,卖盘,603042,2025-10-17 22:52:45
09:39:00,15.98,0.0,12,19176,卖盘,603042,2025-10-17 22:52:45
09:39:03,15.98,0.0,92,147016,卖盘,603042,2025-10-17 22:52:45
09:39:06,15.98,0.0,100,159800,卖盘,603042,2025-10-17 22:52:45
09:39:09,15.98,0.0,114,182172,卖盘,603042,2025-10-17 22:52:45
09:39:12,15.98,0.0,6,9588,卖盘,603042,2025-10-17 22:52:45
09:39:18,15.98,0.0,56,89488,卖盘,603042,2025-10-17 22:52:45
09:39:21,15.98,0.0,12,19176,卖盘,603042,2025-10-17 22:52:45
09:39:24,15.98,0.0,42,67116,卖盘,603042,2025-10-17 22:52:45
09:39:27,15.98,0.0,100,159800,卖盘,603042,2025-10-17 22:52:45
09:39:33,15.98,0.0,57,91086,卖盘,603042,2025-10-17 22:52:45
09:39:36,15.98,0.0,15,23970,卖盘,603042,2025-10-17 22:52:45
09:39:39,15.98,0.0,32,51136,卖盘,603042,2025-10-17 22:52:45
09:39:42,15.98,0.0,225,359550,卖盘,603042,2025-10-17 22:52:45
09:39:45,15.98,0.0,105,167790,卖盘,603042,2025-10-17 22:52:45
09:39:48,15.98,0.0,63,100674,卖盘,603042,2025-10-17 22:52:45
09:39:54,15.98,0.0,23,36754,卖盘,603042,2025-10-17 22:52:45
09:39:57,15.98,0.0,11,17578,卖盘,603042,2025-10-17 22:52:45
09:40:00,15.98,0.0,20,31960,卖盘,603042,2025-10-17 22:52:45
09:40:03,15.98,0.0,52,83096,卖盘,603042,2025-10-17 22:52:45
09:40:06,15.98,0.0,23,36754,卖盘,603042,2025-10-17 22:52:45
09:40:09,15.98,0.0,68,108664,卖盘,603042,2025-10-17 22:52:45
09:40:12,15.98,0.0,210,335580,卖盘,603042,2025-10-17 22:52:45
09:40:15,15.98,0.0,19,30362,卖盘,603042,2025-10-17 22:52:45
09:40:18,15.98,0.0,2,3196,卖盘,603042,2025-10-17 22:52:45
09:40:24,15.98,0.0,53,84694,卖盘,603042,2025-10-17 22:52:45
09:40:30,15.98,0.0,25,39950,卖盘,603042,2025-10-17 22:52:45
09:40:33,15.98,0.0,8,12784,卖盘,603042,2025-10-17 22:52:45
09:40:36,15.98,0.0,7,11186,卖盘,603042,2025-10-17 22:52:45
09:40:39,15.98,0.0,77,123046,卖盘,603042,2025-10-17 22:52:45
09:40:42,15.98,0.0,130,207740,卖盘,603042,2025-10-17 22:52:45
09:40:45,15.98,0.0,24,38352,卖盘,603042,2025-10-17 22:52:45
09:40:48,15.98,0.0,13,20774,卖盘,603042,2025-10-17 22:52:45
09:40:51,15.98,0.0,1,1598,卖盘,603042,2025-10-17 22:52:45
09:40:54,15.98,0.0,58,92684,卖盘,603042,2025-10-17 22:52:45
09:40:57,15.98,0.0,9,14382,卖盘,603042,2025-10-17 22:52:45
09:41:03,15.98,0.0,60,95880,卖盘,603042,2025-10-17 22:52:45
09:41:06,15.98,0.0,21,33558,卖盘,603042,2025-10-17 22:52:45
09:41:09,15.98,0.0,90,143820,卖盘,603042,2025-10-17 22:52:45
09:41:12,15.98,0.0,12,19176,卖盘,603042,2025-10-17 22:52:45
09:41:15,15.98,0.0,40,63920,卖盘,603042,2025-10-17 22:52:45
09:41:18,15.98,0.0,20,31960,卖盘,603042,2025-10-17 22:52:45
09:41:21,15.98,0.0,38,60724,卖盘,603042,2025-10-17 22:52:45
09:41:24,15.98,0.0,137,218926,卖盘,603042,2025-10-17 22:52:45
09:41:27,15.98,0.0,32,51136,卖盘,603042,2025-10-17 22:52:45
09:41:30,15.98,0.0,4,6392,卖盘,603042,2025-10-17 22:52:45
09:41:33,15.98,0.0,27,43146,卖盘,603042,2025-10-17 22:52:45
09:41:36,15.98,0.0,44,70312,卖盘,603042,2025-10-17 22:52:45
09:41:39,15.98,0.0,22,35156,卖盘,603042,2025-10-17 22:52:45
09:41:42,15.98,0.0,11,17578,卖盘,603042,2025-10-17 22:52:45
09:41:45,15.98,0.0,14,22372,卖盘,603042,2025-10-17 22:52:45
09:41:48,15.98,0.0,21,33558,卖盘,603042,2025-10-17 22:52:45
09:41:51,15.98,0.0,1,1598,卖盘,603042,2025-10-17 22:52:45
09:41:54,15.98,0.0,23,36754,卖盘,603042,2025-10-17 22:52:45
09:41:57,15.98,0.0,17,27166,卖盘,603042,2025-10-17 22:52:45
09:42:00,15.98,0.0,19,30362,卖盘,603042,2025-10-17 22:52:45
09:42:03,15.98,0.0,12,19176,卖盘,603042,2025-10-17 22:52:45
09:42:06,15.98,0.0,10,15980,卖盘,603042,2025-10-17 22:52:45
09:42:09,15.98,0.0,14,22372,卖盘,603042,2025-10-17 22:52:45
09:42:12,15.98,0.0,3,4794,卖盘,603042,2025-10-17 22:52:45
09:42:15,15.98,0.0,12,19176,卖盘,603042,2025-10-17 22:52:45
09:42:18,15.98,0.0,10,15980,卖盘,603042,2025-10-17 22:52:45
09:42:24,15.98,0.0,28,44744,卖盘,603042,2025-10-17 22:52:45
09:42:33,15.98,0.0,44,70312,卖盘,603042,2025-10-17 22:52:45
09:42:36,15.98,0.0,58,92684,卖盘,603042,2025-10-17 22:52:45
09:42:39,15.98,0.0,60,95880,卖盘,603042,2025-10-17 22:52:45
09:42:42,15.98,0.0,25,39950,卖盘,603042,2025-10-17 22:52:45
09:42:45,15.98,0.0,30,47940,卖盘,603042,2025-10-17 22:52:45
09:42:57,15.98,0.0,115,183770,卖盘,603042,2025-10-17 22:52:45
09:43:00,15.98,0.0,25,39950,卖盘,603042,2025-10-17 22:52:45
09:43:03,15.98,0.0,102,162996,卖盘,603042,2025-10-17 22:52:45
09:43:06,15.98,0.0,9,14382,卖盘,603042,2025-10-17 22:52:45
09:43:12,15.98,0.0,10,15980,卖盘,603042,2025-10-17 22:52:45
09:43:15,15.98,0.0,50,79900,卖盘,603042,2025-10-17 22:52:45
09:43:18,15.98,0.0,20,31960,卖盘,603042,2025-10-17 22:52:45
09:43:21,15.98,0.0,23,36754,卖盘,603042,2025-10-17 22:52:45
09:43:24,15.98,0.0,120,191760,卖盘,603042,2025-10-17 22:52:45
09:43:27,15.98,0.0,12,19176,卖盘,603042,2025-10-17 22:52:45
09:43:30,15.98,0.0,37,59126,卖盘,603042,2025-10-17 22:52:45
09:43:33,15.98,0.0,77,123046,卖盘,603042,2025-10-17 22:52:45
09:43:39,15.98,0.0,202,322796,卖盘,603042,2025-10-17 22:52:45
09:43:42,15.98,0.0,122,194956,卖盘,603042,2025-10-17 22:52:45
09:43:45,15.98,0.0,3,4794,卖盘,603042,2025-10-17 22:52:45
09:43:48,15.98,0.0,7,11186,卖盘,603042,2025-10-17 22:52:45
09:43:51,15.98,0.0,2,3196,卖盘,603042,2025-10-17 22:52:45
09:43:54,15.98,0.0,2,3196,卖盘,603042,2025-10-17 22:52:45
09:43:57,15.98,0.0,33,52734,卖盘,603042,2025-10-17 22:52:45
09:44:00,15.98,0.0,12,19176,卖盘,603042,2025-10-17 22:52:45
09:44:03,15.98,0.0,72,115056,卖盘,603042,2025-10-17 22:52:45
09:44:06,15.98,0.0,50,79900,卖盘,603042,2025-10-17 22:52:45
09:44:09,15.98,0.0,9,14382,卖盘,603042,2025-10-17 22:52:45
09:44:12,15.98,0.0,32,51136,卖盘,603042,2025-10-17 22:52:45
09:44:15,15.98,0.0,115,183770,卖盘,603042,2025-10-17 22:52:45
09:44:18,15.98,0.0,46,73508,卖盘,603042,2025-10-17 22:52:45
09:44:21,15.98,0.0,6,9588,卖盘,603042,2025-10-17 22:52:45
09:44:24,15.98,0.0,61,97478,卖盘,603042,2025-10-17 22:52:45
09:44:27,15.98,0.0,12,19176,卖盘,603042,2025-10-17 22:52:45
09:44:30,15.98,0.0,40,63920,卖盘,603042,2025-10-17 22:52:45
09:44:33,15.98,0.0,9,14382,卖盘,603042,2025-10-17 22:52:45
09:44:36,15.98,0.0,34,54332,卖盘,603042,2025-10-17 22:52:45
09:44:39,15.98,0.0,41,65518,卖盘,603042,2025-10-17 22:52:45
09:44:42,15.98,0.0,153,244494,卖盘,603042,2025-10-17 22:52:45
09:44:45,15.98,0.0,28,44744,卖盘,603042,2025-10-17 22:52:45
09:44:48,15.98,0.0,106,169388,卖盘,603042,2025-10-17 22:52:45
09:44:51,15.98,0.0,4,6392,卖盘,603042,2025-10-17 22:52:45
09:44:54,15.98,0.0,57,91086,卖盘,603042,2025-10-17 22:52:45
09:44:57,15.98,0.0,36,57528,卖盘,603042,2025-10-17 22:52:45
09:45:00,15.98,0.0,164,262072,卖盘,603042,2025-10-17 22:52:45
09:45:03,15.98,0.0,3,4794,卖盘,603042,2025-10-17 22:52:45
09:45:06,15.98,0.0,55,87890,卖盘,603042,2025-10-17 22:52:45
09:45:09,15.98,0.0,6,9588,卖盘,603042,2025-10-17 22:52:45
09:45:12,15.98,0.0,5,7990,卖盘,603042,2025-10-17 22:52:45
09:45:15,15.98,0.0,77,123046,卖盘,603042,2025-10-17 22:52:45
09:45:18,15.98,0.0,33,52734,卖盘,603042,2025-10-17 22:52:45
09:45:21,15.98,0.0,15,23970,卖盘,603042,2025-10-17 22:52:45
09:45:24,15.98,0.0,3,4794,卖盘,603042,2025-10-17 22:52:45
09:45:27,15.98,0.0,1,1598,卖盘,603042,2025-10-17 22:52:45
09:45:30,15.98,0.0,41,65518,卖盘,603042,2025-10-17 22:52:45
09:45:33,15.98,0.0,59,94282,卖盘,603042,2025-10-17 22:52:45
09:45:39,15.98,0.0,8,12784,卖盘,603042,2025-10-17 22:52:45
09:45:42,15.98,0.0,77,123046,卖盘,603042,2025-10-17 22:52:45
09:45:45,15.98,0.0,2,3196,卖盘,603042,2025-10-17 22:52:45
09:45:48,15.98,0.0,1,1598,卖盘,603042,2025-10-17 22:52:45
09:45:51,15.98,0.0,3,4794,卖盘,603042,2025-10-17 22:52:45
09:45:54,15.98,0.0,201,321198,卖盘,603042,2025-10-17 22:52:45
09:45:57,15.98,0.0,78,124644,卖盘,603042,2025-10-17 22:52:45
09:46:00,15.98,0.0,222,354756,卖盘,603042,2025-10-17 22:52:45
09:46:03,15.98,0.0,1,1598,卖盘,603042,2025-10-17 22:52:45
09:46:09,15.98,0.0,55,87890,卖盘,603042,2025-10-17 22:52:45
09:46:12,15.98,0.0,76,121448,卖盘,603042,2025-10-17 22:52:45
09:46:15,15.98,0.0,16,25568,卖盘,603042,2025-10-17 22:52:45
09:46:18,15.98,0.0,31,49538,卖盘,603042,2025-10-17 22:52:45
09:46:21,15.98,0.0,7,11186,卖盘,603042,2025-10-17 22:52:45
09:46:24,15.98,0.0,37,59126,卖盘,603042,2025-10-17 22:52:45
09:46:27,15.98,0.0,39,62322,卖盘,603042,2025-10-17 22:52:45
09:46:30,15.98,0.0,51,81498,卖盘,603042,2025-10-17 22:52:45
09:46:36,15.98,0.0,30,47940,卖盘,603042,2025-10-17 22:52:45
09:46:39,15.98,0.0,10,15980,卖盘,603042,2025-10-17 22:52:45
09:46:42,15.98,0.0,94,150212,卖盘,603042,2025-10-17 22:52:45
09:46:45,15.98,0.0,50,79900,卖盘,603042,2025-10-17 22:52:45
09:46:48,15.98,0.0,61,97478,卖盘,603042,2025-10-17 22:52:45
09:46:51,15.98,0.0,521,832558,卖盘,603042,2025-10-17 22:52:45
09:46:54,15.98,0.0,165,263670,卖盘,603042,2025-10-17 22:52:45
09:46:57,15.98,0.0,12,19176,卖盘,603042,2025-10-17 22:52:45
09:47:00,15.98,0.0,51,81498,卖盘,603042,2025-10-17 22:52:45
09:47:03,15.98,0.0,63,100674,卖盘,603042,2025-10-17 22:52:45
09:47:06,15.98,0.0,120,191760,卖盘,603042,2025-10-17 22:52:45
09:47:09,15.98,0.0,53,84694,卖盘,603042,2025-10-17 22:52:45
09:47:12,15.98,0.0,65,103870,卖盘,603042,2025-10-17 22:52:45
09:47:15,15.98,0.0,56,89488,卖盘,603042,2025-10-17 22:52:45
09:47:18,15.98,0.0,39,62322,卖盘,603042,2025-10-17 22:52:45
09:47:21,15.98,0.0,169,270062,卖盘,603042,2025-10-17 22:52:45
09:47:24,15.98,0.0,169,270062,卖盘,603042,2025-10-17 22:52:45
09:47:27,15.98,0.0,5,7990,卖盘,603042,2025-10-17 22:52:45
09:47:30,15.98,0.0,25,39950,卖盘,603042,2025-10-17 22:52:45
09:47:33,15.98,0.0,34,54332,卖盘,603042,2025-10-17 22:52:45
09:47:36,15.98,0.0,78,124644,卖盘,603042,2025-10-17 22:52:45
09:47:39,15.98,0.0,31,49538,卖盘,603042,2025-10-17 22:52:45
09:47:42,15.98,0.0,65,103870,卖盘,603042,2025-10-17 22:52:45
09:47:45,15.98,0.0,10,15980,卖盘,603042,2025-10-17 22:52:45
09:47:48,15.98,0.0,144,230112,卖盘,603042,2025-10-17 22:52:45
09:47:51,15.98,0.0,166,265268,卖盘,603042,2025-10-17 22:52:45
09:47:54,15.98,0.0,358,572084,卖盘,603042,2025-10-17 22:52:45
09:47:57,15.98,0.0,26,41548,卖盘,603042,2025-10-17 22:52:45
09:48:00,15.98,0.0,152,242896,卖盘,603042,2025-10-17 22:52:45
09:48:03,15.98,0.0,40,63920,卖盘,603042,2025-10-17 22:52:45
09:48:06,15.98,0.0,35,55930,卖盘,603042,2025-10-17 22:52:45
09:48:09,15.98,0.0,25,39950,卖盘,603042,2025-10-17 22:52:45
09:48:12,15.98,0.0,16,25568,卖盘,603042,2025-10-17 22:52:45
09:48:15,15.98,0.0,130,207740,卖盘,603042,2025-10-17 22:52:45
09:48:18,15.98,0.0,47,75106,卖盘,603042,2025-10-17 22:52:45
09:48:21,15.98,0.0,71,113458,卖盘,603042,2025-10-17 22:52:45
09:48:24,15.98,0.0,40,63920,卖盘,603042,2025-10-17 22:52:45
09:48:27,15.98,0.0,23,36754,卖盘,603042,2025-10-17 22:52:45
09:48:30,15.98,0.0,516,824568,卖盘,603042,2025-10-17 22:52:45
09:48:33,15.98,0.0,1,1598,卖盘,603042,2025-10-17 22:52:45
09:48:36,15.98,0.0,37,59126,卖盘,603042,2025-10-17 22:52:45
09:48:39,15.98,0.0,93,148614,卖盘,603042,2025-10-17 22:52:45
09:48:42,15.98,0.0,60,95880,卖盘,603042,2025-10-17 22:52:45
09:48:45,15.98,0.0,10,15980,卖盘,603042,2025-10-17 22:52:45
09:48:48,15.98,0.0,34,54332,卖盘,603042,2025-10-17 22:52:45
09:48:51,15.98,0.0,283,452234,卖盘,603042,2025-10-17 22:52:45
09:48:54,15.98,0.0,63,100674,卖盘,603042,2025-10-17 22:52:45
09:48:57,15.98,0.0,22,35156,卖盘,603042,2025-10-17 22:52:45
09:49:00,15.98,0.0,9,14382,卖盘,603042,2025-10-17 22:52:45
09:49:03,15.98,0.0,13,20774,卖盘,603042,2025-10-17 22:52:45
09:49:06,15.98,0.0,11,17578,卖盘,603042,2025-10-17 22:52:45
09:49:12,15.98,0.0,1,1598,卖盘,603042,2025-10-17 22:52:45
09:49:15,15.98,0.0,34,54332,卖盘,603042,2025-10-17 22:52:45
09:49:18,15.98,0.0,204,325992,卖盘,603042,2025-10-17 22:52:45
09:49:21,15.98,0.0,5,7990,卖盘,603042,2025-10-17 22:52:45
09:49:24,15.98,0.0,57,91086,卖盘,603042,2025-10-17 22:52:45
09:49:27,15.98,0.0,5,7990,卖盘,603042,2025-10-17 22:52:45
09:49:30,15.98,0.0,111,177378,卖盘,603042,2025-10-17 22:52:45
09:49:33,15.98,0.0,30,47940,卖盘,603042,2025-10-17 22:52:45
09:49:36,15.98,0.0,39,62322,卖盘,603042,2025-10-17 22:52:45
09:49:39,15.98,0.0,162,258876,卖盘,603042,2025-10-17 22:52:45
09:49:42,15.98,0.0,13,20774,卖盘,603042,2025-10-17 22:52:45
09:49:45,15.98,0.0,581,928438,卖盘,603042,2025-10-17 22:52:45
09:49:48,15.98,0.0,42,67116,卖盘,603042,2025-10-17 22:52:45
09:49:51,15.98,0.0,9,14382,卖盘,603042,2025-10-17 22:52:45
09:49:54,15.98,0.0,7,11186,卖盘,603042,2025-10-17 22:52:45
09:49:57,15.98,0.0,29,46342,卖盘,603042,2025-10-17 22:52:45
09:50:03,15.98,0.0,15,23970,卖盘,603042,2025-10-17 22:52:45
09:50:06,15.98,0.0,15,23970,卖盘,603042,2025-10-17 22:52:45
09:50:09,15.98,0.0,77,123046,卖盘,603042,2025-10-17 22:52:45
09:50:12,15.98,0.0,31,49538,卖盘,603042,2025-10-17 22:52:45
09:50:15,15.98,0.0,6,9588,卖盘,603042,2025-10-17 22:52:45
09:50:18,15.98,0.0,28,44744,卖盘,603042,2025-10-17 22:52:45
09:50:21,15.98,0.0,2,3196,卖盘,603042,2025-10-17 22:52:45
09:50:24,15.98,0.0,2,3196,卖盘,603042,2025-10-17 22:52:45
09:50:27,15.98,0.0,24,38352,卖盘,603042,2025-10-17 22:52:45
09:50:30,15.98,0.0,30,47940,卖盘,603042,2025-10-17 22:52:45
09:50:33,15.98,0.0,22,35156,卖盘,603042,2025-10-17 22:52:45
09:50:36,15.98,0.0,58,92684,卖盘,603042,2025-10-17 22:52:45
09:50:39,15.98,0.0,33,52734,卖盘,603042,2025-10-17 22:52:45
09:50:42,15.98,0.0,14,22372,卖盘,603042,2025-10-17 22:52:45
09:50:48,15.98,0.0,7,11186,卖盘,603042,2025-10-17 22:52:45
09:50:51,15.98,0.0,50,79900,卖盘,603042,2025-10-17 22:52:45
09:50:54,15.98,0.0,60,95880,卖盘,603042,2025-10-17 22:52:45
09:50:57,15.98,0.0,30,47940,卖盘,603042,2025-10-17 22:52:45
09:51:00,15.98,0.0,1,1598,卖盘,603042,2025-10-17 22:52:45
09:51:03,15.98,0.0,50,79900,卖盘,603042,2025-10-17 22:52:45
09:51:06,15.98,0.0,56,89488,卖盘,603042,2025-10-17 22:52:45
09:51:09,15.98,0.0,29,46342,卖盘,603042,2025-10-17 22:52:45
09:51:24,15.98,0.0,2,3196,卖盘,603042,2025-10-17 22:52:45
09:51:27,15.98,0.0,14,22372,卖盘,603042,2025-10-17 22:52:45
09:51:30,15.98,0.0,21,33558,卖盘,603042,2025-10-17 22:52:45
09:51:33,15.98,0.0,10,15980,卖盘,603042,2025-10-17 22:52:45
09:51:36,15.98,0.0,6,9588,卖盘,603042,2025-10-17 22:52:45
09:51:39,15.98,0.0,2,3196,卖盘,603042,2025-10-17 22:52:45
09:51:42,15.98,0.0,20,31960,卖盘,603042,2025-10-17 22:52:45
09:51:45,15.98,0.0,2,3196,卖盘,603042,2025-10-17 22:52:45
09:51:48,15.98,0.0,21,33558,卖盘,603042,2025-10-17 22:52:45
09:51:51,15.98,0.0,14,22372,卖盘,603042,2025-10-17 22:52:45
09:52:00,15.98,0.0,21,33558,卖盘,603042,2025-10-17 22:52:45
09:52:03,15.98,0.0,12,19176,卖盘,603042,2025-10-17 22:52:45
09:52:06,15.98,0.0,1,1598,卖盘,603042,2025-10-17 22:52:45
09:52:09,15.98,0.0,52,83096,卖盘,603042,2025-10-17 22:52:45
09:52:12,15.98,0.0,91,145418,卖盘,603042,2025-10-17 22:52:45
09:52:15,15.98,0.0,102,162996,卖盘,603042,2025-10-17 22:52:45
09:52:18,15.98,0.0,12,19176,卖盘,603042,2025-10-17 22:52:45
09:52:21,15.98,0.0,16,25568,卖盘,603042,2025-10-17 22:52:45
09:52:24,15.98,0.0,2,3196,卖盘,603042,2025-10-17 22:52:45
09:52:30,15.98,0.0,20,31960,卖盘,603042,2025-10-17 22:52:45
09:52:33,15.98,0.0,16,25568,卖盘,603042,2025-10-17 22:52:45
09:52:36,15.98,0.0,16,25568,卖盘,603042,2025-10-17 22:52:45
09:52:39,15.98,0.0,10,15980,卖盘,603042,2025-10-17 22:52:45
09:52:42,15.98,0.0,6,9588,卖盘,603042,2025-10-17 22:52:45
09:52:48,15.98,0.0,5,7990,卖盘,603042,2025-10-17 22:52:45
09:52:57,15.98,0.0,6,9588,卖盘,603042,2025-10-17 22:52:45
09:53:00,15.98,0.0,78,124644,卖盘,603042,2025-10-17 22:52:45
09:53:03,15.98,0.0,10,15980,卖盘,603042,2025-10-17 22:52:45
09:53:06,15.98,0.0,59,94282,卖盘,603042,2025-10-17 22:52:45
09:53:09,15.98,0.0,10,15980,卖盘,603042,2025-10-17 22:52:45
09:53:15,15.98,0.0,14,22372,卖盘,603042,2025-10-17 22:52:45
09:53:18,15.98,0.0,100,159800,卖盘,603042,2025-10-17 22:52:45
09:53:21,15.98,0.0,3,4794,卖盘,603042,2025-10-17 22:52:45
09:53:27,15.98,0.0,10,15980,卖盘,603042,2025-10-17 22:52:45
09:53:33,15.98,0.0,51,81498,卖盘,603042,2025-10-17 22:52:45
09:53:36,15.98,0.0,4,6392,卖盘,603042,2025-10-17 22:52:45
09:53:39,15.98,0.0,22,35156,卖盘,603042,2025-10-17 22:52:45
09:53:42,15.98,0.0,69,110262,卖盘,603042,2025-10-17 22:52:45
09:53:45,15.98,0.0,17,27166,卖盘,603042,2025-10-17 22:52:45
09:53:48,15.98,0.0,30,47940,卖盘,603042,2025-10-17 22:52:45
09:53:54,15.98,0.0,6,9588,卖盘,603042,2025-10-17 22:52:45
09:53:57,15.98,0.0,41,65518,卖盘,603042,2025-10-17 22:52:45
09:54:03,15.98,0.0,5,7990,卖盘,603042,2025-10-17 22:52:45
09:54:06,15.98,0.0,28,44744,卖盘,603042,2025-10-17 22:52:45
09:54:09,15.98,0.0,40,63920,卖盘,603042,2025-10-17 22:52:45
09:54:12,15.98,0.0,50,79900,卖盘,603042,2025-10-17 22:52:45
09:54:15,15.98,0.0,33,52734,卖盘,603042,2025-10-17 22:52:45
09:54:18,15.98,0.0,286,457028,卖盘,603042,2025-10-17 22:52:45
09:54:21,15.98,0.0,33,52734,卖盘,603042,2025-10-17 22:52:45
09:54:24,15.98,0.0,18,28764,卖盘,603042,2025-10-17 22:52:45
09:54:27,15.98,0.0,320,511360,卖盘,603042,2025-10-17 22:52:45
09:54:30,15.98,0.0,137,218926,卖盘,603042,2025-10-17 22:52:45
09:54:33,15.98,0.0,38,60724,卖盘,603042,2025-10-17 22:52:45
09:54:36,15.98,0.0,124,198152,卖盘,603042,2025-10-17 22:52:45
09:54:39,15.98,0.0,45,71910,卖盘,603042,2025-10-17 22:52:45
09:54:42,15.98,0.0,145,231710,卖盘,603042,2025-10-17 22:52:45
09:54:45,15.98,0.0,145,231710,卖盘,603042,2025-10-17 22:52:45
09:54:48,15.98,0.0,6,9588,卖盘,603042,2025-10-17 22:52:45
09:54:51,15.98,0.0,22,35156,卖盘,603042,2025-10-17 22:52:45
09:54:54,15.98,0.0,92,147016,卖盘,603042,2025-10-17 22:52:45
09:54:57,15.98,0.0,26,41548,卖盘,603042,2025-10-17 22:52:45
09:55:00,15.98,0.0,451,720698,卖盘,603042,2025-10-17 22:52:45
09:55:03,15.98,0.0,47,75106,卖盘,603042,2025-10-17 22:52:45
09:55:06,15.98,0.0,80,127840,卖盘,603042,2025-10-17 22:52:45
09:55:09,15.98,0.0,16,25568,卖盘,603042,2025-10-17 22:52:45
09:55:12,15.98,0.0,18,28764,卖盘,603042,2025-10-17 22:52:45
09:55:15,15.98,0.0,77,123046,卖盘,603042,2025-10-17 22:52:45
09:55:18,15.98,0.0,84,134232,卖盘,603042,2025-10-17 22:52:45
09:55:21,15.98,0.0,73,116654,卖盘,603042,2025-10-17 22:52:45
09:55:24,15.98,0.0,144,230112,卖盘,603042,2025-10-17 22:52:45
09:55:27,15.98,0.0,211,337178,卖盘,603042,2025-10-17 22:52:45
09:55:30,15.98,0.0,141,225318,卖盘,603042,2025-10-17 22:52:45
09:55:33,15.98,0.0,84,134232,卖盘,603042,2025-10-17 22:52:45
09:55:36,15.98,0.0,795,1270410,卖盘,603042,2025-10-17 22:52:45
09:55:39,15.98,0.0,21,33558,卖盘,603042,2025-10-17 22:52:45
09:55:42,15.98,0.0,107,170986,卖盘,603042,2025-10-17 22:52:45
09:55:45,15.98,0.0,11,17578,卖盘,603042,2025-10-17 22:52:45
09:55:48,15.98,0.0,40,63920,卖盘,603042,2025-10-17 22:52:45
09:55:51,15.98,0.0,98,156604,卖盘,603042,2025-10-17 22:52:45
09:55:54,15.98,0.0,52,83096,卖盘,603042,2025-10-17 22:52:45
09:55:57,15.98,0.0,1,1598,卖盘,603042,2025-10-17 22:52:45
09:56:03,15.98,0.0,13,20774,卖盘,603042,2025-10-17 22:52:45
09:56:06,15.98,0.0,34,54332,卖盘,603042,2025-10-17 22:52:45
09:56:09,15.98,0.0,29,46342,卖盘,603042,2025-10-17 22:52:45
09:56:12,15.98,0.0,42,67116,卖盘,603042,2025-10-17 22:52:45
09:56:15,15.98,0.0,29,46342,卖盘,603042,2025-10-17 22:52:45
09:56:18,15.98,0.0,65,103870,卖盘,603042,2025-10-17 22:52:45
09:56:21,15.98,0.0,19,30362,卖盘,603042,2025-10-17 22:52:45
09:56:24,15.98,0.0,63,100674,卖盘,603042,2025-10-17 22:52:45
09:56:27,15.98,0.0,75,119850,卖盘,603042,2025-10-17 22:52:45
09:56:30,15.98,0.0,12,19176,卖盘,603042,2025-10-17 22:52:45
09:56:33,15.98,0.0,20,31960,卖盘,603042,2025-10-17 22:52:45
09:56:39,15.98,0.0,106,169388,卖盘,603042,2025-10-17 22:52:45
09:56:42,15.98,0.0,130,207740,卖盘,603042,2025-10-17 22:52:45
09:56:45,15.98,0.0,40,63920,卖盘,603042,2025-10-17 22:52:45
09:56:48,15.98,0.0,116,185368,卖盘,603042,2025-10-17 22:52:45
09:56:51,15.98,0.0,1,1598,卖盘,603042,2025-10-17 22:52:45
09:56:57,15.98,0.0,76,121448,卖盘,603042,2025-10-17 22:52:45
09:57:00,15.98,0.0,17,27166,卖盘,603042,2025-10-17 22:52:45
09:57:03,15.98,0.0,8,12784,卖盘,603042,2025-10-17 22:52:45
09:57:06,15.98,0.0,56,89488,卖盘,603042,2025-10-17 22:52:45
09:57:09,15.98,0.0,65,103870,卖盘,603042,2025-10-17 22:52:45
09:57:12,15.98,0.0,1,1598,卖盘,603042,2025-10-17 22:52:45
09:57:15,15.98,0.0,42,67116,卖盘,603042,2025-10-17 22:52:45
09:57:18,15.98,0.0,166,265268,卖盘,603042,2025-10-17 22:52:45
09:57:21,15.98,0.0,44,70312,卖盘,603042,2025-10-17 22:52:45
09:57:24,15.98,0.0,82,131036,卖盘,603042,2025-10-17 22:52:45
09:57:27,15.98,0.0,102,162996,卖盘,603042,2025-10-17 22:52:45
09:57:30,15.98,0.0,72,115056,卖盘,603042,2025-10-17 22:52:45
09:57:33,15.98,0.0,55,87890,卖盘,603042,2025-10-17 22:52:45
09:57:36,15.98,0.0,30,47940,卖盘,603042,2025-10-17 22:52:45
09:57:42,15.98,0.0,21,33558,卖盘,603042,2025-10-17 22:52:45
09:57:48,15.98,0.0,57,91086,卖盘,603042,2025-10-17 22:52:45
09:57:54,15.98,0.0,5,7990,卖盘,603042,2025-10-17 22:52:45
09:57:57,15.98,0.0,32,51136,卖盘,603042,2025-10-17 22:52:45
09:58:00,15.98,0.0,10,15980,卖盘,603042,2025-10-17 22:52:45
09:58:03,15.98,0.0,28,44744,卖盘,603042,2025-10-17 22:52:45
09:58:06,15.98,0.0,20,31960,卖盘,603042,2025-10-17 22:52:45
09:58:09,15.98,0.0,55,87890,卖盘,603042,2025-10-17 22:52:45
09:58:12,15.98,0.0,10,15980,卖盘,603042,2025-10-17 22:52:45
09:58:15,15.98,0.0,26,41548,卖盘,603042,2025-10-17 22:52:45
09:58:21,15.98,0.0,94,150212,卖盘,603042,2025-10-17 22:52:45
09:58:24,15.98,0.0,40,63920,卖盘,603042,2025-10-17 22:52:45
09:58:27,15.98,0.0,5,7990,卖盘,603042,2025-10-17 22:52:45
09:58:30,15.98,0.0,11,17578,卖盘,603042,2025-10-17 22:52:45
09:58:33,15.98,0.0,9,14382,卖盘,603042,2025-10-17 22:52:45
09:58:39,15.98,0.0,80,127840,卖盘,603042,2025-10-17 22:52:45
09:58:42,15.98,0.0,24,38352,卖盘,603042,2025-10-17 22:52:45
09:58:45,15.98,0.0,123,196554,卖盘,603042,2025-10-17 22:52:45
09:58:51,15.98,0.0,16,25568,卖盘,603042,2025-10-17 22:52:45
09:58:54,15.98,0.0,3,4794,卖盘,603042,2025-10-17 22:52:45
09:58:57,15.98,0.0,10,15980,卖盘,603042,2025-10-17 22:52:45
09:59:00,15.98,0.0,14,22372,卖盘,603042,2025-10-17 22:52:45
09:59:03,15.98,0.0,27,43146,卖盘,603042,2025-10-17 22:52:45
09:59:06,15.98,0.0,3,4794,卖盘,603042,2025-10-17 22:52:45
09:59:15,15.98,0.0,120,191760,卖盘,603042,2025-10-17 22:52:45
09:59:21,15.98,0.0,59,94282,卖盘,603042,2025-10-17 22:52:45
09:59:24,15.98,0.0,11,17578,卖盘,603042,2025-10-17 22:52:45
09:59:27,15.98,0.0,8,12784,卖盘,603042,2025-10-17 22:52:45
09:59:30,15.98,0.0,40,63920,卖盘,603042,2025-10-17 22:52:45
09:59:33,15.98,0.0,7,11186,卖盘,603042,2025-10-17 22:52:45
09:59:36,15.98,0.0,8,12784,卖盘,603042,2025-10-17 22:52:45
09:59:42,15.98,0.0,10,15980,卖盘,603042,2025-10-17 22:52:45
09:59:45,15.98,0.0,12,19176,卖盘,603042,2025-10-17 22:52:45
09:59:48,15.98,0.0,10,15980,卖盘,603042,2025-10-17 22:52:45
09:59:51,15.98,0.0,25,39950,卖盘,603042,2025-10-17 22:52:45
09:59:54,15.98,0.0,17,27166,卖盘,603042,2025-10-17 22:52:45
09:59:57,15.98,0.0,38,60724,卖盘,603042,2025-10-17 22:52:45
10:00:00,15.98,0.0,2,3196,卖盘,603042,2025-10-17 22:52:45
10:00:03,15.98,0.0,21,33558,卖盘,603042,2025-10-17 22:52:45
10:00:06,15.98,0.0,30,47940,卖盘,603042,2025-10-17 22:52:45
10:00:12,15.98,0.0,10,15980,卖盘,603042,2025-10-17 22:52:45
10:00:15,15.98,0.0,13,20774,卖盘,603042,2025-10-17 22:52:45
10:00:21,15.98,0.0,16,25568,卖盘,603042,2025-10-17 22:52:45
10:00:27,15.98,0.0,26,41548,卖盘,603042,2025-10-17 22:52:45
10:00:33,15.98,0.0,10,15980,卖盘,603042,2025-10-17 22:52:45
10:00:39,15.98,0.0,15,23970,卖盘,603042,2025-10-17 22:52:45
10:00:42,15.98,0.0,4,6392,卖盘,603042,2025-10-17 22:52:45
10:00:45,15.98,0.0,5,7990,卖盘,603042,2025-10-17 22:52:45
10:00:51,15.98,0.0,54,86292,卖盘,603042,2025-10-17 22:52:45
10:00:54,15.98,0.0,48,76704,卖盘,603042,2025-10-17 22:52:45
10:00:57,15.98,0.0,25,39950,卖盘,603042,2025-10-17 22:52:45
10:01:03,15.98,0.0,45,71910,卖盘,603042,2025-10-17 22:52:45
10:01:06,15.98,0.0,26,41548,卖盘,603042,2025-10-17 22:52:45
10:01:09,15.98,0.0,22,35156,卖盘,603042,2025-10-17 22:52:45
10:01:12,15.98,0.0,160,255680,卖盘,603042,2025-10-17 22:52:45
10:01:15,15.98,0.0,6,9588,卖盘,603042,2025-10-17 22:52:45
10:01:18,15.98,0.0,3,4794,卖盘,603042,2025-10-17 22:52:45
10:01:21,15.98,0.0,1,1598,卖盘,603042,2025-10-17 22:52:45
10:01:30,15.98,0.0,36,57528,卖盘,603042,2025-10-17 22:52:45
10:01:33,15.98,0.0,51,81498,卖盘,603042,2025-10-17 22:52:45
10:01:36,15.98,0.0,23,36754,卖盘,603042,2025-10-17 22:52:45
10:01:39,15.98,0.0,10,15980,卖盘,603042,2025-10-17 22:52:45
10:01:42,15.98,0.0,71,113458,卖盘,603042,2025-10-17 22:52:45
10:01:48,15.98,0.0,51,81498,卖盘,603042,2025-10-17 22:52:45
10:01:54,15.98,0.0,13,20774,卖盘,603042,2025-10-17 22:52:45
10:01:57,15.98,0.0,10,15980,卖盘,603042,2025-10-17 22:52:45
10:02:00,15.98,0.0,52,83096,卖盘,603042,2025-10-17 22:52:45
10:02:03,15.98,0.0,200,319600,卖盘,603042,2025-10-17 22:52:45
10:02:06,15.98,0.0,3,4794,卖盘,603042,2025-10-17 22:52:45
10:02:09,15.98,0.0,286,457028,卖盘,603042,2025-10-17 22:52:45
10:02:12,15.98,0.0,50,79900,卖盘,603042,2025-10-17 22:52:45
10:02:21,15.98,0.0,30,47940,卖盘,603042,2025-10-17 22:52:45
10:02:24,15.98,0.0,12,19176,卖盘,603042,2025-10-17 22:52:45
10:02:27,15.98,0.0,96,153408,卖盘,603042,2025-10-17 22:52:45
10:02:33,15.98,0.0,1,1598,卖盘,603042,2025-10-17 22:52:45
10:02:36,15.98,0.0,5,7990,卖盘,603042,2025-10-17 22:52:45
10:02:45,15.98,0.0,35,55930,卖盘,603042,2025-10-17 22:52:45
10:02:51,15.98,0.0,25,39950,卖盘,603042,2025-10-17 22:52:45
10:02:54,15.98,0.0,16,25568,卖盘,603042,2025-10-17 22:52:45
10:02:57,15.98,0.0,260,415480,卖盘,603042,2025-10-17 22:52:45
10:03:00,15.98,0.0,4,6392,卖盘,603042,2025-10-17 22:52:45
10:03:03,15.98,0.0,24,38352,卖盘,603042,2025-10-17 22:52:45
10:03:06,15.98,0.0,25,39950,卖盘,603042,2025-10-17 22:52:45
10:03:09,15.98,0.0,2,3196,卖盘,603042,2025-10-17 22:52:45
10:03:12,15.98,0.0,16,25568,卖盘,603042,2025-10-17 22:52:45
10:03:15,15.98,0.0,8,12784,卖盘,603042,2025-10-17 22:52:45
10:03:21,15.98,0.0,20,31960,卖盘,603042,2025-10-17 22:52:45
10:03:27,15.98,0.0,22,35156,卖盘,603042,2025-10-17 22:52:45
10:03:33,15.98,0.0,167,266866,卖盘,603042,2025-10-17 22:52:45
10:03:36,15.98,0.0,2,3196,卖盘,603042,2025-10-17 22:52:45
10:03:42,15.98,0.0,34,54332,卖盘,603042,2025-10-17 22:52:45
10:03:51,15.98,0.0,5,7990,卖盘,603042,2025-10-17 22:52:45
10:03:54,15.98,0.0,1,1598,卖盘,603042,2025-10-17 22:52:45
10:03:57,15.98,0.0,55,87890,卖盘,603042,2025-10-17 22:52:45
10:04:00,15.98,0.0,10,15980,卖盘,603042,2025-10-17 22:52:45
10:04:03,15.98,0.0,14,22372,卖盘,603042,2025-10-17 22:52:45
10:04:09,15.98,0.0,18,28764,卖盘,603042,2025-10-17 22:52:45
10:04:12,15.98,0.0,5,7990,卖盘,603042,2025-10-17 22:52:45
10:04:15,15.98,0.0,3,4794,卖盘,603042,2025-10-17 22:52:45
10:04:21,15.98,0.0,325,519350,卖盘,603042,2025-10-17 22:52:45
10:04:24,15.98,0.0,3,4794,卖盘,603042,2025-10-17 22:52:45
10:04:33,15.98,0.0,18,28764,卖盘,603042,2025-10-17 22:52:45
10:04:36,15.98,0.0,3,4794,卖盘,603042,2025-10-17 22:52:45
10:04:39,15.98,0.0,35,55930,卖盘,603042,2025-10-17 22:52:45
10:04:42,15.98,0.0,29,46342,卖盘,603042,2025-10-17 22:52:45
10:04:48,15.98,0.0,83,132634,卖盘,603042,2025-10-17 22:52:45
10:04:51,15.98,0.0,6,9588,卖盘,603042,2025-10-17 22:52:45
10:05:03,15.98,0.0,13,20774,卖盘,603042,2025-10-17 22:52:45
10:05:06,15.98,0.0,11,17578,卖盘,603042,2025-10-17 22:52:45
10:05:09,15.98,0.0,15,23970,卖盘,603042,2025-10-17 22:52:45
10:05:15,15.98,0.0,25,39950,卖盘,603042,2025-10-17 22:52:45
10:05:18,15.98,0.0,20,31960,卖盘,603042,2025-10-17 22:52:45
10:05:21,15.98,0.0,48,76704,卖盘,603042,2025-10-17 22:52:45
10:05:24,15.98,0.0,6,9588,卖盘,603042,2025-10-17 22:52:45
10:05:33,15.98,0.0,222,354756,卖盘,603042,2025-10-17 22:52:45
10:05:39,15.98,0.0,6,9588,卖盘,603042,2025-10-17 22:52:45
10:05:42,15.98,0.0,1,1598,卖盘,603042,2025-10-17 22:52:45
10:05:45,15.98,0.0,54,86292,卖盘,603042,2025-10-17 22:52:45
10:05:57,15.98,0.0,17,27166,卖盘,603042,2025-10-17 22:52:45
10:06:03,15.98,0.0,68,108664,卖盘,603042,2025-10-17 22:52:45
10:06:06,15.98,0.0,33,52734,卖盘,603042,2025-10-17 22:52:45
10:06:09,15.98,0.0,15,23970,卖盘,603042,2025-10-17 22:52:45
10:06:12,15.98,0.0,44,70312,卖盘,603042,2025-10-17 22:52:45
10:06:15,15.98,0.0,6,9588,卖盘,603042,2025-10-17 22:52:45
10:06:18,15.98,0.0,5,7990,卖盘,603042,2025-10-17 22:52:45
10:06:24,15.98,0.0,124,198152,卖盘,603042,2025-10-17 22:52:45
10:06:45,15.98,0.0,11,17578,卖盘,603042,2025-10-17 22:52:45
10:06:48,15.98,0.0,7,11186,卖盘,603042,2025-10-17 22:52:45
10:07:03,15.98,0.0,20,31960,卖盘,603042,2025-10-17 22:52:45
10:07:06,15.98,0.0,1,1598,卖盘,603042,2025-10-17 22:52:45
10:07:12,15.98,0.0,5,7990,卖盘,603042,2025-10-17 22:52:45
10:07:15,15.98,0.0,4,6392,卖盘,603042,2025-10-17 22:52:45
10:07:21,15.98,0.0,104,166192,卖盘,603042,2025-10-17 22:52:45
10:07:24,15.98,0.0,16,25568,卖盘,603042,2025-10-17 22:52:45
10:07:30,15.98,0.0,15,23970,卖盘,603042,2025-10-17 22:52:45
10:07:33,15.98,0.0,4,6392,卖盘,603042,2025-10-17 22:52:45
10:07:36,15.98,0.0,6,9588,卖盘,603042,2025-10-17 22:52:45
10:07:39,15.98,0.0,6,9588,卖盘,603042,2025-10-17 22:52:45
10:07:42,15.98,0.0,10,15964,卖盘,603042,2025-10-17 22:52:45
10:07:51,15.98,0.0,5,7990,卖盘,603042,2025-10-17 22:52:45
10:08:00,15.98,0.0,20,31960,卖盘,603042,2025-10-17 22:52:45
10:08:06,15.98,0.0,1,1598,卖盘,603042,2025-10-17 22:52:45
10:08:09,15.98,0.0,23,36754,卖盘,603042,2025-10-17 22:52:45
10:08:12,15.98,0.0,30,47940,卖盘,603042,2025-10-17 22:52:45
10:08:18,15.98,0.0,28,44744,卖盘,603042,2025-10-17 22:52:45
10:08:24,15.98,0.0,3,4794,卖盘,603042,2025-10-17 22:52:45
10:08:30,15.98,0.0,10,15980,卖盘,603042,2025-10-17 22:52:45
10:08:33,15.98,0.0,162,258876,卖盘,603042,2025-10-17 22:52:45
10:08:36,15.98,0.0,25,39950,卖盘,603042,2025-10-17 22:52:45
10:08:42,15.98,0.0,150,239700,卖盘,603042,2025-10-17 22:52:45
10:08:45,15.98,0.0,62,99076,卖盘,603042,2025-10-17 22:52:45
10:08:48,15.98,0.0,45,71910,卖盘,603042,2025-10-17 22:52:45
10:08:51,15.98,0.0,70,111860,卖盘,603042,2025-10-17 22:52:45
10:08:54,15.98,0.0,10,15980,卖盘,603042,2025-10-17 22:52:45
10:08:57,15.98,0.0,15,23970,卖盘,603042,2025-10-17 22:52:45
10:09:03,15.98,0.0,40,63920,卖盘,603042,2025-10-17 22:52:45
10:09:06,15.98,0.0,9,14382,卖盘,603042,2025-10-17 22:52:45
10:09:09,15.98,0.0,5,7990,卖盘,603042,2025-10-17 22:52:45
10:09:15,15.98,0.0,46,73508,卖盘,603042,2025-10-17 22:52:45
10:09:18,15.98,0.0,55,87890,卖盘,603042,2025-10-17 22:52:45
10:09:21,15.98,0.0,51,81498,卖盘,603042,2025-10-17 22:52:45
10:09:24,15.98,0.0,20,31960,卖盘,603042,2025-10-17 22:52:45
10:09:27,15.98,0.0,1,1598,卖盘,603042,2025-10-17 22:52:45
10:09:30,15.98,0.0,1,1598,卖盘,603042,2025-10-17 22:52:45
10:09:33,15.98,0.0,60,95880,卖盘,603042,2025-10-17 22:52:45
10:09:36,15.98,0.0,5,7990,卖盘,603042,2025-10-17 22:52:45
10:09:39,15.98,0.0,5,7990,卖盘,603042,2025-10-17 22:52:45
10:09:42,15.98,0.0,10,15980,卖盘,603042,2025-10-17 22:52:45
10:09:45,15.98,0.0,11,17578,卖盘,603042,2025-10-17 22:52:45
10:09:48,15.98,0.0,10,15980,卖盘,603042,2025-10-17 22:52:45
10:09:57,15.98,0.0,14,22372,卖盘,603042,2025-10-17 22:52:45
10:10:03,15.98,0.0,20,31960,卖盘,603042,2025-10-17 22:52:45
10:10:06,15.98,0.0,14,22372,卖盘,603042,2025-10-17 22:52:45
10:10:12,15.98,0.0,1,1598,卖盘,603042,2025-10-17 22:52:45
10:10:15,15.98,0.0,5,7990,卖盘,603042,2025-10-17 22:52:45
10:10:18,15.98,0.0,15,23970,卖盘,603042,2025-10-17 22:52:45
10:10:21,15.98,0.0,10,15980,卖盘,603042,2025-10-17 22:52:45
10:10:24,15.98,0.0,2,3196,卖盘,603042,2025-10-17 22:52:45
10:10:27,15.98,0.0,44,70312,卖盘,603042,2025-10-17 22:52:45
10:10:33,15.98,0.0,2,3196,卖盘,603042,2025-10-17 22:52:45
10:10:36,15.98,0.0,7,11186,卖盘,603042,2025-10-17 22:52:45
10:10:42,15.98,0.0,15,23970,卖盘,603042,2025-10-17 22:52:45
10:10:48,15.98,0.0,9,14382,卖盘,603042,2025-10-17 22:52:45
10:10:54,15.98,0.0,7,11186,卖盘,603042,2025-10-17 22:52:45
10:10:57,15.98,0.0,1,1598,卖盘,603042,2025-10-17 22:52:45
10:11:00,15.98,0.0,37,59126,卖盘,603042,2025-10-17 22:52:45
10:11:09,15.98,0.0,68,108664,卖盘,603042,2025-10-17 22:52:45
10:11:18,15.98,0.0,5,7990,卖盘,603042,2025-10-17 22:52:45
10:11:21,15.98,0.0,20,31960,卖盘,603042,2025-10-17 22:52:45
10:11:24,15.98,0.0,5,7990,卖盘,603042,2025-10-17 22:52:45
10:11:27,15.98,0.0,8,12784,卖盘,603042,2025-10-17 22:52:45
10:11:30,15.98,0.0,30,47940,卖盘,603042,2025-10-17 22:52:45
10:11:36,15.98,0.0,5,7990,卖盘,603042,2025-10-17 22:52:45
10:11:45,15.98,0.0,49,78302,卖盘,603042,2025-10-17 22:52:45
10:11:57,15.98,0.0,5,7990,卖盘,603042,2025-10-17 22:52:45
10:12:00,15.98,0.0,10,15980,卖盘,603042,2025-10-17 22:52:45
10:12:03,15.98,0.0,6,9588,卖盘,603042,2025-10-17 22:52:45
10:12:12,15.98,0.0,374,597652,卖盘,603042,2025-10-17 22:52:45
10:12:18,15.98,0.0,11,17578,卖盘,603042,2025-10-17 22:52:45
10:12:21,15.98,0.0,3,4794,卖盘,603042,2025-10-17 22:52:45
10:12:24,15.98,0.0,1,1598,卖盘,603042,2025-10-17 22:52:45
10:12:27,15.98,0.0,6,9588,卖盘,603042,2025-10-17 22:52:45
10:12:36,15.98,0.0,18,28764,卖盘,603042,2025-10-17 22:52:45
10:12:39,15.98,0.0,2,3196,卖盘,603042,2025-10-17 22:52:45
10:12:42,15.98,0.0,2,3196,卖盘,603042,2025-10-17 22:52:45
10:12:48,15.98,0.0,7,11186,卖盘,603042,2025-10-17 22:52:45
10:12:51,15.98,0.0,3,4794,卖盘,603042,2025-10-17 22:52:45
10:12:57,15.98,0.0,2,3196,卖盘,603042,2025-10-17 22:52:45
10:13:03,15.98,0.0,1,1598,卖盘,603042,2025-10-17 22:52:45
10:13:06,15.98,0.0,10,15980,卖盘,603042,2025-10-17 22:52:45
10:13:12,15.98,0.0,12,19176,卖盘,603042,2025-10-17 22:52:45
10:13:15,15.98,0.0,34,54332,卖盘,603042,2025-10-17 22:52:45
10:13:18,15.98,0.0,22,35156,卖盘,603042,2025-10-17 22:52:45
10:13:21,15.98,0.0,100,159800,卖盘,603042,2025-10-17 22:52:45
10:13:24,15.98,0.0,8,12784,卖盘,603042,2025-10-17 22:52:45
10:13:27,15.98,0.0,2,3196,卖盘,603042,2025-10-17 22:52:45
10:13:30,15.98,0.0,10,15980,卖盘,603042,2025-10-17 22:52:45
10:13:36,15.98,0.0,20,31960,卖盘,603042,2025-10-17 22:52:45
10:13:45,15.98,0.0,10,15980,卖盘,603042,2025-10-17 22:52:45
10:13:51,15.98,0.0,16,25568,卖盘,603042,2025-10-17 22:52:45
10:13:54,15.98,0.0,116,185368,卖盘,603042,2025-10-17 22:52:45
10:14:03,15.98,0.0,20,31960,卖盘,603042,2025-10-17 22:52:45
10:14:06,15.98,0.0,14,22372,卖盘,603042,2025-10-17 22:52:45
10:14:18,15.98,0.0,100,159800,卖盘,603042,2025-10-17 22:52:45
10:14:27,15.98,0.0,13,20774,卖盘,603042,2025-10-17 22:52:45
10:14:42,15.98,0.0,24,38352,卖盘,603042,2025-10-17 22:52:45
10:14:54,15.98,0.0,13,20774,卖盘,603042,2025-10-17 22:52:45
10:14:57,15.98,0.0,68,108664,卖盘,603042,2025-10-17 22:52:45
10:15:06,15.98,0.0,3,4794,卖盘,603042,2025-10-17 22:52:45
10:15:57,15.98,0.0,9,14382,卖盘,603042,2025-10-17 22:52:45
10:16:00,15.98,0.0,6,9588,卖盘,603042,2025-10-17 22:52:45
10:16:03,15.98,0.0,11,17578,卖盘,603042,2025-10-17 22:52:45
10:16:06,15.98,0.0,10,15980,卖盘,603042,2025-10-17 22:52:45
10:16:09,15.98,0.0,10,15980,卖盘,603042,2025-10-17 22:52:45
10:16:12,15.98,0.0,7,11186,卖盘,603042,2025-10-17 22:52:45
10:16:18,15.98,0.0,3,4794,卖盘,603042,2025-10-17 22:52:45
10:16:24,15.98,0.0,10,15980,卖盘,603042,2025-10-17 22:52:45
10:16:27,15.98,0.0,10,15980,卖盘,603042,2025-10-17 22:52:45
10:16:33,15.98,0.0,100,159800,卖盘,603042,2025-10-17 22:52:45
10:16:36,15.98,0.0,1,1598,卖盘,603042,2025-10-17 22:52:45
10:16:39,15.98,0.0,5,7990,卖盘,603042,2025-10-17 22:52:45
10:16:42,15.98,0.0,3,4794,卖盘,603042,2025-10-17 22:52:45
10:16:45,15.98,0.0,43,68714,卖盘,603042,2025-10-17 22:52:45
10:17:06,15.98,0.0,2,3196,卖盘,603042,2025-10-17 22:52:45
10:17:12,15.98,0.0,17,27166,卖盘,603042,2025-10-17 22:52:45
10:17:30,15.98,0.0,6,9588,卖盘,603042,2025-10-17 22:52:45
10:17:42,15.98,0.0,1,1598,卖盘,603042,2025-10-17 22:52:45
10:17:51,15.98,0.0,53,84694,卖盘,603042,2025-10-17 22:52:45
10:17:54,15.98,0.0,11,17578,卖盘,603042,2025-10-17 22:52:45
10:17:57,15.98,0.0,41,65518,卖盘,603042,2025-10-17 22:52:45
10:18:00,15.98,0.0,10,15980,卖盘,603042,2025-10-17 22:52:45
10:18:06,15.98,0.0,18,28764,卖盘,603042,2025-10-17 22:52:45
10:18:12,15.98,0.0,1,1598,卖盘,603042,2025-10-17 22:52:45
10:18:15,15.98,0.0,13,20774,卖盘,603042,2025-10-17 22:52:45
10:18:18,15.98,0.0,20,31960,卖盘,603042,2025-10-17 22:52:45
10:18:30,15.98,0.0,32,51136,卖盘,603042,2025-10-17 22:52:45
10:18:39,15.98,0.0,21,33558,卖盘,603042,2025-10-17 22:52:45
10:18:48,15.98,0.0,27,43146,卖盘,603042,2025-10-17 22:52:45
10:18:57,15.98,0.0,3,4794,卖盘,603042,2025-10-17 22:52:45
10:19:00,15.98,0.0,7,11186,卖盘,603042,2025-10-17 22:52:45
10:19:09,15.98,0.0,3,4794,卖盘,603042,2025-10-17 22:52:45
10:19:15,15.98,0.0,20,31960,卖盘,603042,2025-10-17 22:52:45
10:19:18,15.98,0.0,1,1598,卖盘,603042,2025-10-17 22:52:45
10:19:21,15.98,0.0,10,15980,卖盘,603042,2025-10-17 22:52:45
10:19:33,15.98,0.0,7,11186,卖盘,603042,2025-10-17 22:52:45
10:19:39,15.98,0.0,3,4794,卖盘,603042,2025-10-17 22:52:45
10:19:45,15.98,0.0,10,15980,卖盘,603042,2025-10-17 22:52:45
10:19:51,15.98,0.0,11,17578,卖盘,603042,2025-10-17 22:52:45
10:20:06,15.98,0.0,5,7990,卖盘,603042,2025-10-17 22:52:45
10:20:09,15.98,0.0,3,4794,卖盘,603042,2025-10-17 22:52:45
10:20:12,15.98,0.0,3,4794,卖盘,603042,2025-10-17 22:52:45
10:20:15,15.98,0.0,12,19176,卖盘,603042,2025-10-17 22:52:45
10:20:21,15.98,0.0,10,15980,卖盘,603042,2025-10-17 22:52:45
10:20:24,15.98,0.0,1,1598,卖盘,603042,2025-10-17 22:52:45
10:20:27,15.98,0.0,1,1598,卖盘,603042,2025-10-17 22:52:45
10:20:30,15.98,0.0,14,22372,卖盘,603042,2025-10-17 22:52:45
10:20:42,15.98,0.0,6,9588,卖盘,603042,2025-10-17 22:52:45
10:21:00,15.98,0.0,9,14382,卖盘,603042,2025-10-17 22:52:45
10:21:03,15.98,0.0,5,7990,卖盘,603042,2025-10-17 22:52:45
10:21:15,15.98,0.0,10,15980,卖盘,603042,2025-10-17 22:52:45
10:21:24,15.98,0.0,5,7990,卖盘,603042,2025-10-17 22:52:45
10:21:39,15.98,0.0,26,41548,卖盘,603042,2025-10-17 22:52:45
10:21:51,15.98,0.0,10,15980,卖盘,603042,2025-10-17 22:52:45
10:21:54,15.98,0.0,3,4794,卖盘,603042,2025-10-17 22:52:45
10:22:00,15.98,0.0,3,4794,卖盘,603042,2025-10-17 22:52:45
10:22:06,15.98,0.0,15,23970,卖盘,603042,2025-10-17 22:52:45
10:22:18,15.98,0.0,15,23970,卖盘,603042,2025-10-17 22:52:45
10:22:27,15.98,0.0,15,23970,卖盘,603042,2025-10-17 22:52:45
10:22:33,15.98,0.0,14,22372,卖盘,603042,2025-10-17 22:52:45
10:22:45,15.98,0.0,5,7990,卖盘,603042,2025-10-17 22:52:45
10:22:48,15.98,0.0,17,27166,卖盘,603042,2025-10-17 22:52:45
10:22:51,15.98,0.0,1,1598,卖盘,603042,2025-10-17 22:52:45
10:22:57,15.98,0.0,14,22372,卖盘,603042,2025-10-17 22:52:45
10:23:00,15.98,0.0,25,39950,卖盘,603042,2025-10-17 22:52:45
10:23:03,15.98,0.0,14,22372,卖盘,603042,2025-10-17 22:52:45
10:23:15,15.98,0.0,5,7990,卖盘,603042,2025-10-17 22:52:45
10:23:24,15.98,0.0,2,3196,卖盘,603042,2025-10-17 22:52:45
10:23:30,15.98,0.0,11,17578,卖盘,603042,2025-10-17 22:52:45
10:23:36,15.98,0.0,42,67116,卖盘,603042,2025-10-17 22:52:45
10:23:45,15.98,0.0,6,9588,卖盘,603042,2025-10-17 22:52:45
10:23:48,15.98,0.0,37,59126,卖盘,603042,2025-10-17 22:52:45
10:24:06,15.98,0.0,3,4794,卖盘,603042,2025-10-17 22:52:45
10:24:09,15.98,0.0,1,1598,卖盘,603042,2025-10-17 22:52:45
10:24:21,15.98,0.0,9,14382,卖盘,603042,2025-10-17 22:52:45
10:24:36,15.98,0.0,9,14382,卖盘,603042,2025-10-17 22:52:45
10:24:42,15.98,0.0,4,6392,卖盘,603042,2025-10-17 22:52:45
10:25:03,15.98,0.0,4,6392,卖盘,603042,2025-10-17 22:52:45
10:25:06,15.98,0.0,1,1598,卖盘,603042,2025-10-17 22:52:45
10:25:27,15.98,0.0,30,47940,卖盘,603042,2025-10-17 22:52:45
10:25:30,15.98,0.0,9,14382,卖盘,603042,2025-10-17 22:52:45
10:25:36,15.98,0.0,4,6392,卖盘,603042,2025-10-17 22:52:45
10:25:51,15.98,0.0,16,25568,卖盘,603042,2025-10-17 22:52:45
10:26:03,15.98,0.0,3,4794,卖盘,603042,2025-10-17 22:52:45
10:26:30,15.98,0.0,2,3196,卖盘,603042,2025-10-17 22:52:45
10:26:36,15.98,0.0,11,17578,卖盘,603042,2025-10-17 22:52:45
10:26:45,15.98,0.0,20,31960,卖盘,603042,2025-10-17 22:52:45
10:27:21,15.98,0.0,5,7990,卖盘,603042,2025-10-17 22:52:45
10:27:24,15.98,0.0,6,9588,卖盘,603042,2025-10-17 22:52:45
10:27:27,15.98,0.0,3,4794,卖盘,603042,2025-10-17 22:52:45
10:27:45,15.98,0.0,10,15980,卖盘,603042,2025-10-17 22:52:45
10:28:18,15.98,0.0,20,31960,卖盘,603042,2025-10-17 22:52:45
10:28:21,15.98,0.0,5,7990,卖盘,603042,2025-10-17 22:52:45
10:28:27,15.98,0.0,1,1598,卖盘,603042,2025-10-17 22:52:45
10:28:54,15.98,0.0,27,43146,卖盘,603042,2025-10-17 22:52:45
10:29:00,15.98,0.0,10,15980,卖盘,603042,2025-10-17 22:52:45
10:29:06,15.98,0.0,24,38352,卖盘,603042,2025-10-17 22:52:45
10:29:21,15.98,0.0,2,3196,卖盘,603042,2025-10-17 22:52:45
10:29:24,15.98,0.0,5,7990,卖盘,603042,2025-10-17 22:52:45
10:29:27,15.98,0.0,49,78302,卖盘,603042,2025-10-17 22:52:45
10:29:36,15.98,0.0,11,17578,卖盘,603042,2025-10-17 22:52:45
10:30:03,15.98,0.0,3,4794,卖盘,603042,2025-10-17 22:52:45
10:30:12,15.98,0.0,53,84694,卖盘,603042,2025-10-17 22:52:45
10:30:51,15.98,0.0,77,123046,卖盘,603042,2025-10-17 22:52:45
10:30:57,15.98,0.0,3,4794,卖盘,603042,2025-10-17 22:52:45
10:31:09,15.98,0.0,20,31960,卖盘,603042,2025-10-17 22:52:45
10:31:15,15.98,0.0,3,4794,卖盘,603042,2025-10-17 22:52:45
10:31:30,15.98,0.0,10,15980,卖盘,603042,2025-10-17 22:52:45
10:31:39,15.98,0.0,3,4794,卖盘,603042,2025-10-17 22:52:45
10:31:42,15.98,0.0,12,19176,卖盘,603042,2025-10-17 22:52:45
10:31:57,15.98,0.0,30,47940,卖盘,603042,2025-10-17 22:52:45
10:32:06,15.98,0.0,8,12784,卖盘,603042,2025-10-17 22:52:45
10:32:24,15.98,0.0,2,3196,卖盘,603042,2025-10-17 22:52:45
10:32:27,15.98,0.0,10,15980,卖盘,603042,2025-10-17 22:52:45
10:32:30,15.98,0.0,7,11186,卖盘,603042,2025-10-17 22:52:45
10:32:33,15.98,0.0,34,54332,卖盘,603042,2025-10-17 22:52:45
10:32:36,15.98,0.0,44,70312,卖盘,603042,2025-10-17 22:52:45
10:32:39,15.98,0.0,45,71910,卖盘,603042,2025-10-17 22:52:45
10:32:54,15.98,0.0,30,47940,卖盘,603042,2025-10-17 22:52:45
10:33:36,15.98,0.0,2,3196,卖盘,603042,2025-10-17 22:52:45
10:33:42,15.98,0.0,1,1598,卖盘,603042,2025-10-17 22:52:45
10:33:48,15.98,0.0,6,9588,卖盘,603042,2025-10-17 22:52:45
10:33:57,15.98,0.0,21,33558,卖盘,603042,2025-10-17 22:52:45
10:34:03,15.98,0.0,2,3196,卖盘,603042,2025-10-17 22:52:45
10:34:09,15.98,0.0,4,6392,卖盘,603042,2025-10-17 22:52:45
10:34:30,15.98,0.0,33,52734,卖盘,603042,2025-10-17 22:52:45
10:34:42,15.98,0.0,10,15980,卖盘,603042,2025-10-17 22:52:45
10:35:09,15.98,0.0,5,7990,卖盘,603042,2025-10-17 22:52:45
10:35:33,15.98,0.0,40,63920,卖盘,603042,2025-10-17 22:52:45
10:35:42,15.98,0.0,1,1598,卖盘,603042,2025-10-17 22:52:45
10:36:09,15.98,0.0,24,38352,卖盘,603042,2025-10-17 22:52:45
10:36:42,15.98,0.0,10,15980,卖盘,603042,2025-10-17 22:52:45
10:37:30,15.98,0.0,185,295630,卖盘,603042,2025-10-17 22:52:45
10:37:33,15.98,0.0,5,7990,卖盘,603042,2025-10-17 22:52:45
10:37:42,15.98,0.0,5,7990,卖盘,603042,2025-10-17 22:52:45
10:38:09,15.98,0.0,1,1598,卖盘,603042,2025-10-17 22:52:45
10:38:21,15.98,0.0,40,63920,卖盘,603042,2025-10-17 22:52:45
10:38:24,15.98,0.0,41,65518,卖盘,603042,2025-10-17 22:52:45
10:38:33,15.98,0.0,1,1598,卖盘,603042,2025-10-17 22:52:45
10:38:36,15.98,0.0,31,49538,卖盘,603042,2025-10-17 22:52:45
10:38:48,15.98,0.0,2,3196,卖盘,603042,2025-10-17 22:52:45
10:39:09,15.98,0.0,9,14382,卖盘,603042,2025-10-17 22:52:45
10:39:15,15.98,0.0,25,39950,卖盘,603042,2025-10-17 22:52:45
10:39:27,15.98,0.0,1,1598,卖盘,603042,2025-10-17 22:52:45
10:39:33,15.98,0.0,2,3196,卖盘,603042,2025-10-17 22:52:45
10:39:48,15.98,0.0,2,3196,卖盘,603042,2025-10-17 22:52:45
10:40:15,15.98,0.0,6,9588,卖盘,603042,2025-10-17 22:52:45
10:40:21,15.98,0.0,5,7990,卖盘,603042,2025-10-17 22:52:45
10:40:48,15.98,0.0,20,31960,卖盘,603042,2025-10-17 22:52:45
10:40:57,15.98,0.0,10,15980,卖盘,603042,2025-10-17 22:52:45
10:41:00,15.98,0.0,10,15980,卖盘,603042,2025-10-17 22:52:45
10:41:24,15.98,0.0,1,1598,卖盘,603042,2025-10-17 22:52:45
10:41:36,15.98,0.0,6,9588,卖盘,603042,2025-10-17 22:52:45
10:41:51,15.98,0.0,2,3196,卖盘,603042,2025-10-17 22:52:45
10:41:57,15.98,0.0,16,25568,卖盘,603042,2025-10-17 22:52:45
10:42:00,15.98,0.0,2,3196,卖盘,603042,2025-10-17 22:52:45
10:42:21,15.98,0.0,9,14382,卖盘,603042,2025-10-17 22:52:45
10:42:39,15.98,0.0,3,4794,卖盘,603042,2025-10-17 22:52:45
10:42:51,15.98,0.0,16,25568,卖盘,603042,2025-10-17 22:52:45
10:43:06,15.98,0.0,10,15980,卖盘,603042,2025-10-17 22:52:45
10:43:18,15.98,0.0,10,15980,卖盘,603042,2025-10-17 22:52:45
10:43:30,15.98,0.0,1,1598,卖盘,603042,2025-10-17 22:52:45
10:43:48,15.98,0.0,96,153408,卖盘,603042,2025-10-17 22:52:45
10:44:00,15.98,0.0,48,76704,卖盘,603042,2025-10-17 22:52:45
10:44:06,15.98,0.0,6,9588,卖盘,603042,2025-10-17 22:52:45
10:44:24,15.98,0.0,30,47940,卖盘,603042,2025-10-17 22:52:45
10:45:12,15.98,0.0,3,4794,卖盘,603042,2025-10-17 22:52:45
10:45:15,15.98,0.0,20,31960,卖盘,603042,2025-10-17 22:52:45
10:45:24,15.98,0.0,1,1598,卖盘,603042,2025-10-17 22:52:45
10:45:30,15.98,0.0,39,62322,卖盘,603042,2025-10-17 22:52:45
10:45:42,15.98,0.0,200,319600,卖盘,603042,2025-10-17 22:52:45
10:45:51,15.98,0.0,15,23970,卖盘,603042,2025-10-17 22:52:45
10:46:06,15.98,0.0,4,6392,卖盘,603042,2025-10-17 22:52:45
10:46:24,15.98,0.0,9,14382,卖盘,603042,2025-10-17 22:52:45
10:46:36,15.98,0.0,1,1598,卖盘,603042,2025-10-17 22:52:45
10:46:45,15.98,0.0,7,11186,卖盘,603042,2025-10-17 22:52:45
10:47:00,15.98,0.0,1,1598,卖盘,603042,2025-10-17 22:52:45
10:47:03,15.98,0.0,21,33558,卖盘,603042,2025-10-17 22:52:45
10:47:39,15.98,0.0,5,7990,卖盘,603042,2025-10-17 22:52:45
10:47:54,15.98,0.0,38,60724,卖盘,603042,2025-10-17 22:52:45
10:48:06,15.98,0.0,31,49538,卖盘,603042,2025-10-17 22:52:45
10:48:12,15.98,0.0,2,3196,卖盘,603042,2025-10-17 22:52:45
10:48:18,15.98,0.0,7,11186,卖盘,603042,2025-10-17 22:52:45
10:48:21,15.98,0.0,30,47940,卖盘,603042,2025-10-17 22:52:45
10:48:42,15.98,0.0,1,1598,卖盘,603042,2025-10-17 22:52:45
10:48:54,15.98,0.0,5,7990,卖盘,603042,2025-10-17 22:52:45
10:49:00,15.98,0.0,5,7990,卖盘,603042,2025-10-17 22:52:45
10:49:09,15.98,0.0,2,3196,卖盘,603042,2025-10-17 22:52:45
10:49:24,15.98,0.0,146,233308,卖盘,603042,2025-10-17 22:52:45
10:49:36,15.98,0.0,4,6392,卖盘,603042,2025-10-17 22:52:45
10:50:12,15.98,0.0,4,6392,卖盘,603042,2025-10-17 22:52:45
10:50:18,15.98,0.0,2,3196,卖盘,603042,2025-10-17 22:52:45
10:50:30,15.98,0.0,20,31960,卖盘,603042,2025-10-17 22:52:45
10:50:39,15.98,0.0,2,3196,卖盘,603042,2025-10-17 22:52:45
10:50:42,15.98,0.0,1,1598,卖盘,603042,2025-10-17 22:52:45
10:51:30,15.98,0.0,2,3196,卖盘,603042,2025-10-17 22:52:45
10:51:42,15.98,0.0,3,4794,卖盘,603042,2025-10-17 22:52:45
10:51:45,15.98,0.0,15,23970,卖盘,603042,2025-10-17 22:52:45
10:52:00,15.98,0.0,9,14382,卖盘,603042,2025-10-17 22:52:45
10:52:03,15.98,0.0,100,159800,卖盘,603042,2025-10-17 22:52:45
10:52:09,15.98,0.0,1,1598,卖盘,603042,2025-10-17 22:52:45
10:52:21,15.98,0.0,4,6392,卖盘,603042,2025-10-17 22:52:45
10:53:57,15.98,0.0,5,7990,卖盘,603042,2025-10-17 22:52:45
10:54:15,15.98,0.0,31,49538,卖盘,603042,2025-10-17 22:52:45
10:54:18,15.98,0.0,10,15980,卖盘,603042,2025-10-17 22:52:45
10:54:48,15.98,0.0,3,4794,卖盘,603042,2025-10-17 22:52:45
10:54:54,15.98,0.0,10,15980,卖盘,603042,2025-10-17 22:52:45
10:55:09,15.98,0.0,2,3196,卖盘,603042,2025-10-17 22:52:45
10:55:18,15.98,0.0,11,17578,卖盘,603042,2025-10-17 22:52:45
10:55:39,15.98,0.0,22,35156,卖盘,603042,2025-10-17 22:52:45
10:55:45,15.98,0.0,3,4794,卖盘,603042,2025-10-17 22:52:45
10:56:06,15.98,0.0,1,1598,卖盘,603042,2025-10-17 22:52:45
10:56:12,15.98,0.0,1,1598,卖盘,603042,2025-10-17 22:52:45
10:56:15,15.98,0.0,5,7990,卖盘,603042,2025-10-17 22:52:45
10:58:03,15.98,0.0,5,7990,卖盘,603042,2025-10-17 22:52:45
10:58:27,15.98,0.0,17,27166,卖盘,603042,2025-10-17 22:52:45
10:58:33,15.98,0.0,29,46342,卖盘,603042,2025-10-17 22:52:45
10:58:42,15.98,0.0,2,3196,卖盘,603042,2025-10-17 22:52:45
10:58:57,15.98,0.0,1,1598,卖盘,603042,2025-10-17 22:52:45
10:59:00,15.98,0.0,4,6392,卖盘,603042,2025-10-17 22:52:45
10:59:12,15.98,0.0,2,3196,卖盘,603042,2025-10-17 22:52:45
10:59:15,15.98,0.0,5,7990,卖盘,603042,2025-10-17 22:52:45
10:59:18,15.98,0.0,30,47940,卖盘,603042,2025-10-17 22:52:45
10:59:27,15.98,0.0,1,1598,卖盘,603042,2025-10-17 22:52:45
10:59:39,15.98,0.0,1,1598,卖盘,603042,2025-10-17 22:52:45
10:59:51,15.98,0.0,70,111860,卖盘,603042,2025-10-17 22:52:45
11:00:03,15.98,0.0,6,9588,卖盘,603042,2025-10-17 22:52:45
11:00:09,15.98,0.0,200,319600,卖盘,603042,2025-10-17 22:52:45
11:00:12,15.98,0.0,1,1598,卖盘,603042,2025-10-17 22:52:45
11:00:27,15.98,0.0,34,54332,卖盘,603042,2025-10-17 22:52:45
11:00:33,15.98,0.0,5,7990,卖盘,603042,2025-10-17 22:52:45
11:00:45,15.98,0.0,5,7990,卖盘,603042,2025-10-17 22:52:45
11:00:54,15.98,0.0,37,59126,卖盘,603042,2025-10-17 22:52:45
11:00:57,15.98,0.0,10,15980,卖盘,603042,2025-10-17 22:52:45
11:01:06,15.98,0.0,7,11186,卖盘,603042,2025-10-17 22:52:45
11:01:27,15.98,0.0,3,4794,卖盘,603042,2025-10-17 22:52:45
11:01:36,15.98,0.0,1,1598,卖盘,603042,2025-10-17 22:52:45
11:01:54,15.98,0.0,10,15980,卖盘,603042,2025-10-17 22:52:45
11:01:57,15.98,0.0,250,399500,卖盘,603042,2025-10-17 22:52:45
11:02:30,15.98,0.0,8,12784,卖盘,603042,2025-10-17 22:52:45
11:02:51,15.98,0.0,1,1598,卖盘,603042,2025-10-17 22:52:45
11:03:15,15.98,0.0,22,35156,卖盘,603042,2025-10-17 22:52:45
11:03:33,15.98,0.0,3,4794,卖盘,603042,2025-10-17 22:52:45
11:03:45,15.98,0.0,20,31960,卖盘,603042,2025-10-17 22:52:45
11:04:21,15.98,0.0,6,9588,卖盘,603042,2025-10-17 22:52:45
11:04:24,15.98,0.0,4,6392,卖盘,603042,2025-10-17 22:52:45
11:04:36,15.98,0.0,9,14382,卖盘,603042,2025-10-17 22:52:45
11:04:45,15.98,0.0,1,1598,卖盘,603042,2025-10-17 22:52:45
11:05:36,15.98,0.0,14,22372,卖盘,603042,2025-10-17 22:52:45
11:05:42,15.98,0.0,10,15980,卖盘,603042,2025-10-17 22:52:45
11:05:45,15.98,0.0,9,14382,卖盘,603042,2025-10-17 22:52:45
11:06:24,15.98,0.0,11,17578,卖盘,603042,2025-10-17 22:52:45
11:06:30,15.98,0.0,10,15980,卖盘,603042,2025-10-17 22:52:45
11:06:42,15.98,0.0,3,4794,卖盘,603042,2025-10-17 22:52:45
11:06:45,15.98,0.0,6,9588,卖盘,603042,2025-10-17 22:52:45
11:06:57,15.98,0.0,1,1598,卖盘,603042,2025-10-17 22:52:45
11:07:00,15.98,0.0,1,1598,卖盘,603042,2025-10-17 22:52:45
11:07:24,15.98,0.0,7,11186,卖盘,603042,2025-10-17 22:52:45
11:07:39,15.98,0.0,8,12784,卖盘,603042,2025-10-17 22:52:45
11:07:48,15.98,0.0,3,4794,卖盘,603042,2025-10-17 22:52:45
11:08:18,15.98,0.0,88,140624,卖盘,603042,2025-10-17 22:52:45
11:08:27,15.98,0.0,55,87890,卖盘,603042,2025-10-17 22:52:45
11:08:30,15.98,0.0,6,9588,卖盘,603042,2025-10-17 22:52:45
11:08:36,15.98,0.0,3,4794,卖盘,603042,2025-10-17 22:52:45
11:08:45,15.98,0.0,10,15980,卖盘,603042,2025-10-17 22:52:45
11:09:06,15.98,0.0,13,20774,卖盘,603042,2025-10-17 22:52:45
11:09:12,15.98,0.0,2,3196,卖盘,603042,2025-10-17 22:52:45
11:09:15,15.98,0.0,9,14382,卖盘,603042,2025-10-17 22:52:45
11:09:24,15.98,0.0,12,19176,卖盘,603042,2025-10-17 22:52:45
11:09:42,15.98,0.0,10,15980,卖盘,603042,2025-10-17 22:52:45
11:09:45,15.98,0.0,6,9588,卖盘,603042,2025-10-17 22:52:45
11:10:09,15.98,0.0,3,4794,卖盘,603042,2025-10-17 22:52:45
11:10:24,15.98,0.0,6,9588,卖盘,603042,2025-10-17 22:52:45
11:10:51,15.98,0.0,50,79900,卖盘,603042,2025-10-17 22:52:45
11:11:03,15.98,0.0,6,9588,卖盘,603042,2025-10-17 22:52:45
11:11:21,15.98,0.0,8,12784,卖盘,603042,2025-10-17 22:52:45
11:11:24,15.98,0.0,34,54332,卖盘,603042,2025-10-17 22:52:45
11:11:27,15.98,0.0,4,6392,卖盘,603042,2025-10-17 22:52:45
11:11:30,15.98,0.0,6,9588,卖盘,603042,2025-10-17 22:52:45
11:11:42,15.98,0.0,33,52734,卖盘,603042,2025-10-17 22:52:45
11:12:21,15.98,0.0,6,9588,卖盘,603042,2025-10-17 22:52:45
11:12:36,15.98,0.0,1,1598,卖盘,603042,2025-10-17 22:52:45
11:12:42,15.98,0.0,20,31960,卖盘,603042,2025-10-17 22:52:45
11:12:54,15.98,0.0,10,15980,卖盘,603042,2025-10-17 22:52:45
11:12:57,15.98,0.0,15,23970,卖盘,603042,2025-10-17 22:52:45
11:13:03,15.98,0.0,14,22372,卖盘,603042,2025-10-17 22:52:45
11:13:06,15.98,0.0,58,92684,卖盘,603042,2025-10-17 22:52:45
11:13:09,15.98,0.0,20,31960,卖盘,603042,2025-10-17 22:52:45
11:13:33,15.98,0.0,2,3196,卖盘,603042,2025-10-17 22:52:45
11:14:00,15.98,0.0,6,9588,卖盘,603042,2025-10-17 22:52:45
11:14:03,15.98,0.0,25,39950,卖盘,603042,2025-10-17 22:52:45
11:15:09,15.98,0.0,5,7990,卖盘,603042,2025-10-17 22:52:45
11:15:57,15.98,0.0,35,55930,卖盘,603042,2025-10-17 22:52:45
11:16:06,15.98,0.0,15,23970,卖盘,603042,2025-10-17 22:52:45
11:16:15,15.98,0.0,10,15980,卖盘,603042,2025-10-17 22:52:45
11:17:06,15.98,0.0,203,324394,卖盘,603042,2025-10-17 22:52:45
11:17:09,15.98,0.0,3,4794,卖盘,603042,2025-10-17 22:52:45
11:17:21,15.98,0.0,4,6392,卖盘,603042,2025-10-17 22:52:45
11:17:45,15.98,0.0,100,159800,卖盘,603042,2025-10-17 22:52:45
11:18:09,15.98,0.0,10,15980,卖盘,603042,2025-10-17 22:52:45
11:18:15,15.98,0.0,50,79900,卖盘,603042,2025-10-17 22:52:45
11:18:18,15.98,0.0,10,15980,卖盘,603042,2025-10-17 22:52:45
11:18:21,15.98,0.0,1,1598,卖盘,603042,2025-10-17 22:52:45
11:18:51,15.98,0.0,2,3196,卖盘,603042,2025-10-17 22:52:45
11:19:15,15.98,0.0,1,1598,卖盘,603042,2025-10-17 22:52:45
11:19:18,15.98,0.0,13,20774,卖盘,603042,2025-10-17 22:52:45
11:19:42,15.98,0.0,30,47940,卖盘,603042,2025-10-17 22:52:45
11:19:48,15.98,0.0,5,7990,卖盘,603042,2025-10-17 22:52:45
11:20:12,15.98,0.0,6,9588,卖盘,603042,2025-10-17 22:52:45
11:21:03,15.98,0.0,5,7990,卖盘,603042,2025-10-17 22:52:45
11:21:06,15.98,0.0,60,95880,卖盘,603042,2025-10-17 22:52:45
11:21:42,15.98,0.0,10,15980,卖盘,603042,2025-10-17 22:52:45
11:22:00,15.98,0.0,6,9588,卖盘,603042,2025-10-17 22:52:45
11:22:30,15.98,0.0,20,31960,卖盘,603042,2025-10-17 22:52:45
11:22:39,15.98,0.0,2,3196,卖盘,603042,2025-10-17 22:52:45
11:23:24,15.98,0.0,6,9588,卖盘,603042,2025-10-17 22:52:45
11:23:42,15.98,0.0,10,15980,卖盘,603042,2025-10-17 22:52:45
11:24:24,15.98,0.0,1,1598,卖盘,603042,2025-10-17 22:52:45
11:25:15,15.98,0.0,290,463420,卖盘,603042,2025-10-17 22:52:45
11:25:39,15.98,0.0,15,23970,卖盘,603042,2025-10-17 22:52:45
11:26:33,15.98,0.0,5,7990,卖盘,603042,2025-10-17 22:52:45
11:26:57,15.98,0.0,7,11186,卖盘,603042,2025-10-17 22:52:45
11:27:09,15.98,0.0,44,70312,卖盘,603042,2025-10-17 22:52:45
11:27:12,15.98,0.0,15,23970,卖盘,603042,2025-10-17 22:52:45
11:27:51,15.98,0.0,2,3196,卖盘,603042,2025-10-17 22:52:45
11:28:06,15.98,0.0,5,7990,卖盘,603042,2025-10-17 22:52:45
11:28:09,15.98,0.0,4,6392,卖盘,603042,2025-10-17 22:52:45
11:28:36,15.98,0.0,14,22372,卖盘,603042,2025-10-17 22:52:45
11:29:15,15.98,0.0,4,6392,卖盘,603042,2025-10-17 22:52:45
11:29:30,15.98,0.0,10,15980,卖盘,603042,2025-10-17 22:52:45
11:29:36,15.98,0.0,6,9588,卖盘,603042,2025-10-17 22:52:45
11:29:51,15.98,0.0,65,103870,卖盘,603042,2025-10-17 22:52:45
13:00:03,15.98,0.0,99,158202,卖盘,603042,2025-10-17 22:52:45
13:00:06,15.98,0.0,247,394706,卖盘,603042,2025-10-17 22:52:45
13:00:09,15.98,0.0,245,391510,卖盘,603042,2025-10-17 22:52:45
13:00:12,15.98,0.0,318,508164,卖盘,603042,2025-10-17 22:52:45
13:00:15,15.98,0.0,55,87890,卖盘,603042,2025-10-17 22:52:45
13:00:24,15.98,0.0,10,15980,卖盘,603042,2025-10-17 22:52:45
13:00:30,15.98,0.0,2,3196,卖盘,603042,2025-10-17 22:52:45
13:00:39,15.98,0.0,74,118252,卖盘,603042,2025-10-17 22:52:45
13:00:42,15.98,0.0,93,148614,卖盘,603042,2025-10-17 22:52:45
13:00:48,15.98,0.0,2,3196,卖盘,603042,2025-10-17 22:52:45
13:00:54,15.98,0.0,30,47940,卖盘,603042,2025-10-17 22:52:45
13:00:57,15.98,0.0,5,7990,卖盘,603042,2025-10-17 22:52:45
13:01:06,15.98,0.0,10,15980,卖盘,603042,2025-10-17 22:52:45
13:01:18,15.98,0.0,1,1598,卖盘,603042,2025-10-17 22:52:45
13:01:21,15.98,0.0,20,31960,卖盘,603042,2025-10-17 22:52:45
13:01:24,15.98,0.0,27,43146,卖盘,603042,2025-10-17 22:52:45
13:01:27,15.98,0.0,3,4794,卖盘,603042,2025-10-17 22:52:45
13:01:45,15.98,0.0,20,31960,卖盘,603042,2025-10-17 22:52:45
13:01:48,15.98,0.0,6,9588,卖盘,603042,2025-10-17 22:52:45
13:01:54,15.98,0.0,20,31960,卖盘,603042,2025-10-17 22:52:45
13:02:12,15.98,0.0,30,47940,卖盘,603042,2025-10-17 22:52:45
13:02:30,15.98,0.0,8,12784,卖盘,603042,2025-10-17 22:52:45
13:02:45,15.98,0.0,18,28764,卖盘,603042,2025-10-17 22:52:45
13:02:57,15.98,0.0,25,39950,卖盘,603042,2025-10-17 22:52:45
13:03:00,15.98,0.0,10,15980,卖盘,603042,2025-10-17 22:52:45
13:03:12,15.98,0.0,5,7990,卖盘,603042,2025-10-17 22:52:45
13:03:15,15.98,0.0,3,4794,卖盘,603042,2025-10-17 22:52:45
13:03:27,15.98,0.0,1,1598,卖盘,603042,2025-10-17 22:52:45
13:03:36,15.98,0.0,5,7990,卖盘,603042,2025-10-17 22:52:45
13:03:39,15.98,0.0,5,7990,卖盘,603042,2025-10-17 22:52:45
13:03:51,15.98,0.0,11,17578,卖盘,603042,2025-10-17 22:52:45
13:04:00,15.98,0.0,12,19176,卖盘,603042,2025-10-17 22:52:45
13:04:03,15.98,0.0,1,1598,卖盘,603042,2025-10-17 22:52:45
13:04:12,15.98,0.0,20,31960,卖盘,603042,2025-10-17 22:52:45
13:04:24,15.98,0.0,9,14382,卖盘,603042,2025-10-17 22:52:45
13:04:27,15.98,0.0,28,44744,卖盘,603042,2025-10-17 22:52:45
13:04:30,15.98,0.0,3,4794,卖盘,603042,2025-10-17 22:52:45
13:04:33,15.98,0.0,1,1598,卖盘,603042,2025-10-17 22:52:45
13:04:48,15.98,0.0,45,71910,卖盘,603042,2025-10-17 22:52:45
13:04:57,15.98,0.0,10,15980,卖盘,603042,2025-10-17 22:52:45
13:05:03,15.98,0.0,11,17578,卖盘,603042,2025-10-17 22:52:45
13:05:09,15.98,0.0,29,46342,卖盘,603042,2025-10-17 22:52:45
13:05:27,15.98,0.0,5,7990,卖盘,603042,2025-10-17 22:52:45
13:05:30,15.98,0.0,3,4794,卖盘,603042,2025-10-17 22:52:45
13:06:06,15.98,0.0,30,47940,卖盘,603042,2025-10-17 22:52:45
13:06:18,15.98,0.0,10,15980,卖盘,603042,2025-10-17 22:52:45
13:06:24,15.98,0.0,5,7990,卖盘,603042,2025-10-17 22:52:45
13:06:30,15.98,0.0,45,71910,卖盘,603042,2025-10-17 22:52:45
13:06:33,15.98,0.0,5,7990,卖盘,603042,2025-10-17 22:52:45
13:06:51,15.98,0.0,20,31960,卖盘,603042,2025-10-17 22:52:45
13:06:54,15.98,0.0,2,3196,卖盘,603042,2025-10-17 22:52:45
13:07:27,15.98,0.0,1,1598,卖盘,603042,2025-10-17 22:52:45
13:07:30,15.98,0.0,50,79900,卖盘,603042,2025-10-17 22:52:45
13:07:39,15.98,0.0,46,73508,卖盘,603042,2025-10-17 22:52:45
13:08:00,15.98,0.0,6,9588,卖盘,603042,2025-10-17 22:52:45
13:08:03,15.98,0.0,5,7990,卖盘,603042,2025-10-17 22:52:45
13:08:12,15.98,0.0,66,105468,卖盘,603042,2025-10-17 22:52:45
13:08:21,15.98,0.0,10,15980,卖盘,603042,2025-10-17 22:52:45
13:08:27,15.98,0.0,12,19176,卖盘,603042,2025-10-17 22:52:45
13:08:30,15.98,0.0,2,3196,卖盘,603042,2025-10-17 22:52:45
13:08:33,15.98,0.0,20,31960,卖盘,603042,2025-10-17 22:52:45
13:08:42,15.98,0.0,34,54332,卖盘,603042,2025-10-17 22:52:45
13:08:48,15.98,0.0,40,63920,卖盘,603042,2025-10-17 22:52:45
13:08:51,15.98,0.0,2,3196,卖盘,603042,2025-10-17 22:52:45
13:08:54,15.98,0.0,41,65518,卖盘,603042,2025-10-17 22:52:45
13:09:15,15.98,0.0,1,1598,卖盘,603042,2025-10-17 22:52:45
13:09:30,15.98,0.0,45,71910,卖盘,603042,2025-10-17 22:52:45
13:09:33,15.98,0.0,10,15980,卖盘,603042,2025-10-17 22:52:45
13:09:36,15.98,0.0,15,23970,卖盘,603042,2025-10-17 22:52:45
13:09:42,15.98,0.0,7,11186,卖盘,603042,2025-10-17 22:52:45
13:09:48,15.98,0.0,6,9588,卖盘,603042,2025-10-17 22:52:45
13:09:54,15.98,0.0,10,15980,卖盘,603042,2025-10-17 22:52:45
13:09:57,15.98,0.0,12,19176,卖盘,603042,2025-10-17 22:52:45
13:10:12,15.98,0.0,5,7990,卖盘,603042,2025-10-17 22:52:45
13:10:18,15.98,0.0,30,47940,卖盘,603042,2025-10-17 22:52:45
13:10:36,15.98,0.0,32,51136,卖盘,603042,2025-10-17 22:52:45
13:10:54,15.98,0.0,34,54332,卖盘,603042,2025-10-17 22:52:45
13:11:18,15.98,0.0,10,15980,卖盘,603042,2025-10-17 22:52:45
13:11:27,15.98,0.0,4,6392,卖盘,603042,2025-10-17 22:52:45
13:11:39,15.98,0.0,6,9588,卖盘,603042,2025-10-17 22:52:45
13:11:57,15.98,0.0,2,3196,卖盘,603042,2025-10-17 22:52:45
13:12:27,15.98,0.0,10,15980,卖盘,603042,2025-10-17 22:52:45
13:12:33,15.98,0.0,15,23970,卖盘,603042,2025-10-17 22:52:45
13:13:09,15.98,0.0,10,15980,卖盘,603042,2025-10-17 22:52:45
13:13:18,15.98,0.0,7,11186,卖盘,603042,2025-10-17 22:52:45
13:13:36,15.98,0.0,10,15980,卖盘,603042,2025-10-17 22:52:45
13:13:42,15.98,0.0,14,22372,卖盘,603042,2025-10-17 22:52:45
13:13:48,15.98,0.0,8,12784,卖盘,603042,2025-10-17 22:52:45
13:14:12,15.98,0.0,3,4794,卖盘,603042,2025-10-17 22:52:45
13:14:24,15.98,0.0,163,260474,卖盘,603042,2025-10-17 22:52:45
13:14:30,15.98,0.0,16,25568,卖盘,603042,2025-10-17 22:52:45
13:14:39,15.98,0.0,61,97478,卖盘,603042,2025-10-17 22:52:45
13:14:45,15.98,0.0,20,31960,卖盘,603042,2025-10-17 22:52:45
13:14:48,15.98,0.0,15,23970,卖盘,603042,2025-10-17 22:52:45
13:15:00,15.98,0.0,10,15980,卖盘,603042,2025-10-17 22:52:45
13:15:09,15.98,0.0,10,15980,卖盘,603042,2025-10-17 22:52:45
13:15:15,15.98,0.0,31,49538,卖盘,603042,2025-10-17 22:52:45
13:16:06,15.98,0.0,20,31960,卖盘,603042,2025-10-17 22:52:45
13:16:18,15.98,0.0,4,6392,卖盘,603042,2025-10-17 22:52:45
13:16:24,15.98,0.0,2,3196,卖盘,603042,2025-10-17 22:52:45
13:16:30,15.98,0.0,30,47940,卖盘,603042,2025-10-17 22:52:45
13:17:09,15.98,0.0,2,3196,卖盘,603042,2025-10-17 22:52:45
13:17:24,15.98,0.0,10,15980,卖盘,603042,2025-10-17 22:52:45
13:17:33,15.98,0.0,34,54332,卖盘,603042,2025-10-17 22:52:45
13:18:00,15.98,0.0,3,4810,卖盘,603042,2025-10-17 22:52:45
13:18:09,15.98,0.0,3,4794,卖盘,603042,2025-10-17 22:52:45
13:18:24,15.98,0.0,1,1598,卖盘,603042,2025-10-17 22:52:45
13:18:45,15.98,0.0,3,4794,卖盘,603042,2025-10-17 22:52:45
13:19:00,15.98,0.0,1,1598,卖盘,603042,2025-10-17 22:52:45
13:19:09,15.98,0.0,10,15980,卖盘,603042,2025-10-17 22:52:45
13:19:21,15.98,0.0,8,12784,卖盘,603042,2025-10-17 22:52:45
13:19:30,15.98,0.0,5,7990,卖盘,603042,2025-10-17 22:52:45
13:19:33,15.98,0.0,4,6392,卖盘,603042,2025-10-17 22:52:45
13:19:36,15.98,0.0,2,3196,卖盘,603042,2025-10-17 22:52:45
13:19:39,15.98,0.0,2,3196,卖盘,603042,2025-10-17 22:52:45
13:19:45,15.98,0.0,23,36754,卖盘,603042,2025-10-17 22:52:45
13:19:48,15.98,0.0,10,15980,卖盘,603042,2025-10-17 22:52:45
13:19:57,15.98,0.0,21,33558,卖盘,603042,2025-10-17 22:52:45
13:20:18,15.98,0.0,22,35156,卖盘,603042,2025-10-17 22:52:45
13:20:24,15.98,0.0,9,14382,卖盘,603042,2025-10-17 22:52:45
13:20:30,15.98,0.0,200,319600,卖盘,603042,2025-10-17 22:52:45
13:20:33,15.98,0.0,1,1598,卖盘,603042,2025-10-17 22:52:45
13:20:36,15.98,0.0,2,3196,卖盘,603042,2025-10-17 22:52:45
13:20:42,15.98,0.0,15,23970,卖盘,603042,2025-10-17 22:52:45
13:20:48,15.98,0.0,43,68714,卖盘,603042,2025-10-17 22:52:45
13:20:57,15.98,0.0,2,3196,卖盘,603042,2025-10-17 22:52:45
13:21:15,15.98,0.0,40,63920,卖盘,603042,2025-10-17 22:52:45
13:21:24,15.98,0.0,15,23970,卖盘,603042,2025-10-17 22:52:45
13:21:27,15.98,0.0,50,79900,卖盘,603042,2025-10-17 22:52:45
13:21:30,15.98,0.0,10,15980,卖盘,603042,2025-10-17 22:52:45
13:21:39,15.98,0.0,5,7990,卖盘,603042,2025-10-17 22:52:45
13:21:45,15.98,0.0,1,1598,卖盘,603042,2025-10-17 22:52:45
13:21:54,15.98,0.0,10,15980,卖盘,603042,2025-10-17 22:52:45
13:22:03,15.98,0.0,10,15980,卖盘,603042,2025-10-17 22:52:45
13:22:12,15.98,0.0,1,1598,卖盘,603042,2025-10-17 22:52:45
13:22:24,15.98,0.0,12,19176,卖盘,603042,2025-10-17 22:52:45
13:22:30,15.98,0.0,303,484194,卖盘,603042,2025-10-17 22:52:45
13:22:39,15.98,0.0,21,33558,卖盘,603042,2025-10-17 22:52:45
13:22:42,15.98,0.0,20,31960,卖盘,603042,2025-10-17 22:52:45
13:22:45,15.98,0.0,2,3196,卖盘,603042,2025-10-17 22:52:45
13:22:48,15.98,0.0,1,1598,卖盘,603042,2025-10-17 22:52:45
13:22:54,15.98,0.0,13,20774,卖盘,603042,2025-10-17 22:52:45
13:23:21,15.98,0.0,3,4794,卖盘,603042,2025-10-17 22:52:45
13:23:30,15.98,0.0,1,1598,卖盘,603042,2025-10-17 22:52:45
13:23:36,15.98,0.0,14,22372,卖盘,603042,2025-10-17 22:52:45
13:23:54,15.98,0.0,13,20774,卖盘,603042,2025-10-17 22:52:45
13:23:57,15.98,0.0,5,7990,卖盘,603042,2025-10-17 22:52:45
13:24:45,15.98,0.0,5,7990,卖盘,603042,2025-10-17 22:52:45
13:24:51,15.98,0.0,21,33558,卖盘,603042,2025-10-17 22:52:45
13:24:54,15.98,0.0,13,20774,卖盘,603042,2025-10-17 22:52:45
13:25:27,15.98,0.0,1,1598,卖盘,603042,2025-10-17 22:52:45
13:25:39,15.98,0.0,14,22372,卖盘,603042,2025-10-17 22:52:45
13:25:54,15.98,0.0,8,12784,卖盘,603042,2025-10-17 22:52:45
13:26:09,15.98,0.0,83,132634,卖盘,603042,2025-10-17 22:52:45
13:26:18,15.98,0.0,100,159800,卖盘,603042,2025-10-17 22:52:45
13:26:24,15.98,0.0,19,30362,卖盘,603042,2025-10-17 22:52:45
13:26:27,15.98,0.0,6,9588,卖盘,603042,2025-10-17 22:52:45
13:26:42,15.98,0.0,34,54332,卖盘,603042,2025-10-17 22:52:45
13:26:45,15.98,0.0,6,9588,卖盘,603042,2025-10-17 22:52:45
13:26:51,15.98,0.0,1,1598,卖盘,603042,2025-10-17 22:52:45
13:26:54,15.98,0.0,2,3196,卖盘,603042,2025-10-17 22:52:45
13:27:03,15.98,0.0,47,75106,卖盘,603042,2025-10-17 22:52:45
13:27:15,15.98,0.0,1,1598,卖盘,603042,2025-10-17 22:52:45
13:27:30,15.98,0.0,1,1598,卖盘,603042,2025-10-17 22:52:45
13:27:36,15.98,0.0,5,7990,卖盘,603042,2025-10-17 22:52:45
13:27:39,15.98,0.0,4,6392,卖盘,603042,2025-10-17 22:52:45
13:27:45,15.98,0.0,10,15980,卖盘,603042,2025-10-17 22:52:45
13:29:18,15.98,0.0,1,1598,卖盘,603042,2025-10-17 22:52:45
13:29:36,15.98,0.0,2,3196,卖盘,603042,2025-10-17 22:52:45
13:30:30,15.98,0.0,1,1598,卖盘,603042,2025-10-17 22:52:45
13:30:48,15.98,0.0,1,1598,卖盘,603042,2025-10-17 22:52:45
13:31:12,15.98,0.0,10,15980,卖盘,603042,2025-10-17 22:52:45
13:31:15,15.98,0.0,1,1598,卖盘,603042,2025-10-17 22:52:45
13:31:45,15.98,0.0,52,83096,卖盘,603042,2025-10-17 22:52:45
13:31:57,15.98,0.0,3,4794,卖盘,603042,2025-10-17 22:52:45
13:32:18,15.98,0.0,6,9588,卖盘,603042,2025-10-17 22:52:45
13:32:30,15.98,0.0,60,95880,卖盘,603042,2025-10-17 22:52:45
13:32:51,15.98,0.0,34,54332,卖盘,603042,2025-10-17 22:52:45
13:33:36,15.98,0.0,10,15980,卖盘,603042,2025-10-17 22:52:45
13:34:24,15.98,0.0,5,7990,卖盘,603042,2025-10-17 22:52:45
13:35:03,15.98,0.0,10,15980,卖盘,603042,2025-10-17 22:52:45
13:35:09,15.98,0.0,40,63920,卖盘,603042,2025-10-17 22:52:45
13:35:36,15.98,0.0,28,44744,卖盘,603042,2025-10-17 22:52:45
13:35:45,15.98,0.0,1,1598,卖盘,603042,2025-10-17 22:52:45
13:38:30,15.98,0.0,10,15980,卖盘,603042,2025-10-17 22:52:45
13:38:51,15.98,0.0,3,4794,卖盘,603042,2025-10-17 22:52:45
13:39:09,15.98,0.0,5,7990,卖盘,603042,2025-10-17 22:52:45
13:39:15,15.98,0.0,1,1598,卖盘,603042,2025-10-17 22:52:45
13:39:36,15.98,0.0,20,31960,卖盘,603042,2025-10-17 22:52:45
13:39:54,15.98,0.0,10,15980,卖盘,603042,2025-10-17 22:52:45
13:39:57,15.98,0.0,50,79900,卖盘,603042,2025-10-17 22:52:45
13:40:18,15.98,0.0,5,7990,卖盘,603042,2025-10-17 22:52:45
13:40:21,15.98,0.0,30,47940,卖盘,603042,2025-10-17 22:52:45
13:40:33,15.98,0.0,1,1598,卖盘,603042,2025-10-17 22:52:45
13:40:48,15.98,0.0,2,3196,卖盘,603042,2025-10-17 22:52:45
13:40:57,15.98,0.0,11,17578,卖盘,603042,2025-10-17 22:52:45
13:41:18,15.98,0.0,5,7990,卖盘,603042,2025-10-17 22:52:45
13:41:27,15.98,0.0,2,3196,卖盘,603042,2025-10-17 22:52:45
13:41:45,15.98,0.0,51,81498,卖盘,603042,2025-10-17 22:52:45
13:41:51,15.98,0.0,11,17578,卖盘,603042,2025-10-17 22:52:45
13:41:57,15.98,0.0,10,15980,卖盘,603042,2025-10-17 22:52:45
13:42:09,15.98,0.0,1,1598,卖盘,603042,2025-10-17 22:52:45
13:42:21,15.98,0.0,7,11186,卖盘,603042,2025-10-17 22:52:45
13:42:36,15.98,0.0,11,17578,卖盘,603042,2025-10-17 22:52:45
13:42:39,15.98,0.0,20,31960,卖盘,603042,2025-10-17 22:52:45
13:43:03,15.98,0.0,4,6392,卖盘,603042,2025-10-17 22:52:45
13:43:09,15.98,0.0,8,12784,卖盘,603042,2025-10-17 22:52:45
13:43:21,15.98,0.0,5,7990,卖盘,603042,2025-10-17 22:52:45
13:43:36,15.98,0.0,10,15980,卖盘,603042,2025-10-17 22:52:45
13:44:06,15.98,0.0,3,4794,卖盘,603042,2025-10-17 22:52:45
13:44:30,15.98,0.0,1,1598,卖盘,603042,2025-10-17 22:52:45
13:44:57,15.98,0.0,7,11186,卖盘,603042,2025-10-17 22:52:45
13:45:00,15.98,0.0,4,6392,卖盘,603042,2025-10-17 22:52:45
13:45:03,15.98,0.0,17,27166,卖盘,603042,2025-10-17 22:52:45
13:45:09,15.98,0.0,10,15980,卖盘,603042,2025-10-17 22:52:45
13:45:12,15.98,0.0,20,31960,卖盘,603042,2025-10-17 22:52:45
13:45:24,15.98,0.0,10,15980,卖盘,603042,2025-10-17 22:52:45
13:46:00,15.98,0.0,1,1598,卖盘,603042,2025-10-17 22:52:45
13:46:06,15.98,0.0,18,28764,卖盘,603042,2025-10-17 22:52:45
13:46:24,15.98,0.0,10,15980,卖盘,603042,2025-10-17 22:52:45
13:46:42,15.98,0.0,5,7990,卖盘,603042,2025-10-17 22:52:45
13:46:57,15.98,0.0,3,4794,卖盘,603042,2025-10-17 22:52:45
13:47:48,15.98,0.0,30,47940,卖盘,603042,2025-10-17 22:52:45
13:48:51,15.98,0.0,20,31960,卖盘,603042,2025-10-17 22:52:45
13:49:12,15.98,0.0,4,6392,卖盘,603042,2025-10-17 22:52:45
13:49:27,15.98,0.0,10,15980,卖盘,603042,2025-10-17 22:52:45
13:49:30,15.98,0.0,6,9588,卖盘,603042,2025-10-17 22:52:45
13:49:36,15.98,0.0,20,31960,卖盘,603042,2025-10-17 22:52:45
13:49:39,15.98,0.0,40,63920,卖盘,603042,2025-10-17 22:52:45
13:49:54,15.98,0.0,2,3196,卖盘,603042,2025-10-17 22:52:45
13:50:00,15.98,0.0,1,1598,卖盘,603042,2025-10-17 22:52:45
13:50:09,15.98,0.0,1,1598,卖盘,603042,2025-10-17 22:52:45
13:50:15,15.98,0.0,10,15980,卖盘,603042,2025-10-17 22:52:45
13:50:18,15.98,0.0,3,4794,卖盘,603042,2025-10-17 22:52:45
13:50:33,15.98,0.0,5,7990,卖盘,603042,2025-10-17 22:52:45
13:50:42,15.98,0.0,21,33558,卖盘,603042,2025-10-17 22:52:45
13:50:54,15.98,0.0,13,20774,卖盘,603042,2025-10-17 22:52:45
13:51:03,15.98,0.0,4,6392,卖盘,603042,2025-10-17 22:52:45
13:51:06,15.98,0.0,20,31960,卖盘,603042,2025-10-17 22:52:45
13:51:09,15.98,0.0,8,12784,卖盘,603042,2025-10-17 22:52:45
13:52:00,15.98,0.0,101,161398,卖盘,603042,2025-10-17 22:52:45
13:52:24,15.98,0.0,8,12784,卖盘,603042,2025-10-17 22:52:45
13:52:33,15.98,0.0,1,1598,卖盘,603042,2025-10-17 22:52:45
13:52:45,15.98,0.0,1,1598,卖盘,603042,2025-10-17 22:52:45
13:53:06,15.98,0.0,40,63920,卖盘,603042,2025-10-17 22:52:45
13:53:12,15.98,0.0,10,15980,卖盘,603042,2025-10-17 22:52:45
13:53:24,15.98,0.0,30,47940,卖盘,603042,2025-10-17 22:52:45
13:53:30,15.98,0.0,1,1598,卖盘,603042,2025-10-17 22:52:45
13:53:42,15.98,0.0,2,3196,卖盘,603042,2025-10-17 22:52:45
13:53:51,15.98,0.0,1,1598,卖盘,603042,2025-10-17 22:52:45
13:54:06,15.98,0.0,10,15980,卖盘,603042,2025-10-17 22:52:45
13:54:21,15.98,0.0,20,31960,卖盘,603042,2025-10-17 22:52:45
13:55:30,15.98,0.0,5,7990,卖盘,603042,2025-10-17 22:52:45
13:56:12,15.98,0.0,1,1598,卖盘,603042,2025-10-17 22:52:45
13:56:24,15.98,0.0,6,9588,卖盘,603042,2025-10-17 22:52:45
13:56:30,15.98,0.0,1,1598,卖盘,603042,2025-10-17 22:52:45
13:56:45,15.98,0.0,1,1598,卖盘,603042,2025-10-17 22:52:45
13:57:00,15.98,0.0,14,22372,卖盘,603042,2025-10-17 22:52:45
13:57:39,15.98,0.0,80,127840,卖盘,603042,2025-10-17 22:52:45
13:57:48,15.98,0.0,42,67116,卖盘,603042,2025-10-17 22:52:45
13:57:54,15.98,0.0,2,3196,卖盘,603042,2025-10-17 22:52:45
13:58:21,15.98,0.0,111,177378,卖盘,603042,2025-10-17 22:52:45
13:58:24,15.98,0.0,16,25568,卖盘,603042,2025-10-17 22:52:45
13:58:27,15.98,0.0,60,95880,卖盘,603042,2025-10-17 22:52:45
13:58:33,15.98,0.0,60,95880,卖盘,603042,2025-10-17 22:52:45
13:58:42,15.98,0.0,8,12784,卖盘,603042,2025-10-17 22:52:45
13:58:51,15.98,0.0,4,6392,卖盘,603042,2025-10-17 22:52:45
13:59:09,15.98,0.0,2,3196,卖盘,603042,2025-10-17 22:52:45
13:59:12,15.98,0.0,10,15980,卖盘,603042,2025-10-17 22:52:45
13:59:21,15.98,0.0,50,79900,卖盘,603042,2025-10-17 22:52:45
13:59:30,15.98,0.0,19,30362,卖盘,603042,2025-10-17 22:52:45
13:59:36,15.98,0.0,5,7990,卖盘,603042,2025-10-17 22:52:45
14:00:03,15.98,0.0,1,1598,卖盘,603042,2025-10-17 22:52:45
14:00:36,15.98,0.0,3,4794,卖盘,603042,2025-10-17 22:52:45
14:00:57,15.98,0.0,10,15980,卖盘,603042,2025-10-17 22:52:45
14:01:03,15.98,0.0,5,7990,卖盘,603042,2025-10-17 22:52:45
14:01:06,15.98,0.0,5,7990,卖盘,603042,2025-10-17 22:52:45
14:01:21,15.98,0.0,20,31960,卖盘,603042,2025-10-17 22:52:45
14:01:39,15.98,0.0,4,6392,卖盘,603042,2025-10-17 22:52:45
14:01:42,15.98,0.0,1,1598,卖盘,603042,2025-10-17 22:52:45
14:01:45,15.98,0.0,51,81498,卖盘,603042,2025-10-17 22:52:45
14:02:27,15.98,0.0,1,1598,卖盘,603042,2025-10-17 22:52:45
14:02:48,15.98,0.0,5,7990,卖盘,603042,2025-10-17 22:52:45
14:02:54,15.98,0.0,4,6392,卖盘,603042,2025-10-17 22:52:45
14:03:00,15.98,0.0,1,1598,卖盘,603042,2025-10-17 22:52:45
14:03:03,15.98,0.0,30,47940,卖盘,603042,2025-10-17 22:52:45
14:03:09,15.98,0.0,3,4794,卖盘,603042,2025-10-17 22:52:45
14:03:21,15.98,0.0,4,6392,卖盘,603042,2025-10-17 22:52:45
14:03:27,15.98,0.0,2,3196,卖盘,603042,2025-10-17 22:52:45
14:03:48,15.98,0.0,5,7990,卖盘,603042,2025-10-17 22:52:45
14:04:00,15.98,0.0,1,1598,卖盘,603042,2025-10-17 22:52:45
14:04:03,15.98,0.0,1,1598,卖盘,603042,2025-10-17 22:52:45
14:04:30,15.98,0.0,8,12784,卖盘,603042,2025-10-17 22:52:45
14:04:36,15.98,0.0,5,7990,卖盘,603042,2025-10-17 22:52:45
14:04:51,15.98,0.0,37,59126,卖盘,603042,2025-10-17 22:52:45
14:05:24,15.98,0.0,16,25568,卖盘,603042,2025-10-17 22:52:45
14:05:57,15.98,0.0,1,1598,卖盘,603042,2025-10-17 22:52:45
14:06:09,15.98,0.0,10,15980,卖盘,603042,2025-10-17 22:52:45
14:06:24,15.98,0.0,1,1598,卖盘,603042,2025-10-17 22:52:45
14:06:27,15.98,0.0,1,1598,卖盘,603042,2025-10-17 22:52:45
14:06:36,15.98,0.0,22,35156,卖盘,603042,2025-10-17 22:52:45
14:06:57,15.98,0.0,10,15980,卖盘,603042,2025-10-17 22:52:45
14:07:00,15.98,0.0,3,4794,卖盘,603042,2025-10-17 22:52:45
14:07:15,15.98,0.0,3,4794,卖盘,603042,2025-10-17 22:52:45
14:07:57,15.98,0.0,5,7990,卖盘,603042,2025-10-17 22:52:45
14:08:15,15.98,0.0,5,7990,卖盘,603042,2025-10-17 22:52:45
14:08:21,15.98,0.0,3,4794,卖盘,603042,2025-10-17 22:52:45
14:08:27,15.98,0.0,50,79900,卖盘,603042,2025-10-17 22:52:45
14:08:33,15.98,0.0,2,3196,卖盘,603042,2025-10-17 22:52:45
14:08:54,15.98,0.0,10,15980,卖盘,603042,2025-10-17 22:52:45
14:08:57,15.98,0.0,9,14382,卖盘,603042,2025-10-17 22:52:45
14:09:18,15.98,0.0,3,4794,卖盘,603042,2025-10-17 22:52:45
14:09:33,15.98,0.0,1,1598,卖盘,603042,2025-10-17 22:52:45
14:09:45,15.98,0.0,9,14382,卖盘,603042,2025-10-17 22:52:45
14:10:30,15.98,0.0,5,7990,卖盘,603042,2025-10-17 22:52:45
14:10:42,15.98,0.0,12,19176,卖盘,603042,2025-10-17 22:52:45
14:10:45,15.98,0.0,96,153408,卖盘,603042,2025-10-17 22:52:45
14:11:12,15.98,0.0,16,25568,卖盘,603042,2025-10-17 22:52:45
14:11:21,15.98,0.0,1,1598,卖盘,603042,2025-10-17 22:52:45
14:11:33,15.98,0.0,5,7990,卖盘,603042,2025-10-17 22:52:45
14:11:36,15.98,0.0,5,7990,卖盘,603042,2025-10-17 22:52:45
14:11:42,15.98,0.0,30,47940,卖盘,603042,2025-10-17 22:52:45
14:12:00,15.98,0.0,9,14382,卖盘,603042,2025-10-17 22:52:45
14:12:15,15.98,0.0,2,3196,卖盘,603042,2025-10-17 22:52:45
14:12:30,15.98,0.0,265,423470,卖盘,603042,2025-10-17 22:52:45
14:12:42,15.98,0.0,10,15980,卖盘,603042,2025-10-17 22:52:45
14:12:48,15.98,0.0,10,15980,卖盘,603042,2025-10-17 22:52:45
14:13:03,15.98,0.0,5,7990,卖盘,603042,2025-10-17 22:52:45
14:13:21,15.98,0.0,1,1598,卖盘,603042,2025-10-17 22:52:45
14:13:24,15.98,0.0,15,23970,卖盘,603042,2025-10-17 22:52:45
14:13:30,15.98,0.0,5,7990,卖盘,603042,2025-10-17 22:52:45
14:13:33,15.98,0.0,26,41548,卖盘,603042,2025-10-17 22:52:45
14:13:36,15.98,0.0,2,3196,卖盘,603042,2025-10-17 22:52:45
14:13:39,15.98,0.0,40,63920,卖盘,603042,2025-10-17 22:52:45
14:13:57,15.98,0.0,50,79900,卖盘,603042,2025-10-17 22:52:45
14:14:00,15.98,0.0,5,7990,卖盘,603042,2025-10-17 22:52:45
14:14:27,15.98,0.0,6,9588,卖盘,603042,2025-10-17 22:52:45
14:14:30,15.98,0.0,10,15980,卖盘,603042,2025-10-17 22:52:45
14:14:39,15.98,0.0,2,3196,卖盘,603042,2025-10-17 22:52:45
14:14:42,15.98,0.0,10,15980,卖盘,603042,2025-10-17 22:52:45
14:14:45,15.98,0.0,25,39950,卖盘,603042,2025-10-17 22:52:45
14:14:48,15.98,0.0,3,4794,卖盘,603042,2025-10-17 22:52:45
14:14:51,15.98,0.0,10,15980,卖盘,603042,2025-10-17 22:52:45
14:15:00,15.98,0.0,54,86292,卖盘,603042,2025-10-17 22:52:45
14:15:03,15.98,0.0,1,1598,卖盘,603042,2025-10-17 22:52:45
14:15:06,15.98,0.0,10,15980,卖盘,603042,2025-10-17 22:52:45
14:15:12,15.98,0.0,3,4794,卖盘,603042,2025-10-17 22:52:45
14:15:27,15.98,0.0,56,89488,卖盘,603042,2025-10-17 22:52:45
14:15:30,15.98,0.0,21,33558,卖盘,603042,2025-10-17 22:52:45
14:15:36,15.98,0.0,2,3196,卖盘,603042,2025-10-17 22:52:45
14:16:00,15.98,0.0,15,23970,卖盘,603042,2025-10-17 22:52:45
14:16:06,15.98,0.0,11,17578,卖盘,603042,2025-10-17 22:52:45
14:16:09,15.98,0.0,22,35156,卖盘,603042,2025-10-17 22:52:45
14:16:12,15.98,0.0,7,11186,卖盘,603042,2025-10-17 22:52:45
14:16:15,15.98,0.0,10,15980,卖盘,603042,2025-10-17 22:52:45
14:16:24,15.98,0.0,7,11186,卖盘,603042,2025-10-17 22:52:45
14:16:33,15.98,0.0,20,31960,卖盘,603042,2025-10-17 22:52:45
14:16:39,15.98,0.0,3,4794,卖盘,603042,2025-10-17 22:52:45
14:16:42,15.98,0.0,4,6392,卖盘,603042,2025-10-17 22:52:45
14:16:45,15.98,0.0,5,7990,卖盘,603042,2025-10-17 22:52:45
14:16:48,15.98,0.0,2,3196,卖盘,603042,2025-10-17 22:52:45
14:17:33,15.98,0.0,21,33558,卖盘,603042,2025-10-17 22:52:45
14:17:36,15.98,0.0,10,15980,卖盘,603042,2025-10-17 22:52:45
14:17:48,15.98,0.0,5,7990,卖盘,603042,2025-10-17 22:52:45
14:17:51,15.98,0.0,10,15980,卖盘,603042,2025-10-17 22:52:45
14:18:15,15.98,0.0,2,3196,卖盘,603042,2025-10-17 22:52:45
14:18:27,15.98,0.0,6,9588,卖盘,603042,2025-10-17 22:52:45
14:18:39,15.98,0.0,6,9588,卖盘,603042,2025-10-17 22:52:45
14:18:48,15.98,0.0,6,9588,卖盘,603042,2025-10-17 22:52:45
14:19:03,15.98,0.0,16,25568,卖盘,603042,2025-10-17 22:52:45
14:19:15,15.98,0.0,6,9588,卖盘,603042,2025-10-17 22:52:45
14:19:27,15.98,0.0,31,49538,卖盘,603042,2025-10-17 22:52:45
14:19:48,15.98,0.0,13,20774,卖盘,603042,2025-10-17 22:52:45
14:19:54,15.98,0.0,5,7990,卖盘,603042,2025-10-17 22:52:45
14:19:57,15.98,0.0,50,79900,卖盘,603042,2025-10-17 22:52:45
14:20:03,15.98,0.0,1,1598,卖盘,603042,2025-10-17 22:52:45
14:20:12,15.98,0.0,9,14382,卖盘,603042,2025-10-17 22:52:45
14:20:27,15.98,0.0,3,4794,卖盘,603042,2025-10-17 22:52:45
14:20:39,15.98,0.0,15,23970,卖盘,603042,2025-10-17 22:52:45
14:21:03,15.98,0.0,1,1598,卖盘,603042,2025-10-17 22:52:45
14:21:12,15.98,0.0,2,3196,卖盘,603042,2025-10-17 22:52:45
14:21:18,15.98,0.0,5,7990,卖盘,603042,2025-10-17 22:52:45
14:21:36,15.98,0.0,2,3196,卖盘,603042,2025-10-17 22:52:45
14:21:39,15.98,0.0,2,3196,卖盘,603042,2025-10-17 22:52:45
14:21:45,15.98,0.0,2,3196,卖盘,603042,2025-10-17 22:52:45
14:21:51,15.98,0.0,5,7990,卖盘,603042,2025-10-17 22:52:45
14:21:54,15.98,0.0,5,7990,卖盘,603042,2025-10-17 22:52:45
14:22:09,15.98,0.0,20,31960,卖盘,603042,2025-10-17 22:52:45
14:22:15,15.98,0.0,10,15980,卖盘,603042,2025-10-17 22:52:45
14:22:21,15.98,0.0,15,23970,卖盘,603042,2025-10-17 22:52:45
14:22:27,15.98,0.0,10,15980,卖盘,603042,2025-10-17 22:52:45
14:22:30,15.98,0.0,4,6392,卖盘,603042,2025-10-17 22:52:45
14:22:36,15.98,0.0,6,9588,卖盘,603042,2025-10-17 22:52:45
14:22:39,15.98,0.0,28,44744,卖盘,603042,2025-10-17 22:52:45
14:22:48,15.98,0.0,3,4794,卖盘,603042,2025-10-17 22:52:45
14:22:54,15.98,0.0,20,31960,卖盘,603042,2025-10-17 22:52:45
14:23:00,15.98,0.0,4,6392,卖盘,603042,2025-10-17 22:52:45
14:23:12,15.98,0.0,4,6392,卖盘,603042,2025-10-17 22:52:45
14:23:39,15.98,0.0,40,63920,卖盘,603042,2025-10-17 22:52:45
14:23:42,15.98,0.0,64,102272,卖盘,603042,2025-10-17 22:52:45
14:23:54,15.98,0.0,20,31960,卖盘,603042,2025-10-17 22:52:45
14:23:57,15.98,0.0,12,19176,卖盘,603042,2025-10-17 22:52:45
14:24:00,15.98,0.0,22,35156,卖盘,603042,2025-10-17 22:52:45
14:24:03,15.98,0.0,3,4794,卖盘,603042,2025-10-17 22:52:45
14:24:09,15.98,0.0,6,9588,卖盘,603042,2025-10-17 22:52:45
14:24:12,15.98,0.0,24,38352,卖盘,603042,2025-10-17 22:52:45
14:24:18,15.98,0.0,10,15980,卖盘,603042,2025-10-17 22:52:45
14:24:33,15.98,0.0,10,15980,卖盘,603042,2025-10-17 22:52:45
14:24:39,15.98,0.0,3,4794,卖盘,603042,2025-10-17 22:52:45
14:24:42,15.98,0.0,1,1598,卖盘,603042,2025-10-17 22:52:45
14:25:00,15.98,0.0,24,38352,卖盘,603042,2025-10-17 22:52:45
14:25:03,15.98,0.0,49,78302,卖盘,603042,2025-10-17 22:52:45
14:25:12,15.98,0.0,72,115056,卖盘,603042,2025-10-17 22:52:45
14:25:15,15.98,0.0,6,9588,卖盘,603042,2025-10-17 22:52:45
14:25:21,15.98,0.0,6,9588,卖盘,603042,2025-10-17 22:52:45
14:25:30,15.98,0.0,2,3196,卖盘,603042,2025-10-17 22:52:45
14:25:36,15.98,0.0,14,22372,卖盘,603042,2025-10-17 22:52:45
14:25:39,15.98,0.0,32,51136,卖盘,603042,2025-10-17 22:52:45
14:25:42,15.98,0.0,84,134232,卖盘,603042,2025-10-17 22:52:45
14:25:45,15.98,0.0,16,25568,卖盘,603042,2025-10-17 22:52:45
14:25:51,15.98,0.0,1,1598,卖盘,603042,2025-10-17 22:52:45
14:25:57,15.98,0.0,340,543320,卖盘,603042,2025-10-17 22:52:45
14:26:09,15.98,0.0,4,6392,卖盘,603042,2025-10-17 22:52:45
14:26:15,15.98,0.0,11,17578,卖盘,603042,2025-10-17 22:52:45
14:26:18,15.98,0.0,57,91086,卖盘,603042,2025-10-17 22:52:45
14:26:21,15.98,0.0,20,31960,卖盘,603042,2025-10-17 22:52:45
14:26:30,15.98,0.0,1,1598,卖盘,603042,2025-10-17 22:52:45
14:26:36,15.98,0.0,20,31960,卖盘,603042,2025-10-17 22:52:45
14:26:39,15.98,0.0,60,95880,卖盘,603042,2025-10-17 22:52:45
14:26:42,15.98,0.0,3,4794,卖盘,603042,2025-10-17 22:52:45
14:26:45,15.98,0.0,35,55930,卖盘,603042,2025-10-17 22:52:45
14:26:48,15.98,0.0,37,59126,卖盘,603042,2025-10-17 22:52:45
14:26:54,15.98,0.0,50,79900,卖盘,603042,2025-10-17 22:52:45
14:27:00,15.98,0.0,1,1598,卖盘,603042,2025-10-17 22:52:45
14:27:03,15.98,0.0,10,15980,卖盘,603042,2025-10-17 22:52:45
14:27:06,15.98,0.0,20,31960,卖盘,603042,2025-10-17 22:52:45
14:27:18,15.98,0.0,1,1598,卖盘,603042,2025-10-17 22:52:45
14:27:21,15.98,0.0,4,6392,卖盘,603042,2025-10-17 22:52:45
14:27:24,15.98,0.0,10,15980,卖盘,603042,2025-10-17 22:52:45
14:27:36,15.98,0.0,61,97478,卖盘,603042,2025-10-17 22:52:45
14:27:42,15.98,0.0,142,226916,卖盘,603042,2025-10-17 22:52:45
14:27:48,15.98,0.0,10,15980,卖盘,603042,2025-10-17 22:52:45
14:27:51,15.98,0.0,16,25568,卖盘,603042,2025-10-17 22:52:45
14:27:57,15.98,0.0,1,1598,卖盘,603042,2025-10-17 22:52:45
14:28:00,15.98,0.0,30,47940,卖盘,603042,2025-10-17 22:52:45
14:28:09,15.98,0.0,3,4794,卖盘,603042,2025-10-17 22:52:45
14:28:18,15.98,0.0,15,23970,卖盘,603042,2025-10-17 22:52:45
14:28:33,15.98,0.0,10,15980,卖盘,603042,2025-10-17 22:52:45
14:28:39,15.98,0.0,20,31960,卖盘,603042,2025-10-17 22:52:45
14:28:48,15.98,0.0,4,6392,卖盘,603042,2025-10-17 22:52:45
14:29:00,15.98,0.0,40,63920,卖盘,603042,2025-10-17 22:52:45
14:29:12,15.98,0.0,1,1598,卖盘,603042,2025-10-17 22:52:45
14:29:27,15.98,0.0,10,15980,卖盘,603042,2025-10-17 22:52:45
14:29:42,15.98,0.0,1,1598,卖盘,603042,2025-10-17 22:52:45
14:29:48,15.98,0.0,5,7990,卖盘,603042,2025-10-17 22:52:45
14:29:51,15.98,0.0,13,20774,卖盘,603042,2025-10-17 22:52:45
14:29:54,15.98,0.0,50,79900,卖盘,603042,2025-10-17 22:52:45
14:29:57,15.98,0.0,10,15980,卖盘,603042,2025-10-17 22:52:45
14:30:00,15.98,0.0,2,3196,卖盘,603042,2025-10-17 22:52:45
14:30:12,15.98,0.0,10,15980,卖盘,603042,2025-10-17 22:52:45
14:30:18,15.98,0.0,10,15980,卖盘,603042,2025-10-17 22:52:45
14:30:30,15.98,0.0,20,31960,卖盘,603042,2025-10-17 22:52:45
14:30:33,15.98,0.0,8,12784,卖盘,603042,2025-10-17 22:52:45
14:30:48,15.98,0.0,2,3196,卖盘,603042,2025-10-17 22:52:45
14:30:57,15.98,0.0,4,6392,卖盘,603042,2025-10-17 22:52:45
14:31:21,15.98,0.0,6,9588,卖盘,603042,2025-10-17 22:52:45
14:31:33,15.98,0.0,23,36754,卖盘,603042,2025-10-17 22:52:45
14:31:39,15.98,0.0,2,3196,卖盘,603042,2025-10-17 22:52:45
14:32:03,15.98,0.0,10,15980,卖盘,603042,2025-10-17 22:52:45
14:32:06,15.98,0.0,3,4794,卖盘,603042,2025-10-17 22:52:45
14:32:12,15.98,0.0,6,9588,卖盘,603042,2025-10-17 22:52:45
14:32:15,15.98,0.0,8,12784,卖盘,603042,2025-10-17 22:52:45
14:32:18,15.98,0.0,10,15980,卖盘,603042,2025-10-17 22:52:45
14:32:21,15.98,0.0,5,7990,卖盘,603042,2025-10-17 22:52:45
14:32:27,15.98,0.0,10,15980,卖盘,603042,2025-10-17 22:52:45
14:32:33,15.98,0.0,22,35156,卖盘,603042,2025-10-17 22:52:45
14:32:36,15.98,0.0,5,7990,卖盘,603042,2025-10-17 22:52:45
14:32:42,15.98,0.0,125,199750,卖盘,603042,2025-10-17 22:52:45
14:32:45,15.98,0.0,3,4794,卖盘,603042,2025-10-17 22:52:45
14:32:54,15.98,0.0,4,6392,卖盘,603042,2025-10-17 22:52:45
14:33:06,15.98,0.0,10,15980,卖盘,603042,2025-10-17 22:52:45
14:33:09,15.98,0.0,10,15980,卖盘,603042,2025-10-17 22:52:45
14:33:15,15.98,0.0,1,1598,卖盘,603042,2025-10-17 22:52:45
14:33:18,15.98,0.0,22,35156,卖盘,603042,2025-10-17 22:52:45
14:33:21,15.98,0.0,15,23970,卖盘,603042,2025-10-17 22:52:45
14:33:24,15.98,0.0,1,1598,卖盘,603042,2025-10-17 22:52:45
14:33:27,15.98,0.0,4,6392,卖盘,603042,2025-10-17 22:52:45
14:33:30,15.98,0.0,22,35156,卖盘,603042,2025-10-17 22:52:45
14:33:36,15.98,0.0,20,31960,卖盘,603042,2025-10-17 22:52:45
14:33:45,15.98,0.0,6,9588,卖盘,603042,2025-10-17 22:52:45
14:33:51,15.98,0.0,11,17578,卖盘,603042,2025-10-17 22:52:45
14:33:54,15.98,0.0,32,51136,卖盘,603042,2025-10-17 22:52:45
14:34:00,15.98,0.0,20,31960,卖盘,603042,2025-10-17 22:52:45
14:34:15,15.98,0.0,6,9588,卖盘,603042,2025-10-17 22:52:45
14:34:30,15.98,0.0,64,102272,卖盘,603042,2025-10-17 22:52:45
14:34:33,15.98,0.0,3,4794,卖盘,603042,2025-10-17 22:52:45
14:34:36,15.98,0.0,4,6392,卖盘,603042,2025-10-17 22:52:45
14:34:39,15.98,0.0,10,15980,卖盘,603042,2025-10-17 22:52:45
14:34:51,15.98,0.0,10,15980,卖盘,603042,2025-10-17 22:52:45
14:34:57,15.98,0.0,1,1598,卖盘,603042,2025-10-17 22:52:45
14:35:03,15.98,0.0,13,20774,卖盘,603042,2025-10-17 22:52:45
14:35:09,15.98,0.0,1,1598,卖盘,603042,2025-10-17 22:52:45
14:35:12,15.98,0.0,2,3196,卖盘,603042,2025-10-17 22:52:45
14:35:21,15.98,0.0,2,3196,卖盘,603042,2025-10-17 22:52:45
14:35:27,15.98,0.0,5,7990,卖盘,603042,2025-10-17 22:52:45
14:35:30,15.98,0.0,50,79900,卖盘,603042,2025-10-17 22:52:45
14:35:39,15.98,0.0,20,31960,卖盘,603042,2025-10-17 22:52:45
14:35:42,15.98,0.0,100,159800,卖盘,603042,2025-10-17 22:52:45
14:35:51,15.98,0.0,4,6392,卖盘,603042,2025-10-17 22:52:45
14:35:54,15.98,0.0,20,31960,卖盘,603042,2025-10-17 22:52:45
14:36:00,15.98,0.0,9,14382,卖盘,603042,2025-10-17 22:52:45
14:36:12,15.98,0.0,1,1598,卖盘,603042,2025-10-17 22:52:45
14:36:18,15.98,0.0,20,31960,卖盘,603042,2025-10-17 22:52:45
14:36:21,15.98,0.0,20,31960,卖盘,603042,2025-10-17 22:52:45
14:36:27,15.98,0.0,5,7990,卖盘,603042,2025-10-17 22:52:45
14:36:30,15.98,0.0,14,22372,卖盘,603042,2025-10-17 22:52:45
14:36:42,15.98,0.0,54,86292,卖盘,603042,2025-10-17 22:52:45
14:36:54,15.98,0.0,2,3196,卖盘,603042,2025-10-17 22:52:45
14:36:57,15.98,0.0,5,7990,卖盘,603042,2025-10-17 22:52:45
14:37:00,15.98,0.0,5,7990,卖盘,603042,2025-10-17 22:52:45
14:37:03,15.98,0.0,1,1598,卖盘,603042,2025-10-17 22:52:45
14:37:06,15.98,0.0,8,12784,卖盘,603042,2025-10-17 22:52:45
14:37:09,15.98,0.0,25,39950,卖盘,603042,2025-10-17 22:52:45
14:37:18,15.98,0.0,20,31960,卖盘,603042,2025-10-17 22:52:45
14:37:21,15.98,0.0,4,6392,卖盘,603042,2025-10-17 22:52:45
14:37:24,15.98,0.0,15,23970,卖盘,603042,2025-10-17 22:52:45
14:37:30,15.98,0.0,4,6392,卖盘,603042,2025-10-17 22:52:45
14:37:42,15.98,0.0,20,31960,卖盘,603042,2025-10-17 22:52:45
14:37:45,15.98,0.0,54,86292,卖盘,603042,2025-10-17 22:52:45
14:37:48,15.98,0.0,18,28764,卖盘,603042,2025-10-17 22:52:45
14:37:54,15.98,0.0,8,12784,卖盘,603042,2025-10-17 22:52:45
14:37:57,15.98,0.0,20,31960,卖盘,603042,2025-10-17 22:52:45
14:38:00,15.98,0.0,125,199750,卖盘,603042,2025-10-17 22:52:45
14:38:03,15.98,0.0,10,15980,卖盘,603042,2025-10-17 22:52:45
14:38:06,15.98,0.0,3,4794,卖盘,603042,2025-10-17 22:52:45
14:38:24,15.98,0.0,5,7990,卖盘,603042,2025-10-17 22:52:45
14:38:27,15.98,0.0,32,51136,卖盘,603042,2025-10-17 22:52:45
14:38:33,15.98,0.0,30,47940,卖盘,603042,2025-10-17 22:52:45
14:38:36,15.98,0.0,30,47940,卖盘,603042,2025-10-17 22:52:45
14:38:39,15.98,0.0,1,1598,卖盘,603042,2025-10-17 22:52:45
14:38:42,15.98,0.0,20,31960,卖盘,603042,2025-10-17 22:52:45
14:38:51,15.98,0.0,6,9588,卖盘,603042,2025-10-17 22:52:45
14:39:00,15.98,0.0,8,12784,卖盘,603042,2025-10-17 22:52:45
14:39:03,15.98,0.0,10,15980,卖盘,603042,2025-10-17 22:52:45
14:39:06,15.98,0.0,44,70312,卖盘,603042,2025-10-17 22:52:45
14:39:30,15.98,0.0,50,79900,卖盘,603042,2025-10-17 22:52:45
14:39:36,15.98,0.0,9,14382,卖盘,603042,2025-10-17 22:52:45
14:39:39,15.98,0.0,30,47940,卖盘,603042,2025-10-17 22:52:45
14:39:48,15.98,0.0,30,47940,卖盘,603042,2025-10-17 22:52:45
14:40:03,15.98,0.0,46,73508,卖盘,603042,2025-10-17 22:52:45
14:40:09,15.98,0.0,12,19176,卖盘,603042,2025-10-17 22:52:45
14:40:27,15.98,0.0,3,4794,卖盘,603042,2025-10-17 22:52:45
14:40:30,15.98,0.0,1,1598,卖盘,603042,2025-10-17 22:52:45
14:40:39,15.98,0.0,10,15980,卖盘,603042,2025-10-17 22:52:45
14:40:54,15.98,0.0,20,31960,卖盘,603042,2025-10-17 22:52:45
14:40:57,15.98,0.0,2,3196,卖盘,603042,2025-10-17 22:52:45
14:41:00,15.98,0.0,21,33558,卖盘,603042,2025-10-17 22:52:45
14:41:03,15.98,0.0,26,41548,卖盘,603042,2025-10-17 22:52:45
14:41:06,15.98,0.0,39,62322,卖盘,603042,2025-10-17 22:52:45
14:41:18,15.98,0.0,1,1598,卖盘,603042,2025-10-17 22:52:45
14:41:33,15.98,0.0,10,15980,卖盘,603042,2025-10-17 22:52:45
14:41:42,15.98,0.0,157,250886,卖盘,603042,2025-10-17 22:52:45
14:41:57,15.98,0.0,20,31960,卖盘,603042,2025-10-17 22:52:45
14:42:00,15.98,0.0,700,1118600,卖盘,603042,2025-10-17 22:52:45
14:42:03,15.98,0.0,20,31960,卖盘,603042,2025-10-17 22:52:45
14:42:06,15.98,0.0,3,4794,卖盘,603042,2025-10-17 22:52:45
14:42:09,15.98,0.0,5,7990,卖盘,603042,2025-10-17 22:52:45
14:42:15,15.98,0.0,98,156604,卖盘,603042,2025-10-17 22:52:45
14:42:18,15.98,0.0,1,1598,卖盘,603042,2025-10-17 22:52:45
14:42:21,15.98,0.0,59,94282,卖盘,603042,2025-10-17 22:52:45
14:42:24,15.98,0.0,5,7990,卖盘,603042,2025-10-17 22:52:45
14:42:30,15.98,0.0,640,1022720,卖盘,603042,2025-10-17 22:52:45
14:42:36,15.98,0.0,14,22372,卖盘,603042,2025-10-17 22:52:45
14:42:42,15.98,0.0,1,1598,卖盘,603042,2025-10-17 22:52:45
14:42:45,15.98,0.0,25,39950,卖盘,603042,2025-10-17 22:52:45
14:42:48,15.98,0.0,63,100674,卖盘,603042,2025-10-17 22:52:45
14:42:57,15.98,0.0,15,23970,卖盘,603042,2025-10-17 22:52:45
14:43:00,15.98,0.0,54,86292,卖盘,603042,2025-10-17 22:52:45
14:43:03,15.98,0.0,10,15980,卖盘,603042,2025-10-17 22:52:45
14:43:06,15.98,0.0,10,15980,卖盘,603042,2025-10-17 22:52:45
14:43:12,15.98,0.0,10,15980,卖盘,603042,2025-10-17 22:52:45
14:43:15,15.98,0.0,6,9588,卖盘,603042,2025-10-17 22:52:45
14:43:18,15.98,0.0,10,15980,卖盘,603042,2025-10-17 22:52:45
14:43:21,15.98,0.0,4,6392,卖盘,603042,2025-10-17 22:52:45
14:43:24,15.98,0.0,10,15980,卖盘,603042,2025-10-17 22:52:45
14:43:27,15.98,0.0,8,12784,卖盘,603042,2025-10-17 22:52:45
14:43:33,15.98,0.0,15,23970,卖盘,603042,2025-10-17 22:52:45
14:43:42,15.98,0.0,10,15980,卖盘,603042,2025-10-17 22:52:45
14:43:54,15.98,0.0,1,1598,卖盘,603042,2025-10-17 22:52:45
14:43:57,15.98,0.0,5,7990,卖盘,603042,2025-10-17 22:52:45
14:44:03,15.98,0.0,5,7990,卖盘,603042,2025-10-17 22:52:45
14:44:09,15.98,0.0,30,47940,卖盘,603042,2025-10-17 22:52:45
14:44:12,15.98,0.0,4,6392,卖盘,603042,2025-10-17 22:52:45
14:44:15,15.98,0.0,5,7990,卖盘,603042,2025-10-17 22:52:45
14:44:24,15.98,0.0,3,4794,卖盘,603042,2025-10-17 22:52:45
14:44:27,15.98,0.0,2,3196,卖盘,603042,2025-10-17 22:52:45
14:44:30,15.98,0.0,6,9588,卖盘,603042,2025-10-17 22:52:45
14:44:36,15.98,0.0,5,7990,卖盘,603042,2025-10-17 22:52:45
14:44:51,15.98,0.0,3,4794,卖盘,603042,2025-10-17 22:52:45
14:44:54,15.98,0.0,3,4794,卖盘,603042,2025-10-17 22:52:45
14:44:57,15.98,0.0,5,7990,卖盘,603042,2025-10-17 22:52:45
14:45:03,15.98,0.0,21,33558,卖盘,603042,2025-10-17 22:52:45
14:45:09,15.98,0.0,5,7990,卖盘,603042,2025-10-17 22:52:45
14:45:12,15.98,0.0,22,35156,卖盘,603042,2025-10-17 22:52:45
14:45:21,15.98,0.0,6,9588,卖盘,603042,2025-10-17 22:52:45
14:45:42,15.98,0.0,2,3196,卖盘,603042,2025-10-17 22:52:45
14:45:51,15.98,0.0,13,20774,卖盘,603042,2025-10-17 22:52:45
14:45:54,15.98,0.0,100,159800,卖盘,603042,2025-10-17 22:52:45
14:46:00,15.98,0.0,2,3196,卖盘,603042,2025-10-17 22:52:45
14:46:06,15.98,0.0,6,9588,卖盘,603042,2025-10-17 22:52:45
14:46:09,15.98,0.0,2,3196,卖盘,603042,2025-10-17 22:52:45
14:46:12,15.98,0.0,6,9588,卖盘,603042,2025-10-17 22:52:45
14:46:15,15.98,0.0,3,4794,卖盘,603042,2025-10-17 22:52:45
14:46:24,15.98,0.0,4,6392,卖盘,603042,2025-10-17 22:52:45
14:46:27,15.98,0.0,10,15980,卖盘,603042,2025-10-17 22:52:45
14:46:30,15.98,0.0,1,1598,卖盘,603042,2025-10-17 22:52:45
14:46:33,15.98,0.0,6,9588,卖盘,603042,2025-10-17 22:52:45
14:46:36,15.98,0.0,5,7990,卖盘,603042,2025-10-17 22:52:45
14:46:45,15.98,0.0,4,6392,卖盘,603042,2025-10-17 22:52:45
14:46:48,15.98,0.0,3,4794,卖盘,603042,2025-10-17 22:52:45
14:46:57,15.98,0.0,10,15980,卖盘,603042,2025-10-17 22:52:45
14:47:03,15.98,0.0,5,7990,卖盘,603042,2025-10-17 22:52:45
14:47:06,15.98,0.0,2,3196,卖盘,603042,2025-10-17 22:52:45
14:47:15,15.98,0.0,1,1598,卖盘,603042,2025-10-17 22:52:45
14:47:27,15.98,0.0,11,17578,卖盘,603042,2025-10-17 22:52:45
14:47:30,15.98,0.0,5,7990,卖盘,603042,2025-10-17 22:52:45
14:47:33,15.98,0.0,10,15980,卖盘,603042,2025-10-17 22:52:45
14:47:36,15.98,0.0,1,1598,卖盘,603042,2025-10-17 22:52:45
14:47:42,15.98,0.0,29,46342,卖盘,603042,2025-10-17 22:52:45
14:47:51,15.98,0.0,4,6392,卖盘,603042,2025-10-17 22:52:45
14:48:00,15.98,0.0,5,7990,卖盘,603042,2025-10-17 22:52:45
14:48:03,15.98,0.0,1,1598,卖盘,603042,2025-10-17 22:52:45
14:48:09,15.98,0.0,50,79900,卖盘,603042,2025-10-17 22:52:45
14:48:42,15.98,0.0,5,7990,卖盘,603042,2025-10-17 22:52:45
14:48:48,15.98,0.0,14,22372,卖盘,603042,2025-10-17 22:52:45
14:48:51,15.98,0.0,5,7990,卖盘,603042,2025-10-17 22:52:45
14:49:00,15.98,0.0,7,11186,卖盘,603042,2025-10-17 22:52:45
14:49:03,15.98,0.0,7,11186,卖盘,603042,2025-10-17 22:52:45
14:49:06,15.98,0.0,15,23970,卖盘,603042,2025-10-17 22:52:45
14:49:09,15.98,0.0,1,1598,卖盘,603042,2025-10-17 22:52:45
14:49:12,15.98,0.0,1,1598,卖盘,603042,2025-10-17 22:52:45
14:49:15,15.98,0.0,50,79900,卖盘,603042,2025-10-17 22:52:45
14:49:18,15.98,0.0,1,1598,卖盘,603042,2025-10-17 22:52:45
14:49:24,15.98,0.0,9,14382,卖盘,603042,2025-10-17 22:52:45
14:49:30,15.98,0.0,1,1598,卖盘,603042,2025-10-17 22:52:45
14:49:54,15.98,0.0,76,121448,卖盘,603042,2025-10-17 22:52:45
14:49:57,15.98,0.0,36,57528,卖盘,603042,2025-10-17 22:52:45
14:50:00,15.98,0.0,12,19176,卖盘,603042,2025-10-17 22:52:45
14:50:03,15.98,0.0,9,14382,卖盘,603042,2025-10-17 22:52:45
14:50:09,15.98,0.0,19,30362,卖盘,603042,2025-10-17 22:52:45
14:50:12,15.98,0.0,23,36754,卖盘,603042,2025-10-17 22:52:45
14:50:18,15.98,0.0,51,81498,卖盘,603042,2025-10-17 22:52:45
14:50:24,15.98,0.0,10,15980,卖盘,603042,2025-10-17 22:52:45
14:50:30,15.98,0.0,100,159800,卖盘,603042,2025-10-17 22:52:45
14:50:33,15.98,0.0,4,6392,卖盘,603042,2025-10-17 22:52:45
14:50:39,15.98,0.0,1,1598,卖盘,603042,2025-10-17 22:52:45
14:50:42,15.98,0.0,20,31960,卖盘,603042,2025-10-17 22:52:45
