时间,成交价,价格变动,成交量,成交额,买卖盘性质,股票代码,采集时间
09:25:01,24.56,-0.05,16215,39824040,卖盘,603011,2025-10-17 22:55:41
09:30:01,24.59,0.03,1503,3691773,买盘,603011,2025-10-17 22:55:41
09:30:04,24.6,0.01,2641,6487197,买盘,603011,2025-10-17 22:55:41
09:30:07,24.48,-0.12,3937,9653782,卖盘,603011,2025-10-17 22:55:41
09:30:10,24.49,0.01,2140,5239980,买盘,603011,2025-10-17 22:55:41
09:30:13,24.55,0.06,2443,5993960,买盘,603011,2025-10-17 22:55:41
09:30:16,24.55,0.0,3457,8475044,买盘,603011,2025-10-17 22:55:41
09:30:19,24.46,-0.09,3260,7977848,卖盘,603011,2025-10-17 22:55:41
09:30:22,24.44,-0.02,2874,7026008,中性盘,603011,2025-10-17 22:55:41
09:30:25,24.45,0.01,1913,4671759,买盘,603011,2025-10-17 22:55:41
09:30:28,24.39,-0.06,2043,4992592,卖盘,603011,2025-10-17 22:55:41
09:30:31,24.4,0.01,1749,4264495,买盘,603011,2025-10-17 22:55:41
09:30:34,24.25,-0.15,1251,3049616,卖盘,603011,2025-10-17 22:55:41
09:30:37,24.33,0.08,1180,2874920,中性盘,603011,2025-10-17 22:55:41
09:30:40,24.3,-0.03,1296,3149440,中性盘,603011,2025-10-17 22:55:41
09:30:43,24.23,-0.07,1187,2877784,中性盘,603011,2025-10-17 22:55:41
09:30:46,24.21,-0.02,1344,3256892,卖盘,603011,2025-10-17 22:55:41
09:30:49,24.16,-0.05,742,1795532,卖盘,603011,2025-10-17 22:55:41
09:30:52,24.1,-0.06,758,1831157,卖盘,603011,2025-10-17 22:55:41
09:30:55,24.1,0.0,1017,2455286,卖盘,603011,2025-10-17 22:55:41
09:30:58,24.03,-0.07,1550,3740594,卖盘,603011,2025-10-17 22:55:41
09:31:01,24.02,-0.01,1089,2620688,卖盘,603011,2025-10-17 22:55:41
09:31:04,24.0,-0.02,1628,3910503,卖盘,603011,2025-10-17 22:55:41
09:31:07,23.99,-0.01,812,1948182,卖盘,603011,2025-10-17 22:55:41
09:31:10,23.91,-0.08,500,1198188,卖盘,603011,2025-10-17 22:55:41
09:31:13,23.91,0.0,1282,3069256,买盘,603011,2025-10-17 22:55:41
09:31:16,23.89,-0.02,1319,3154353,中性盘,603011,2025-10-17 22:55:41
09:31:19,23.9,0.01,1717,4106985,买盘,603011,2025-10-17 22:55:41
09:31:22,23.9,0.0,1034,2473185,买盘,603011,2025-10-17 22:55:41
09:31:25,24.02,0.12,1438,3453694,买盘,603011,2025-10-17 22:55:41
09:31:28,24.21,0.19,1661,3998719,买盘,603011,2025-10-17 22:55:41
09:31:31,24.24,0.03,1015,2454121,买盘,603011,2025-10-17 22:55:41
09:31:34,24.25,0.01,1123,2722694,买盘,603011,2025-10-17 22:55:41
09:31:37,24.28,0.03,714,1734496,中性盘,603011,2025-10-17 22:55:41
09:31:40,24.37,0.09,260,632461,中性盘,603011,2025-10-17 22:55:41
09:31:43,24.37,0.0,975,2372379,买盘,603011,2025-10-17 22:55:41
09:31:46,24.27,-0.1,835,2032822,卖盘,603011,2025-10-17 22:55:41
09:31:49,24.23,-0.04,688,1669085,卖盘,603011,2025-10-17 22:55:41
09:31:52,24.1,-0.13,1251,3029142,卖盘,603011,2025-10-17 22:55:41
09:31:55,24.08,-0.02,363,876725,卖盘,603011,2025-10-17 22:55:41
09:31:58,24.2,0.12,1353,3258243,中性盘,603011,2025-10-17 22:55:41
09:32:01,24.2,0.0,629,1518435,买盘,603011,2025-10-17 22:55:41
09:32:04,24.08,-0.12,1373,3318571,卖盘,603011,2025-10-17 22:55:41
09:32:07,24.26,0.18,1835,4452237,买盘,603011,2025-10-17 22:55:41
09:32:10,24.25,-0.01,419,1016457,卖盘,603011,2025-10-17 22:55:41
09:32:13,24.26,0.01,244,592071,中性盘,603011,2025-10-17 22:55:41
09:32:16,24.26,0.0,376,912217,卖盘,603011,2025-10-17 22:55:41
09:32:19,24.27,0.01,734,1782032,买盘,603011,2025-10-17 22:55:41
09:32:22,24.28,0.01,669,1623797,买盘,603011,2025-10-17 22:55:41
09:32:25,24.3,0.02,374,908302,中性盘,603011,2025-10-17 22:55:41
09:32:28,24.2,-0.1,1831,4442088,卖盘,603011,2025-10-17 22:55:41
09:32:31,24.28,0.08,2638,6384366,买盘,603011,2025-10-17 22:55:41
09:32:34,24.3,0.02,1083,2627641,买盘,603011,2025-10-17 22:55:41
09:32:37,24.33,0.03,915,2228251,买盘,603011,2025-10-17 22:55:41
09:32:40,24.4,0.07,320,779783,买盘,603011,2025-10-17 22:55:41
09:32:43,24.4,0.0,675,1646722,卖盘,603011,2025-10-17 22:55:41
09:32:46,24.4,0.0,1149,2804249,买盘,603011,2025-10-17 22:55:41
09:32:49,24.4,0.0,1060,2588820,卖盘,603011,2025-10-17 22:55:41
09:32:52,24.41,0.01,766,1867411,买盘,603011,2025-10-17 22:55:41
09:32:55,24.33,-0.08,526,1280746,中性盘,603011,2025-10-17 22:55:41
09:32:58,24.33,0.0,374,910489,买盘,603011,2025-10-17 22:55:41
09:33:01,24.3,-0.03,966,2352282,中性盘,603011,2025-10-17 22:55:41
09:33:04,24.25,-0.05,473,1148802,卖盘,603011,2025-10-17 22:55:41
09:33:07,24.13,-0.12,481,1163629,卖盘,603011,2025-10-17 22:55:41
09:33:10,24.18,0.05,296,715461,买盘,603011,2025-10-17 22:55:41
09:33:13,24.15,-0.03,391,944783,卖盘,603011,2025-10-17 22:55:41
09:33:16,24.17,0.02,413,998211,中性盘,603011,2025-10-17 22:55:41
09:33:19,24.16,-0.01,515,1244499,卖盘,603011,2025-10-17 22:55:41
09:33:22,24.16,0.0,761,1840103,卖盘,603011,2025-10-17 22:55:41
09:33:25,24.17,0.01,636,1536550,买盘,603011,2025-10-17 22:55:41
09:33:28,24.17,0.0,817,1973039,买盘,603011,2025-10-17 22:55:41
09:33:31,24.17,0.0,386,933134,买盘,603011,2025-10-17 22:55:41
09:33:34,24.15,-0.02,851,2056006,卖盘,603011,2025-10-17 22:55:41
09:33:37,24.17,0.02,376,908345,买盘,603011,2025-10-17 22:55:41
09:33:40,24.16,-0.01,545,1316756,买盘,603011,2025-10-17 22:55:41
09:33:43,24.16,0.0,612,1478867,卖盘,603011,2025-10-17 22:55:41
09:33:46,24.15,-0.01,365,882018,卖盘,603011,2025-10-17 22:55:41
09:33:49,24.15,0.0,147,355027,卖盘,603011,2025-10-17 22:55:41
09:33:52,24.14,-0.01,423,1021257,卖盘,603011,2025-10-17 22:55:41
09:33:55,24.14,0.0,327,788656,买盘,603011,2025-10-17 22:55:41
09:33:58,24.12,-0.02,218,525651,中性盘,603011,2025-10-17 22:55:41
09:34:01,24.08,-0.04,497,1197814,卖盘,603011,2025-10-17 22:55:41
09:34:04,24.11,0.03,1261,3041942,买盘,603011,2025-10-17 22:55:41
09:34:07,24.13,0.02,693,1671831,中性盘,603011,2025-10-17 22:55:41
09:34:10,24.13,0.0,437,1054859,买盘,603011,2025-10-17 22:55:41
09:34:13,24.16,0.03,708,1709983,买盘,603011,2025-10-17 22:55:41
09:34:16,24.18,0.02,356,860263,买盘,603011,2025-10-17 22:55:41
09:34:19,24.21,0.03,316,764945,买盘,603011,2025-10-17 22:55:41
09:34:22,24.2,-0.01,594,1436772,卖盘,603011,2025-10-17 22:55:41
09:34:25,24.19,-0.01,258,624173,中性盘,603011,2025-10-17 22:55:41
09:34:28,24.18,-0.01,797,1925336,卖盘,603011,2025-10-17 22:55:41
09:34:31,24.17,-0.01,299,722411,中性盘,603011,2025-10-17 22:55:41
09:34:34,24.15,-0.02,225,543453,卖盘,603011,2025-10-17 22:55:41
09:34:37,24.12,-0.03,266,642228,卖盘,603011,2025-10-17 22:55:41
09:34:40,24.11,-0.01,163,393133,卖盘,603011,2025-10-17 22:55:41
09:34:43,24.1,-0.01,571,1376377,卖盘,603011,2025-10-17 22:55:41
09:34:46,24.1,0.0,392,944817,卖盘,603011,2025-10-17 22:55:41
09:34:49,24.11,0.01,475,1144868,买盘,603011,2025-10-17 22:55:41
09:34:52,24.1,-0.01,447,1077409,卖盘,603011,2025-10-17 22:55:41
09:34:55,24.1,0.0,449,1081867,买盘,603011,2025-10-17 22:55:41
09:34:58,24.05,-0.05,592,1425046,卖盘,603011,2025-10-17 22:55:41
09:35:01,24.03,-0.02,495,1190289,卖盘,603011,2025-10-17 22:55:41
09:35:04,24.01,-0.02,868,2085946,卖盘,603011,2025-10-17 22:55:41
09:35:07,24.0,-0.01,1339,3214546,卖盘,603011,2025-10-17 22:55:41
09:35:10,23.97,-0.03,347,831857,卖盘,603011,2025-10-17 22:55:41
09:35:13,23.96,-0.01,359,860350,卖盘,603011,2025-10-17 22:55:41
09:35:16,23.94,-0.02,441,1056457,卖盘,603011,2025-10-17 22:55:41
09:35:19,23.94,0.0,504,1206704,卖盘,603011,2025-10-17 22:55:41
09:35:22,23.92,-0.02,821,1964506,卖盘,603011,2025-10-17 22:55:41
09:35:25,23.92,0.0,3644,8736189,买盘,603011,2025-10-17 22:55:41
09:35:28,23.99,0.07,1335,3194564,买盘,603011,2025-10-17 22:55:41
09:35:31,24.02,0.03,1196,2863687,买盘,603011,2025-10-17 22:55:41
09:35:34,24.08,0.06,729,1749131,买盘,603011,2025-10-17 22:55:41
09:35:37,24.04,-0.04,317,761997,卖盘,603011,2025-10-17 22:55:41
09:35:40,24.04,0.0,327,786404,买盘,603011,2025-10-17 22:55:41
09:35:43,24.03,-0.01,542,1302975,卖盘,603011,2025-10-17 22:55:41
09:35:46,24.0,-0.03,1286,3091143,卖盘,603011,2025-10-17 22:55:41
09:35:49,24.02,0.02,546,1311557,买盘,603011,2025-10-17 22:55:41
09:35:52,24.0,-0.02,605,1452869,卖盘,603011,2025-10-17 22:55:41
09:35:55,24.02,0.02,727,1745217,买盘,603011,2025-10-17 22:55:41
09:35:58,24.0,-0.02,489,1174006,卖盘,603011,2025-10-17 22:55:41
09:36:01,24.0,0.0,532,1277166,卖盘,603011,2025-10-17 22:55:41
09:36:04,24.05,0.05,608,1460222,买盘,603011,2025-10-17 22:55:41
09:36:07,24.11,0.06,567,1364984,买盘,603011,2025-10-17 22:55:41
09:36:10,24.11,0.0,369,888995,买盘,603011,2025-10-17 22:55:41
09:36:13,24.12,0.01,166,400644,中性盘,603011,2025-10-17 22:55:41
09:36:16,24.14,0.02,428,1032975,买盘,603011,2025-10-17 22:55:41
09:36:19,24.15,0.01,318,767928,卖盘,603011,2025-10-17 22:55:41
09:36:22,24.15,0.0,589,1422118,卖盘,603011,2025-10-17 22:55:41
09:36:25,24.15,0.0,456,1101033,卖盘,603011,2025-10-17 22:55:41
09:36:28,24.09,-0.06,166,400172,卖盘,603011,2025-10-17 22:55:41
09:36:31,24.08,-0.01,84,202342,卖盘,603011,2025-10-17 22:55:41
09:36:34,24.05,-0.03,100,240692,卖盘,603011,2025-10-17 22:55:41
09:36:37,24.04,-0.01,103,247665,卖盘,603011,2025-10-17 22:55:41
09:36:40,24.03,-0.01,205,492830,中性盘,603011,2025-10-17 22:55:41
09:36:43,24.02,-0.01,4075,9769875,卖盘,603011,2025-10-17 22:55:41
09:36:46,24.0,-0.02,289,693622,卖盘,603011,2025-10-17 22:55:41
09:36:49,23.98,-0.02,416,998006,卖盘,603011,2025-10-17 22:55:41
09:36:52,23.95,-0.03,693,1662887,卖盘,603011,2025-10-17 22:55:41
09:36:55,23.93,-0.02,390,934079,卖盘,603011,2025-10-17 22:55:41
09:36:58,23.93,0.0,401,959366,卖盘,603011,2025-10-17 22:55:41
09:37:01,23.96,0.03,1552,3717840,买盘,603011,2025-10-17 22:55:41
09:37:04,23.95,-0.01,733,1756040,卖盘,603011,2025-10-17 22:55:41
09:37:07,24.0,0.05,366,877238,买盘,603011,2025-10-17 22:55:41
09:37:10,24.0,0.0,421,1008846,卖盘,603011,2025-10-17 22:55:41
09:37:13,24.05,0.05,291,698584,买盘,603011,2025-10-17 22:55:41
09:37:16,24.05,0.0,422,1015024,卖盘,603011,2025-10-17 22:55:41
09:37:19,24.05,0.0,243,584594,卖盘,603011,2025-10-17 22:55:41
09:37:22,24.05,0.0,284,682589,买盘,603011,2025-10-17 22:55:41
09:37:25,24.0,-0.05,316,758750,卖盘,603011,2025-10-17 22:55:41
09:37:28,24.0,0.0,405,972575,买盘,603011,2025-10-17 22:55:41
09:37:31,24.05,0.05,516,1239426,买盘,603011,2025-10-17 22:55:41
09:37:34,24.05,0.0,512,1231125,买盘,603011,2025-10-17 22:55:41
09:37:37,24.09,0.04,437,1051335,买盘,603011,2025-10-17 22:55:41
09:37:40,24.09,0.0,292,702363,买盘,603011,2025-10-17 22:55:41
09:37:43,24.1,0.01,361,869496,买盘,603011,2025-10-17 22:55:41
09:37:46,24.09,-0.01,433,1043393,卖盘,603011,2025-10-17 22:55:41
09:37:49,24.1,0.01,179,431319,买盘,603011,2025-10-17 22:55:41
09:37:52,24.1,0.0,197,474635,买盘,603011,2025-10-17 22:55:41
09:37:55,24.1,0.0,643,1551024,买盘,603011,2025-10-17 22:55:41
09:37:58,24.1,0.0,199,479636,卖盘,603011,2025-10-17 22:55:41
09:38:01,24.08,-0.02,513,1235812,卖盘,603011,2025-10-17 22:55:41
09:38:04,24.07,-0.01,145,349078,卖盘,603011,2025-10-17 22:55:41
09:38:07,24.04,-0.03,332,798485,卖盘,603011,2025-10-17 22:55:41
09:38:10,24.02,-0.02,431,1035765,卖盘,603011,2025-10-17 22:55:41
09:38:13,24.01,-0.01,410,984742,卖盘,603011,2025-10-17 22:55:41
09:38:16,24.03,0.02,1100,2641629,买盘,603011,2025-10-17 22:55:41
09:38:19,24.05,0.02,1891,4551368,买盘,603011,2025-10-17 22:55:41
09:38:22,24.11,0.06,386,928596,买盘,603011,2025-10-17 22:55:41
09:38:25,24.05,-0.06,526,1264932,卖盘,603011,2025-10-17 22:55:41
09:38:28,24.05,0.0,80,192410,买盘,603011,2025-10-17 22:55:41
09:38:31,24.08,0.03,487,1171541,买盘,603011,2025-10-17 22:55:41
09:38:34,24.05,-0.03,632,1521235,卖盘,603011,2025-10-17 22:55:41
09:38:37,24.07,0.02,121,291305,买盘,603011,2025-10-17 22:55:41
09:38:40,24.04,-0.03,214,514578,卖盘,603011,2025-10-17 22:55:41
09:38:43,24.07,0.03,814,1956727,买盘,603011,2025-10-17 22:55:41
09:38:46,24.06,-0.01,252,606124,买盘,603011,2025-10-17 22:55:41
09:38:49,24.04,-0.02,177,425563,卖盘,603011,2025-10-17 22:55:41
09:38:52,24.04,0.0,159,382208,买盘,603011,2025-10-17 22:55:41
09:38:55,24.03,-0.01,249,598389,卖盘,603011,2025-10-17 22:55:41
09:38:58,24.03,0.0,724,1738294,买盘,603011,2025-10-17 22:55:41
09:39:01,24.0,-0.03,1071,2570703,卖盘,603011,2025-10-17 22:55:41
09:39:04,23.98,-0.02,693,1662918,卖盘,603011,2025-10-17 22:55:41
09:39:07,23.98,0.0,206,493947,卖盘,603011,2025-10-17 22:55:41
09:39:10,23.95,-0.03,430,1030389,卖盘,603011,2025-10-17 22:55:41
09:39:13,23.95,0.0,460,1101782,卖盘,603011,2025-10-17 22:55:41
09:39:16,23.94,-0.01,473,1132374,卖盘,603011,2025-10-17 22:55:41
09:39:19,23.94,0.0,268,641542,卖盘,603011,2025-10-17 22:55:41
09:39:22,23.9,-0.04,2571,6146487,卖盘,603011,2025-10-17 22:55:41
09:39:25,23.89,-0.01,210,501906,卖盘,603011,2025-10-17 22:55:41
09:39:28,23.88,-0.01,1366,3262827,卖盘,603011,2025-10-17 22:55:41
09:39:31,23.87,-0.01,500,1193722,卖盘,603011,2025-10-17 22:55:41
09:39:34,23.81,-0.06,718,1712395,卖盘,603011,2025-10-17 22:55:41
09:39:37,23.88,0.07,2309,5510203,买盘,603011,2025-10-17 22:55:41
09:39:40,23.82,-0.06,1695,4044721,卖盘,603011,2025-10-17 22:55:41
09:39:43,23.84,0.02,607,1447222,买盘,603011,2025-10-17 22:55:41
09:39:46,23.86,0.02,566,1349249,中性盘,603011,2025-10-17 22:55:41
09:39:49,23.83,-0.03,984,2345799,卖盘,603011,2025-10-17 22:55:41
09:39:52,23.83,0.0,634,1511466,卖盘,603011,2025-10-17 22:55:41
09:39:55,23.84,0.01,1261,3005167,买盘,603011,2025-10-17 22:55:41
09:39:58,23.84,0.0,1336,3184402,买盘,603011,2025-10-17 22:55:41
09:40:01,23.84,0.0,1059,2525302,卖盘,603011,2025-10-17 22:55:41
09:40:04,23.84,0.0,806,1921288,卖盘,603011,2025-10-17 22:55:41
09:40:07,23.85,0.01,926,2208070,买盘,603011,2025-10-17 22:55:41
09:40:10,23.84,-0.01,577,1375920,卖盘,603011,2025-10-17 22:55:41
09:40:13,23.83,-0.01,883,2104995,卖盘,603011,2025-10-17 22:55:41
09:40:16,23.88,0.05,1099,2621939,买盘,603011,2025-10-17 22:55:41
09:40:19,23.91,0.03,795,1899974,买盘,603011,2025-10-17 22:55:41
09:40:22,23.88,-0.03,1219,2915461,卖盘,603011,2025-10-17 22:55:41
09:40:25,23.9,0.02,606,1446927,买盘,603011,2025-10-17 22:55:41
09:40:28,23.9,0.0,509,1215621,卖盘,603011,2025-10-17 22:55:41
09:40:31,23.89,-0.01,187,446526,中性盘,603011,2025-10-17 22:55:41
09:40:34,23.87,-0.02,209,498947,卖盘,603011,2025-10-17 22:55:41
09:40:37,23.88,0.01,874,2085840,买盘,603011,2025-10-17 22:55:41
09:40:40,23.85,-0.03,637,1519497,卖盘,603011,2025-10-17 22:55:41
09:40:43,23.87,0.02,386,921105,买盘,603011,2025-10-17 22:55:41
09:40:46,23.85,-0.02,538,1282772,卖盘,603011,2025-10-17 22:55:41
09:40:49,23.84,-0.01,962,2294316,卖盘,603011,2025-10-17 22:55:41
09:40:52,23.83,-0.01,596,1420273,卖盘,603011,2025-10-17 22:55:41
09:40:55,23.82,-0.01,288,686163,卖盘,603011,2025-10-17 22:55:41
09:40:58,23.82,0.0,496,1181481,卖盘,603011,2025-10-17 22:55:41
09:41:01,23.82,0.0,726,1728758,买盘,603011,2025-10-17 22:55:41
09:41:04,23.81,-0.01,1692,4029140,卖盘,603011,2025-10-17 22:55:41
09:41:07,23.8,-0.01,944,2246779,卖盘,603011,2025-10-17 22:55:41
09:41:10,23.81,0.01,2300,5474359,买盘,603011,2025-10-17 22:55:41
09:41:13,23.85,0.04,2080,4956107,买盘,603011,2025-10-17 22:55:41
09:41:16,23.89,0.04,2544,6072568,买盘,603011,2025-10-17 22:55:41
09:41:19,23.87,-0.02,1308,3125381,卖盘,603011,2025-10-17 22:55:41
09:41:22,23.86,-0.01,1997,4771499,卖盘,603011,2025-10-17 22:55:41
09:41:25,23.86,0.0,415,990051,卖盘,603011,2025-10-17 22:55:41
09:41:28,23.86,0.0,632,1507897,买盘,603011,2025-10-17 22:55:41
09:41:31,23.86,0.0,399,951534,买盘,603011,2025-10-17 22:55:41
09:41:34,23.84,-0.02,860,2050603,卖盘,603011,2025-10-17 22:55:41
09:41:37,23.85,0.01,958,2285281,买盘,603011,2025-10-17 22:55:41
09:41:40,23.85,0.0,353,841765,卖盘,603011,2025-10-17 22:55:41
09:41:43,23.85,0.0,809,1929817,卖盘,603011,2025-10-17 22:55:41
09:41:46,23.86,0.01,847,2019481,中性盘,603011,2025-10-17 22:55:41
09:41:49,23.9,0.04,1293,3088497,买盘,603011,2025-10-17 22:55:41
09:41:52,23.86,-0.04,1929,4606985,卖盘,603011,2025-10-17 22:55:41
09:41:55,23.89,0.03,705,1684043,买盘,603011,2025-10-17 22:55:41
09:41:58,23.89,0.0,507,1211155,买盘,603011,2025-10-17 22:55:41
09:42:01,23.92,0.03,238,569007,买盘,603011,2025-10-17 22:55:41
09:42:04,23.93,0.01,983,2351177,买盘,603011,2025-10-17 22:55:41
09:42:07,23.94,0.01,238,569494,买盘,603011,2025-10-17 22:55:41
09:42:10,23.98,0.04,548,1311912,买盘,603011,2025-10-17 22:55:41
09:42:13,23.99,0.01,244,585091,买盘,603011,2025-10-17 22:55:41
09:42:16,23.99,0.0,1002,2401422,买盘,603011,2025-10-17 22:55:41
09:42:19,23.96,-0.03,1098,2633415,卖盘,603011,2025-10-17 22:55:41
09:42:22,23.96,0.0,267,639983,买盘,603011,2025-10-17 22:55:41
09:42:25,23.98,0.02,211,505592,买盘,603011,2025-10-17 22:55:41
09:42:28,23.96,-0.02,295,706567,卖盘,603011,2025-10-17 22:55:41
09:42:31,23.96,0.0,177,424094,买盘,603011,2025-10-17 22:55:41
09:42:34,23.93,-0.03,772,1847416,卖盘,603011,2025-10-17 22:55:41
09:42:37,23.92,-0.01,332,794142,卖盘,603011,2025-10-17 22:55:41
09:42:40,23.9,-0.02,212,506982,卖盘,603011,2025-10-17 22:55:41
09:42:43,23.9,0.0,248,592803,卖盘,603011,2025-10-17 22:55:41
09:42:46,23.9,0.0,240,573546,卖盘,603011,2025-10-17 22:55:41
09:42:49,23.89,-0.01,286,683012,卖盘,603011,2025-10-17 22:55:41
09:42:52,23.87,-0.02,260,620760,卖盘,603011,2025-10-17 22:55:41
09:42:55,23.87,0.0,308,735528,卖盘,603011,2025-10-17 22:55:41
09:42:58,23.87,0.0,733,1749846,卖盘,603011,2025-10-17 22:55:41
09:43:01,23.89,0.02,964,2300988,买盘,603011,2025-10-17 22:55:41
09:43:04,23.87,-0.02,330,787983,卖盘,603011,2025-10-17 22:55:41
09:43:07,23.87,0.0,510,1217481,买盘,603011,2025-10-17 22:55:41
09:43:10,23.87,0.0,409,975978,买盘,603011,2025-10-17 22:55:41
09:43:13,23.86,-0.01,352,839945,卖盘,603011,2025-10-17 22:55:41
09:43:16,23.84,-0.02,189,451161,卖盘,603011,2025-10-17 22:55:41
09:43:19,23.83,-0.01,92,219277,卖盘,603011,2025-10-17 22:55:41
09:43:22,23.83,0.0,181,431248,卖盘,603011,2025-10-17 22:55:41
09:43:25,23.82,-0.01,396,943321,卖盘,603011,2025-10-17 22:55:41
09:43:28,23.81,-0.01,134,319065,卖盘,603011,2025-10-17 22:55:41
09:43:31,23.8,-0.01,743,1767793,卖盘,603011,2025-10-17 22:55:41
09:43:34,23.79,-0.01,121,287920,卖盘,603011,2025-10-17 22:55:41
09:43:37,23.78,-0.01,709,1686066,卖盘,603011,2025-10-17 22:55:41
09:43:40,23.78,0.0,711,1689192,卖盘,603011,2025-10-17 22:55:41
09:43:43,23.77,-0.01,202,480074,中性盘,603011,2025-10-17 22:55:41
09:43:46,23.77,0.0,1560,3708692,卖盘,603011,2025-10-17 22:55:41
09:43:49,23.77,0.0,440,1045859,卖盘,603011,2025-10-17 22:55:41
09:43:52,23.76,-0.01,549,1304130,卖盘,603011,2025-10-17 22:55:41
09:43:55,23.75,-0.01,342,812341,卖盘,603011,2025-10-17 22:55:41
09:43:58,23.74,-0.01,659,1564749,卖盘,603011,2025-10-17 22:55:41
09:44:01,23.74,0.0,983,2332568,买盘,603011,2025-10-17 22:55:41
09:44:04,23.74,0.0,1748,4148649,中性盘,603011,2025-10-17 22:55:41
09:44:07,23.73,-0.01,834,1979648,卖盘,603011,2025-10-17 22:55:41
09:44:10,23.72,-0.01,845,2004569,卖盘,603011,2025-10-17 22:55:41
09:44:13,23.71,-0.01,227,538269,卖盘,603011,2025-10-17 22:55:41
09:44:16,23.7,-0.01,889,2107551,卖盘,603011,2025-10-17 22:55:41
09:44:19,23.7,0.0,1135,2689448,卖盘,603011,2025-10-17 22:55:41
09:44:22,23.7,0.0,751,1779338,买盘,603011,2025-10-17 22:55:41
09:44:25,23.69,-0.01,625,1480623,卖盘,603011,2025-10-17 22:55:41
09:44:28,23.68,-0.01,768,1819148,卖盘,603011,2025-10-17 22:55:41
09:44:31,23.66,-0.02,763,1806360,卖盘,603011,2025-10-17 22:55:41
09:44:34,23.66,0.0,1636,3872874,卖盘,603011,2025-10-17 22:55:41
09:44:37,23.66,0.0,966,2285599,卖盘,603011,2025-10-17 22:55:41
09:44:40,23.67,0.01,1867,4416886,买盘,603011,2025-10-17 22:55:41
09:44:43,23.67,0.0,1553,3676188,卖盘,603011,2025-10-17 22:55:41
09:44:46,23.72,0.05,3072,7278633,买盘,603011,2025-10-17 22:55:41
09:44:49,23.73,0.01,1224,2903310,买盘,603011,2025-10-17 22:55:41
09:44:52,23.76,0.03,479,1137209,买盘,603011,2025-10-17 22:55:41
09:44:55,23.75,-0.01,298,707615,买盘,603011,2025-10-17 22:55:41
09:44:58,23.77,0.02,808,1919477,买盘,603011,2025-10-17 22:55:41
09:45:01,23.77,0.0,649,1542407,买盘,603011,2025-10-17 22:55:41
09:45:04,23.79,0.02,462,1098308,买盘,603011,2025-10-17 22:55:41
09:45:07,23.79,0.0,682,1621672,买盘,603011,2025-10-17 22:55:41
09:45:10,23.78,-0.01,139,330668,卖盘,603011,2025-10-17 22:55:41
09:45:13,23.78,0.0,617,1466896,卖盘,603011,2025-10-17 22:55:41
09:45:16,23.77,-0.01,391,929215,卖盘,603011,2025-10-17 22:55:41
09:45:19,23.73,-0.04,476,1130809,卖盘,603011,2025-10-17 22:55:41
09:45:22,23.72,-0.01,355,842952,卖盘,603011,2025-10-17 22:55:41
09:45:25,23.71,-0.01,204,483908,卖盘,603011,2025-10-17 22:55:41
09:45:28,23.7,-0.01,786,1863441,卖盘,603011,2025-10-17 22:55:41
09:45:31,23.7,0.0,268,635561,卖盘,603011,2025-10-17 22:55:41
09:45:34,23.7,0.0,224,530564,买盘,603011,2025-10-17 22:55:41
09:45:37,23.67,-0.03,831,1967860,卖盘,603011,2025-10-17 22:55:41
09:45:40,23.68,0.01,565,1337985,买盘,603011,2025-10-17 22:55:41
09:45:43,23.7,0.02,1993,4722510,买盘,603011,2025-10-17 22:55:41
09:45:46,23.7,0.0,2817,6678071,卖盘,603011,2025-10-17 22:55:41
09:45:49,23.7,0.0,474,1123187,买盘,603011,2025-10-17 22:55:41
09:45:52,23.69,-0.01,1203,2851132,卖盘,603011,2025-10-17 22:55:41
09:45:55,23.69,0.0,807,1912098,买盘,603011,2025-10-17 22:55:41
09:45:58,23.69,0.0,742,1757460,买盘,603011,2025-10-17 22:55:41
09:46:01,23.73,0.04,2360,5594596,买盘,603011,2025-10-17 22:55:41
09:46:04,23.76,0.03,852,2023588,买盘,603011,2025-10-17 22:55:41
09:46:07,23.78,0.02,519,1233621,买盘,603011,2025-10-17 22:55:41
09:46:10,23.76,-0.02,756,1797142,卖盘,603011,2025-10-17 22:55:41
09:46:13,23.77,0.01,420,998081,买盘,603011,2025-10-17 22:55:41
09:46:16,23.76,-0.01,256,608391,买盘,603011,2025-10-17 22:55:41
09:46:19,23.76,0.0,316,750881,卖盘,603011,2025-10-17 22:55:41
09:46:22,23.76,0.0,249,591680,卖盘,603011,2025-10-17 22:55:41
09:46:25,23.76,0.0,167,396743,买盘,603011,2025-10-17 22:55:41
09:46:28,23.76,0.0,334,793353,买盘,603011,2025-10-17 22:55:41
09:46:31,23.75,-0.01,171,406168,卖盘,603011,2025-10-17 22:55:41
09:46:34,23.75,0.0,74,175767,买盘,603011,2025-10-17 22:55:41
09:46:37,23.74,-0.01,281,667171,卖盘,603011,2025-10-17 22:55:41
09:46:40,23.74,0.0,380,902246,卖盘,603011,2025-10-17 22:55:41
09:46:43,23.74,0.0,137,325218,卖盘,603011,2025-10-17 22:55:41
09:46:46,23.74,0.0,65,154293,买盘,603011,2025-10-17 22:55:41
09:46:49,23.73,-0.01,333,790249,卖盘,603011,2025-10-17 22:55:41
09:46:52,23.73,0.0,190,450918,卖盘,603011,2025-10-17 22:55:41
09:46:55,23.73,0.0,155,367781,买盘,603011,2025-10-17 22:55:41
09:46:58,23.72,-0.01,345,818402,卖盘,603011,2025-10-17 22:55:41
09:47:01,23.74,0.02,726,1722971,买盘,603011,2025-10-17 22:55:41
09:47:04,23.74,0.0,682,1618446,卖盘,603011,2025-10-17 22:55:41
09:47:07,23.74,0.0,250,593134,买盘,603011,2025-10-17 22:55:41
09:47:10,23.74,0.0,163,386855,买盘,603011,2025-10-17 22:55:41
09:47:13,23.73,-0.01,314,744904,中性盘,603011,2025-10-17 22:55:41
09:47:16,23.72,-0.01,121,287132,卖盘,603011,2025-10-17 22:55:41
09:47:19,23.73,0.01,207,491238,买盘,603011,2025-10-17 22:55:41
09:47:22,23.72,-0.01,416,986886,卖盘,603011,2025-10-17 22:55:41
09:47:25,23.73,0.01,170,403285,买盘,603011,2025-10-17 22:55:41
09:47:28,23.74,0.01,1370,3251880,买盘,603011,2025-10-17 22:55:41
09:47:31,23.74,0.0,236,560339,卖盘,603011,2025-10-17 22:55:41
09:47:34,23.75,0.01,637,1512774,买盘,603011,2025-10-17 22:55:41
09:47:37,23.75,0.0,108,256510,卖盘,603011,2025-10-17 22:55:41
09:47:40,23.75,0.0,475,1128350,卖盘,603011,2025-10-17 22:55:41
09:47:43,23.76,0.01,335,796076,买盘,603011,2025-10-17 22:55:41
09:47:46,23.76,0.0,163,387393,卖盘,603011,2025-10-17 22:55:41
09:47:49,23.76,0.0,452,1074123,卖盘,603011,2025-10-17 22:55:41
09:47:52,23.77,0.01,269,639274,买盘,603011,2025-10-17 22:55:41
09:47:55,23.77,0.0,91,216312,卖盘,603011,2025-10-17 22:55:41
09:47:58,23.77,0.0,1150,2732072,卖盘,603011,2025-10-17 22:55:41
09:48:01,23.76,-0.01,1135,2698358,卖盘,603011,2025-10-17 22:55:41
09:48:04,23.76,0.0,254,603669,卖盘,603011,2025-10-17 22:55:41
09:48:07,23.76,0.0,88,209073,卖盘,603011,2025-10-17 22:55:41
09:48:10,23.75,-0.01,719,1708428,卖盘,603011,2025-10-17 22:55:41
09:48:13,23.75,0.0,175,415601,卖盘,603011,2025-10-17 22:55:41
09:48:16,23.75,0.0,589,1398006,买盘,603011,2025-10-17 22:55:41
09:48:19,23.72,-0.03,213,505557,卖盘,603011,2025-10-17 22:55:41
09:48:22,23.72,0.0,265,628877,卖盘,603011,2025-10-17 22:55:41
09:48:25,23.72,0.0,117,277597,卖盘,603011,2025-10-17 22:55:41
09:48:28,23.71,-0.01,781,1851517,卖盘,603011,2025-10-17 22:55:41
09:48:31,23.7,-0.01,356,844020,卖盘,603011,2025-10-17 22:55:41
09:48:34,23.7,0.0,159,376892,卖盘,603011,2025-10-17 22:55:41
09:48:37,23.69,-0.01,481,1139915,卖盘,603011,2025-10-17 22:55:41
09:48:40,23.69,0.0,171,405169,卖盘,603011,2025-10-17 22:55:41
09:48:43,23.69,0.0,874,2071031,卖盘,603011,2025-10-17 22:55:41
09:48:46,23.69,0.0,997,2362336,卖盘,603011,2025-10-17 22:55:41
09:48:49,23.69,0.0,1191,2821806,卖盘,603011,2025-10-17 22:55:41
09:48:52,23.69,0.0,2606,6169534,卖盘,603011,2025-10-17 22:55:41
09:48:55,23.67,-0.02,66,156263,中性盘,603011,2025-10-17 22:55:41
09:48:58,23.67,0.0,166,392960,卖盘,603011,2025-10-17 22:55:41
09:49:01,23.67,0.0,1123,2658862,中性盘,603011,2025-10-17 22:55:41
09:49:04,23.68,0.01,876,2074964,买盘,603011,2025-10-17 22:55:41
09:49:07,23.71,0.03,927,2197239,买盘,603011,2025-10-17 22:55:41
09:49:10,23.76,0.05,729,1732147,买盘,603011,2025-10-17 22:55:41
09:49:13,23.79,0.03,891,2118948,买盘,603011,2025-10-17 22:55:41
09:49:16,23.79,0.0,486,1156317,卖盘,603011,2025-10-17 22:55:41
09:49:19,23.81,0.02,409,973891,买盘,603011,2025-10-17 22:55:41
09:49:22,23.82,0.01,249,593225,中性盘,603011,2025-10-17 22:55:41
09:49:25,23.88,0.06,409,975740,买盘,603011,2025-10-17 22:55:41
09:49:28,23.9,0.02,132,315301,买盘,603011,2025-10-17 22:55:41
09:49:31,23.99,0.09,931,2232320,买盘,603011,2025-10-17 22:55:41
09:49:34,24.0,0.01,327,784080,买盘,603011,2025-10-17 22:55:41
09:49:37,24.0,0.0,458,1099109,买盘,603011,2025-10-17 22:55:41
09:49:40,23.99,-0.01,519,1245375,卖盘,603011,2025-10-17 22:55:41
09:49:43,23.95,-0.04,343,822178,卖盘,603011,2025-10-17 22:55:41
09:49:46,23.91,-0.04,433,1036436,卖盘,603011,2025-10-17 22:55:41
09:49:49,23.9,-0.01,253,605135,卖盘,603011,2025-10-17 22:55:41
09:49:52,23.89,-0.01,312,745601,卖盘,603011,2025-10-17 22:55:41
09:49:55,23.9,0.01,266,635724,买盘,603011,2025-10-17 22:55:41
09:49:58,23.94,0.04,245,585807,买盘,603011,2025-10-17 22:55:41
09:50:01,23.94,0.0,144,344636,买盘,603011,2025-10-17 22:55:41
09:50:04,23.97,0.03,324,776197,买盘,603011,2025-10-17 22:55:41
09:50:07,24.01,0.04,1352,3245272,买盘,603011,2025-10-17 22:55:41
09:50:10,24.04,0.03,208,499995,中性盘,603011,2025-10-17 22:55:41
09:50:13,24.05,0.01,398,957518,买盘,603011,2025-10-17 22:55:41
09:50:16,24.05,0.0,552,1327186,买盘,603011,2025-10-17 22:55:41
09:50:19,24.04,-0.01,611,1468885,卖盘,603011,2025-10-17 22:55:41
09:50:22,24.02,-0.02,581,1396711,中性盘,603011,2025-10-17 22:55:41
09:50:25,24.01,-0.01,1056,2538348,卖盘,603011,2025-10-17 22:55:41
09:50:28,24.05,0.04,1303,3128643,买盘,603011,2025-10-17 22:55:41
09:50:31,24.02,-0.03,469,1127627,卖盘,603011,2025-10-17 22:55:41
09:50:34,24.05,0.03,57,137076,中性盘,603011,2025-10-17 22:55:41
09:50:37,24.06,0.01,711,1710207,买盘,603011,2025-10-17 22:55:41
09:50:40,24.07,0.01,193,464497,买盘,603011,2025-10-17 22:55:41
09:50:43,24.13,0.06,919,2214667,买盘,603011,2025-10-17 22:55:41
09:50:46,24.14,0.01,213,514184,买盘,603011,2025-10-17 22:55:41
09:50:49,24.19,0.05,499,1206087,买盘,603011,2025-10-17 22:55:41
09:50:52,24.18,-0.01,322,778909,中性盘,603011,2025-10-17 22:55:41
09:50:55,24.22,0.04,937,2267141,买盘,603011,2025-10-17 22:55:41
09:50:58,24.23,0.01,490,1186708,买盘,603011,2025-10-17 22:55:41
09:51:01,24.24,0.01,369,894793,买盘,603011,2025-10-17 22:55:41
09:51:04,24.25,0.01,250,606506,中性盘,603011,2025-10-17 22:55:41
09:51:07,24.25,0.0,2114,5127816,卖盘,603011,2025-10-17 22:55:41
09:51:10,24.17,-0.08,1790,4330329,卖盘,603011,2025-10-17 22:55:41
09:51:13,24.14,-0.03,537,1297110,卖盘,603011,2025-10-17 22:55:41
09:51:16,24.11,-0.03,398,960341,卖盘,603011,2025-10-17 22:55:41
09:51:19,24.09,-0.02,350,843538,卖盘,603011,2025-10-17 22:55:41
09:51:22,24.09,0.0,873,2104558,买盘,603011,2025-10-17 22:55:41
09:51:25,24.1,0.01,683,1646253,买盘,603011,2025-10-17 22:55:41
09:51:28,24.14,0.04,812,1959572,买盘,603011,2025-10-17 22:55:41
09:51:31,24.16,0.02,195,471025,买盘,603011,2025-10-17 22:55:41
09:51:34,24.21,0.05,136,328718,买盘,603011,2025-10-17 22:55:41
09:51:37,24.2,-0.01,418,1011026,买盘,603011,2025-10-17 22:55:41
09:51:40,24.21,0.01,841,2036244,买盘,603011,2025-10-17 22:55:41
09:51:43,24.21,0.0,239,578795,卖盘,603011,2025-10-17 22:55:41
09:51:46,24.2,-0.01,1148,2776365,卖盘,603011,2025-10-17 22:55:41
09:51:49,24.19,-0.01,464,1120378,买盘,603011,2025-10-17 22:55:41
09:51:52,24.13,-0.06,353,853141,中性盘,603011,2025-10-17 22:55:41
09:51:55,24.13,0.0,613,1482016,卖盘,603011,2025-10-17 22:55:41
09:51:58,24.14,0.01,209,504915,中性盘,603011,2025-10-17 22:55:41
09:52:01,24.15,0.01,303,731583,中性盘,603011,2025-10-17 22:55:41
09:52:04,24.17,0.02,162,391266,买盘,603011,2025-10-17 22:55:41
09:52:07,24.18,0.01,1215,2938101,买盘,603011,2025-10-17 22:55:41
09:52:10,24.2,0.02,272,658038,买盘,603011,2025-10-17 22:55:41
09:52:13,24.15,-0.05,1475,3566550,卖盘,603011,2025-10-17 22:55:41
09:52:16,24.2,0.05,515,1244958,买盘,603011,2025-10-17 22:55:41
09:52:19,24.2,0.0,355,858613,买盘,603011,2025-10-17 22:55:41
09:52:22,24.2,0.0,291,703403,买盘,603011,2025-10-17 22:55:41
09:52:25,24.2,0.0,527,1276016,卖盘,603011,2025-10-17 22:55:41
09:52:28,24.16,-0.04,1493,3612385,卖盘,603011,2025-10-17 22:55:41
09:52:31,24.13,-0.03,1415,3416331,卖盘,603011,2025-10-17 22:55:41
09:52:34,24.13,0.0,153,369007,买盘,603011,2025-10-17 22:55:41
09:52:37,24.07,-0.06,247,595349,卖盘,603011,2025-10-17 22:55:41
09:52:40,24.07,0.0,193,465305,买盘,603011,2025-10-17 22:55:41
09:52:43,24.08,0.01,513,1237703,卖盘,603011,2025-10-17 22:55:41
09:52:46,24.08,0.0,161,388434,卖盘,603011,2025-10-17 22:55:41
09:52:49,24.09,0.01,134,322987,中性盘,603011,2025-10-17 22:55:41
09:52:52,24.11,0.02,128,308958,中性盘,603011,2025-10-17 22:55:41
09:52:55,24.16,0.05,174,419850,买盘,603011,2025-10-17 22:55:41
09:52:58,24.14,-0.02,117,282562,卖盘,603011,2025-10-17 22:55:41
09:53:01,24.14,0.0,355,857016,买盘,603011,2025-10-17 22:55:41
09:53:04,24.03,-0.11,1612,3878699,卖盘,603011,2025-10-17 22:55:41
09:53:07,24.03,0.0,245,589082,卖盘,603011,2025-10-17 22:55:41
09:53:10,24.03,0.0,360,864954,买盘,603011,2025-10-17 22:55:41
09:53:13,24.07,0.04,114,273948,中性盘,603011,2025-10-17 22:55:41
09:53:16,24.06,-0.01,66,158754,卖盘,603011,2025-10-17 22:55:41
09:53:19,24.06,0.0,149,358353,买盘,603011,2025-10-17 22:55:41
09:53:22,24.06,0.0,201,483249,中性盘,603011,2025-10-17 22:55:41
09:53:25,24.04,-0.02,338,811740,中性盘,603011,2025-10-17 22:55:41
09:53:28,24.03,-0.01,98,235393,中性盘,603011,2025-10-17 22:55:41
09:53:31,24.02,-0.01,121,290639,卖盘,603011,2025-10-17 22:55:41
09:53:34,24.01,-0.01,124,297767,卖盘,603011,2025-10-17 22:55:41
09:53:37,24.02,0.01,81,194508,买盘,603011,2025-10-17 22:55:41
09:53:40,24.02,0.0,136,326526,买盘,603011,2025-10-17 22:55:41
09:53:43,24.02,0.0,167,400958,买盘,603011,2025-10-17 22:55:41
09:53:46,24.0,-0.02,88,211251,卖盘,603011,2025-10-17 22:55:41
09:53:49,24.02,0.02,152,364916,买盘,603011,2025-10-17 22:55:41
09:53:52,24.01,-0.01,151,362559,卖盘,603011,2025-10-17 22:55:41
09:53:55,24.0,-0.01,79,189676,卖盘,603011,2025-10-17 22:55:41
09:53:58,24.01,0.01,150,360091,买盘,603011,2025-10-17 22:55:41
09:54:01,24.02,0.01,269,645775,买盘,603011,2025-10-17 22:55:41
09:54:04,24.02,0.0,90,216107,买盘,603011,2025-10-17 22:55:41
09:54:07,24.0,-0.02,482,1157102,卖盘,603011,2025-10-17 22:55:41
09:54:10,24.01,0.01,153,367472,买盘,603011,2025-10-17 22:55:41
09:54:13,24.0,-0.01,200,480124,卖盘,603011,2025-10-17 22:55:41
09:54:16,23.99,-0.01,94,225657,卖盘,603011,2025-10-17 22:55:41
09:54:19,23.99,0.0,99,237581,卖盘,603011,2025-10-17 22:55:41
09:54:22,23.99,0.0,156,374115,卖盘,603011,2025-10-17 22:55:41
09:54:25,23.95,-0.04,437,1046889,卖盘,603011,2025-10-17 22:55:41
09:54:28,23.91,-0.04,141,337625,卖盘,603011,2025-10-17 22:55:41
09:54:31,23.93,0.02,188,450071,中性盘,603011,2025-10-17 22:55:41
09:54:34,23.93,0.0,146,349278,买盘,603011,2025-10-17 22:55:41
09:54:37,23.95,0.02,322,771036,买盘,603011,2025-10-17 22:55:41
09:54:40,23.97,0.02,125,299665,中性盘,603011,2025-10-17 22:55:41
09:54:43,23.99,0.02,119,285315,买盘,603011,2025-10-17 22:55:41
09:54:46,23.98,-0.01,393,942277,卖盘,603011,2025-10-17 22:55:41
09:54:49,24.0,0.02,228,546876,买盘,603011,2025-10-17 22:55:41
09:54:52,24.0,0.0,332,796676,买盘,603011,2025-10-17 22:55:41
09:54:55,24.0,0.0,131,314392,买盘,603011,2025-10-17 22:55:41
09:54:58,24.0,0.0,235,564070,卖盘,603011,2025-10-17 22:55:41
09:55:01,24.0,0.0,192,460843,卖盘,603011,2025-10-17 22:55:41
09:55:04,23.98,-0.02,768,1841613,卖盘,603011,2025-10-17 22:55:41
09:55:07,23.95,-0.03,697,1671023,卖盘,603011,2025-10-17 22:55:41
09:55:10,23.94,-0.01,112,268045,中性盘,603011,2025-10-17 22:55:41
09:55:13,23.92,-0.02,66,157898,卖盘,603011,2025-10-17 22:55:41
09:55:16,23.92,0.0,228,545571,卖盘,603011,2025-10-17 22:55:41
09:55:19,23.92,0.0,354,846728,买盘,603011,2025-10-17 22:55:41
09:55:22,23.93,0.01,139,332664,卖盘,603011,2025-10-17 22:55:41
09:55:25,23.93,0.0,304,728620,卖盘,603011,2025-10-17 22:55:41
09:55:28,23.94,0.01,89,213181,卖盘,603011,2025-10-17 22:55:41
09:55:31,23.94,0.0,626,1501892,卖盘,603011,2025-10-17 22:55:41
09:55:34,24.06,0.12,315,757283,买盘,603011,2025-10-17 22:55:41
09:55:37,24.0,-0.06,202,485538,卖盘,603011,2025-10-17 22:55:41
09:55:40,23.99,-0.01,238,571088,卖盘,603011,2025-10-17 22:55:41
09:55:43,23.99,0.0,103,247564,中性盘,603011,2025-10-17 22:55:41
09:55:46,23.99,0.0,26,62386,买盘,603011,2025-10-17 22:55:41
09:55:49,23.99,0.0,287,688422,卖盘,603011,2025-10-17 22:55:41
09:55:52,24.0,0.01,186,445881,中性盘,603011,2025-10-17 22:55:41
09:55:55,24.03,0.03,54,129616,买盘,603011,2025-10-17 22:55:41
09:55:58,24.03,0.0,403,968560,买盘,603011,2025-10-17 22:55:41
09:56:01,24.06,0.03,344,827984,买盘,603011,2025-10-17 22:55:41
09:56:04,24.13,0.07,68,163915,买盘,603011,2025-10-17 22:55:41
09:56:07,24.2,0.07,271,654641,买盘,603011,2025-10-17 22:55:41
09:56:10,24.15,-0.05,129,311692,中性盘,603011,2025-10-17 22:55:41
09:56:13,24.16,0.01,88,212711,中性盘,603011,2025-10-17 22:55:41
09:56:16,24.13,-0.03,151,364258,卖盘,603011,2025-10-17 22:55:41
09:56:19,24.13,0.0,419,1011057,买盘,603011,2025-10-17 22:55:41
09:56:22,24.08,-0.05,180,434090,卖盘,603011,2025-10-17 22:55:41
09:56:25,24.09,0.01,338,815207,中性盘,603011,2025-10-17 22:55:41
09:56:28,24.07,-0.02,138,332370,卖盘,603011,2025-10-17 22:55:41
09:56:31,24.09,0.02,43,103595,买盘,603011,2025-10-17 22:55:41
09:56:34,24.1,0.01,90,216792,中性盘,603011,2025-10-17 22:55:41
09:56:37,24.12,0.02,215,518430,买盘,603011,2025-10-17 22:55:41
09:56:40,24.12,0.0,234,564458,卖盘,603011,2025-10-17 22:55:41
09:56:43,24.13,0.01,245,590964,买盘,603011,2025-10-17 22:55:41
09:56:46,24.08,-0.05,511,1231398,卖盘,603011,2025-10-17 22:55:41
09:56:49,24.09,0.01,191,459985,买盘,603011,2025-10-17 22:55:41
09:56:52,24.08,-0.01,187,450262,中性盘,603011,2025-10-17 22:55:41
09:56:55,24.05,-0.03,216,519606,卖盘,603011,2025-10-17 22:55:41
09:56:58,24.0,-0.05,586,1407140,卖盘,603011,2025-10-17 22:55:41
09:57:01,24.0,0.0,621,1490938,买盘,603011,2025-10-17 22:55:41
09:57:04,23.96,-0.04,158,378979,卖盘,603011,2025-10-17 22:55:41
09:57:07,23.96,0.0,53,127041,卖盘,603011,2025-10-17 22:55:41
09:57:10,23.94,-0.02,454,1087286,卖盘,603011,2025-10-17 22:55:41
09:57:13,23.91,-0.03,1086,2597577,卖盘,603011,2025-10-17 22:55:41
09:57:16,23.91,0.0,82,195998,买盘,603011,2025-10-17 22:55:41
09:57:19,23.91,0.0,303,724455,买盘,603011,2025-10-17 22:55:41
09:57:22,23.91,0.0,258,616689,买盘,603011,2025-10-17 22:55:41
09:57:25,23.91,0.0,163,389751,卖盘,603011,2025-10-17 22:55:41
09:57:28,23.9,-0.01,244,583302,卖盘,603011,2025-10-17 22:55:41
09:57:31,23.91,0.01,243,580927,买盘,603011,2025-10-17 22:55:41
09:57:34,23.94,0.03,383,916110,买盘,603011,2025-10-17 22:55:41
09:57:37,23.94,0.0,55,131631,买盘,603011,2025-10-17 22:55:41
09:57:40,23.92,-0.02,189,452218,卖盘,603011,2025-10-17 22:55:41
09:57:43,23.92,0.0,228,545358,卖盘,603011,2025-10-17 22:55:41
09:57:46,23.9,-0.02,229,547491,卖盘,603011,2025-10-17 22:55:41
09:57:49,23.91,0.01,344,822495,买盘,603011,2025-10-17 22:55:41
09:57:52,23.9,-0.01,184,439800,卖盘,603011,2025-10-17 22:55:41
09:57:55,23.89,-0.01,323,772043,卖盘,603011,2025-10-17 22:55:41
09:57:58,23.9,0.01,242,578275,卖盘,603011,2025-10-17 22:55:41
09:58:01,23.9,0.0,147,351302,买盘,603011,2025-10-17 22:55:41
09:58:04,23.88,-0.02,493,1177712,卖盘,603011,2025-10-17 22:55:41
09:58:07,23.88,0.0,100,238776,买盘,603011,2025-10-17 22:55:41
09:58:10,23.89,0.01,189,451273,买盘,603011,2025-10-17 22:55:41
09:58:13,23.91,0.02,138,329709,买盘,603011,2025-10-17 22:55:41
09:58:16,23.92,0.01,138,329768,买盘,603011,2025-10-17 22:55:41
09:58:19,23.91,-0.01,147,351604,中性盘,603011,2025-10-17 22:55:41
09:58:22,23.91,0.0,145,346842,卖盘,603011,2025-10-17 22:55:41
09:58:25,23.92,0.01,371,886908,卖盘,603011,2025-10-17 22:55:41
09:58:28,23.91,-0.01,346,827451,卖盘,603011,2025-10-17 22:55:41
09:58:31,23.91,0.0,57,136281,买盘,603011,2025-10-17 22:55:41
09:58:34,23.92,0.01,162,387354,买盘,603011,2025-10-17 22:55:41
09:58:37,23.91,-0.01,128,306160,卖盘,603011,2025-10-17 22:55:41
09:58:40,23.92,0.01,86,205680,买盘,603011,2025-10-17 22:55:41
09:58:43,23.92,0.0,102,243926,买盘,603011,2025-10-17 22:55:41
09:58:46,23.91,-0.01,243,580900,卖盘,603011,2025-10-17 22:55:41
09:58:49,23.89,-0.02,416,993382,卖盘,603011,2025-10-17 22:55:41
09:58:52,23.85,-0.04,134,319938,卖盘,603011,2025-10-17 22:55:41
09:58:55,23.87,0.02,212,505791,中性盘,603011,2025-10-17 22:55:41
09:58:58,23.85,-0.02,101,241127,卖盘,603011,2025-10-17 22:55:41
09:59:01,23.86,0.01,55,131279,卖盘,603011,2025-10-17 22:55:41
09:59:04,23.85,-0.01,128,305357,卖盘,603011,2025-10-17 22:55:41
09:59:07,23.85,0.0,142,338680,卖盘,603011,2025-10-17 22:55:41
09:59:10,23.86,0.01,279,665677,买盘,603011,2025-10-17 22:55:41
09:59:13,23.86,0.0,151,360312,买盘,603011,2025-10-17 22:55:41
09:59:16,23.87,0.01,98,233843,买盘,603011,2025-10-17 22:55:41
09:59:19,23.89,0.02,178,424797,买盘,603011,2025-10-17 22:55:41
09:59:22,23.88,-0.01,248,592095,中性盘,603011,2025-10-17 22:55:41
09:59:25,23.88,0.0,240,572805,中性盘,603011,2025-10-17 22:55:41
09:59:28,23.88,0.0,95,226829,买盘,603011,2025-10-17 22:55:41
09:59:31,23.87,-0.01,96,229213,卖盘,603011,2025-10-17 22:55:41
09:59:34,23.88,0.01,109,260266,卖盘,603011,2025-10-17 22:55:41
09:59:37,23.88,0.0,102,243635,卖盘,603011,2025-10-17 22:55:41
09:59:40,23.88,0.0,64,152845,卖盘,603011,2025-10-17 22:55:41
09:59:43,23.89,0.01,228,544535,买盘,603011,2025-10-17 22:55:41
09:59:46,23.9,0.01,153,365505,买盘,603011,2025-10-17 22:55:41
09:59:49,23.9,0.0,214,511308,卖盘,603011,2025-10-17 22:55:41
09:59:52,23.9,0.0,108,258236,买盘,603011,2025-10-17 22:55:41
09:59:55,23.91,0.01,200,478210,买盘,603011,2025-10-17 22:55:41
09:59:58,23.9,-0.01,70,167343,卖盘,603011,2025-10-17 22:55:41
10:00:01,23.86,-0.04,609,1454366,卖盘,603011,2025-10-17 22:55:41
10:00:04,23.84,-0.02,819,1952850,卖盘,603011,2025-10-17 22:55:41
10:00:07,23.82,-0.02,241,574378,卖盘,603011,2025-10-17 22:55:41
10:00:10,23.81,-0.01,79,188199,卖盘,603011,2025-10-17 22:55:41
10:00:13,23.81,0.0,63,150022,卖盘,603011,2025-10-17 22:55:41
10:00:16,23.82,0.01,106,252413,买盘,603011,2025-10-17 22:55:41
10:00:19,23.77,-0.05,1496,3559463,卖盘,603011,2025-10-17 22:55:41
10:00:22,23.76,-0.01,225,534804,卖盘,603011,2025-10-17 22:55:41
10:00:25,23.77,0.01,77,183038,买盘,603011,2025-10-17 22:55:41
10:00:28,23.77,0.0,101,240090,卖盘,603011,2025-10-17 22:55:41
10:00:31,23.78,0.01,409,972007,买盘,603011,2025-10-17 22:55:41
10:00:34,23.8,0.02,454,1079786,买盘,603011,2025-10-17 22:55:41
10:00:37,23.77,-0.03,443,1052699,卖盘,603011,2025-10-17 22:55:41
10:00:40,23.78,0.01,104,247285,卖盘,603011,2025-10-17 22:55:41
10:00:43,23.77,-0.01,165,392218,卖盘,603011,2025-10-17 22:55:41
10:00:46,23.77,0.0,228,541932,买盘,603011,2025-10-17 22:55:41
10:00:49,23.77,0.0,189,449116,买盘,603011,2025-10-17 22:55:41
10:00:52,23.77,0.0,76,180682,卖盘,603011,2025-10-17 22:55:41
10:00:55,23.78,0.01,214,509027,卖盘,603011,2025-10-17 22:55:41
10:00:58,23.78,0.0,41,97523,卖盘,603011,2025-10-17 22:55:41
10:01:01,23.78,0.0,166,394913,卖盘,603011,2025-10-17 22:55:41
10:01:04,23.79,0.01,323,768181,中性盘,603011,2025-10-17 22:55:41
10:01:07,23.76,-0.03,1482,3519571,卖盘,603011,2025-10-17 22:55:41
10:01:10,23.71,-0.05,260,617774,卖盘,603011,2025-10-17 22:55:41
10:01:13,23.75,0.04,96,227922,买盘,603011,2025-10-17 22:55:41
10:01:16,23.73,-0.02,42,99664,买盘,603011,2025-10-17 22:55:41
10:01:19,23.73,0.0,220,522109,买盘,603011,2025-10-17 22:55:41
10:01:22,23.74,0.01,130,308567,中性盘,603011,2025-10-17 22:55:41
10:01:25,23.75,0.01,241,572113,买盘,603011,2025-10-17 22:55:41
10:01:28,23.75,0.0,123,292122,卖盘,603011,2025-10-17 22:55:41
10:01:31,23.77,0.02,544,1293419,买盘,603011,2025-10-17 22:55:41
10:01:34,23.74,-0.03,118,280199,卖盘,603011,2025-10-17 22:55:41
10:01:37,23.74,0.0,240,569782,买盘,603011,2025-10-17 22:55:41
10:01:40,23.73,-0.01,217,514938,卖盘,603011,2025-10-17 22:55:41
10:01:43,23.72,-0.01,398,944156,卖盘,603011,2025-10-17 22:55:41
10:01:46,23.72,0.0,128,303560,买盘,603011,2025-10-17 22:55:41
10:01:49,23.71,-0.01,472,1119288,卖盘,603011,2025-10-17 22:55:41
10:01:52,23.71,0.0,578,1370011,买盘,603011,2025-10-17 22:55:41
10:01:55,23.71,0.0,299,708775,买盘,603011,2025-10-17 22:55:41
10:01:58,23.71,0.0,185,438593,卖盘,603011,2025-10-17 22:55:41
10:02:01,23.72,0.01,425,1007649,买盘,603011,2025-10-17 22:55:41
10:02:04,23.73,0.01,147,348717,买盘,603011,2025-10-17 22:55:41
10:02:07,23.72,-0.01,200,474438,卖盘,603011,2025-10-17 22:55:41
10:02:10,23.73,0.01,263,624118,买盘,603011,2025-10-17 22:55:41
10:02:13,23.75,0.02,173,410781,卖盘,603011,2025-10-17 22:55:41
10:02:16,23.77,0.02,74,175836,买盘,603011,2025-10-17 22:55:41
10:02:19,23.77,0.0,149,354074,卖盘,603011,2025-10-17 22:55:41
10:02:22,23.77,0.0,670,1594160,买盘,603011,2025-10-17 22:55:41
10:02:25,23.77,0.0,101,240137,卖盘,603011,2025-10-17 22:55:41
10:02:28,23.79,0.02,110,261482,买盘,603011,2025-10-17 22:55:41
10:02:31,23.76,-0.03,2161,5139397,卖盘,603011,2025-10-17 22:55:41
10:02:34,23.79,0.03,186,442576,中性盘,603011,2025-10-17 22:55:41
10:02:37,23.78,-0.01,223,530451,卖盘,603011,2025-10-17 22:55:41
10:02:40,23.8,0.02,184,437478,买盘,603011,2025-10-17 22:55:41
10:02:43,23.78,-0.02,422,1003868,卖盘,603011,2025-10-17 22:55:41
10:02:46,23.77,-0.01,107,254415,卖盘,603011,2025-10-17 22:55:41
10:02:49,23.78,0.01,117,278170,买盘,603011,2025-10-17 22:55:41
10:02:52,23.78,0.0,248,589746,卖盘,603011,2025-10-17 22:55:41
10:02:55,23.8,0.02,126,299708,买盘,603011,2025-10-17 22:55:41
10:02:58,23.81,0.01,168,399884,买盘,603011,2025-10-17 22:55:41
10:03:01,23.8,-0.01,129,307118,卖盘,603011,2025-10-17 22:55:41
10:03:04,23.8,0.0,430,1023543,卖盘,603011,2025-10-17 22:55:41
10:03:07,23.8,0.0,80,190393,买盘,603011,2025-10-17 22:55:41
10:03:10,23.8,0.0,2011,4793297,买盘,603011,2025-10-17 22:55:41
10:03:13,23.85,0.05,274,652185,买盘,603011,2025-10-17 22:55:41
10:03:16,23.88,0.03,23,54919,买盘,603011,2025-10-17 22:55:41
10:03:19,23.88,0.0,57,136078,买盘,603011,2025-10-17 22:55:41
10:03:22,23.87,-0.01,126,300810,卖盘,603011,2025-10-17 22:55:41
10:03:25,23.87,0.0,101,241039,买盘,603011,2025-10-17 22:55:41
10:03:28,23.87,0.0,135,322243,买盘,603011,2025-10-17 22:55:41
10:03:31,23.87,0.0,154,367583,卖盘,603011,2025-10-17 22:55:41
10:03:34,23.88,0.01,11,26276,卖盘,603011,2025-10-17 22:55:41
10:03:37,23.87,-0.01,127,303273,卖盘,603011,2025-10-17 22:55:41
10:03:40,23.89,0.02,156,372496,买盘,603011,2025-10-17 22:55:41
10:03:43,23.88,-0.01,143,341471,卖盘,603011,2025-10-17 22:55:41
10:03:46,23.83,-0.05,328,781915,卖盘,603011,2025-10-17 22:55:41
10:03:49,23.83,0.0,59,140585,买盘,603011,2025-10-17 22:55:41
10:03:52,23.82,-0.01,63,150088,卖盘,603011,2025-10-17 22:55:41
10:03:55,23.81,-0.01,45,107170,卖盘,603011,2025-10-17 22:55:41
10:03:58,23.81,0.0,87,207111,卖盘,603011,2025-10-17 22:55:41
10:04:01,23.82,0.01,81,192862,买盘,603011,2025-10-17 22:55:41
10:04:04,23.81,-0.01,71,169090,卖盘,603011,2025-10-17 22:55:41
10:04:07,23.82,0.01,557,1325874,卖盘,603011,2025-10-17 22:55:41
10:04:10,23.82,0.0,31,73836,卖盘,603011,2025-10-17 22:55:41
10:04:13,23.83,0.01,59,140655,中性盘,603011,2025-10-17 22:55:41
10:04:16,23.87,0.04,69,164644,买盘,603011,2025-10-17 22:55:41
10:04:19,23.85,-0.02,42,100139,卖盘,603011,2025-10-17 22:55:41
10:04:22,23.88,0.03,42,100293,买盘,603011,2025-10-17 22:55:41
10:04:25,23.86,-0.02,44,105025,卖盘,603011,2025-10-17 22:55:41
10:04:28,23.86,0.0,34,81124,买盘,603011,2025-10-17 22:55:41
10:04:31,23.85,-0.01,180,429476,卖盘,603011,2025-10-17 22:55:41
10:04:34,23.86,0.01,87,207603,买盘,603011,2025-10-17 22:55:41
10:04:37,23.87,0.01,23,54890,买盘,603011,2025-10-17 22:55:41
10:04:40,23.87,0.0,109,260119,买盘,603011,2025-10-17 22:55:41
10:04:43,23.86,-0.01,206,491596,卖盘,603011,2025-10-17 22:55:41
10:04:46,23.87,0.01,91,217185,买盘,603011,2025-10-17 22:55:41
10:04:49,23.89,0.02,190,453745,买盘,603011,2025-10-17 22:55:41
10:04:52,23.9,0.01,52,124261,买盘,603011,2025-10-17 22:55:41
10:04:55,23.91,0.01,40,95620,买盘,603011,2025-10-17 22:55:41
10:04:58,23.91,0.0,161,385056,买盘,603011,2025-10-17 22:55:41
10:05:01,23.94,0.03,123,294354,买盘,603011,2025-10-17 22:55:41
10:05:04,23.95,0.01,152,363894,买盘,603011,2025-10-17 22:55:41
10:05:07,23.96,0.01,47,112583,买盘,603011,2025-10-17 22:55:41
10:05:10,23.97,0.01,196,470201,买盘,603011,2025-10-17 22:55:41
10:05:13,24.0,0.03,171,409760,买盘,603011,2025-10-17 22:55:41
10:05:16,24.05,0.05,632,1517408,买盘,603011,2025-10-17 22:55:41
10:05:19,24.09,0.04,108,259947,买盘,603011,2025-10-17 22:55:41
10:05:22,24.1,0.01,32,77069,买盘,603011,2025-10-17 22:55:41
10:05:25,24.12,0.02,81,195207,买盘,603011,2025-10-17 22:55:41
10:05:28,24.12,0.0,60,144680,买盘,603011,2025-10-17 22:55:41
10:05:31,24.14,0.02,139,335417,买盘,603011,2025-10-17 22:55:41
10:05:34,24.14,0.0,970,2344211,买盘,603011,2025-10-17 22:55:41
10:05:37,24.14,0.0,118,285081,卖盘,603011,2025-10-17 22:55:41
10:05:40,24.17,0.03,623,1506362,买盘,603011,2025-10-17 22:55:41
10:05:43,24.16,-0.01,202,487704,买盘,603011,2025-10-17 22:55:41
10:05:46,24.13,-0.03,294,709760,卖盘,603011,2025-10-17 22:55:41
10:05:49,24.12,-0.01,920,2222287,卖盘,603011,2025-10-17 22:55:41
10:05:52,24.12,0.0,184,443682,买盘,603011,2025-10-17 22:55:41
10:05:55,24.11,-0.01,407,981177,卖盘,603011,2025-10-17 22:55:41
10:05:58,24.11,0.0,189,455563,买盘,603011,2025-10-17 22:55:41
10:06:01,24.07,-0.04,579,1395087,卖盘,603011,2025-10-17 22:55:41
10:06:04,24.05,-0.02,496,1193047,卖盘,603011,2025-10-17 22:55:41
10:06:07,23.96,-0.09,135,323970,卖盘,603011,2025-10-17 22:55:41
10:06:10,23.95,-0.01,78,186952,卖盘,603011,2025-10-17 22:55:41
10:06:13,23.95,0.0,36,86266,卖盘,603011,2025-10-17 22:55:41
10:06:16,23.96,0.01,184,441161,中性盘,603011,2025-10-17 22:55:41
10:06:19,23.96,0.0,187,448231,卖盘,603011,2025-10-17 22:55:41
10:06:22,23.96,0.0,128,306758,卖盘,603011,2025-10-17 22:55:41
10:06:25,23.96,0.0,176,421903,卖盘,603011,2025-10-17 22:55:41
10:06:28,23.97,0.01,99,237346,中性盘,603011,2025-10-17 22:55:41
10:06:31,23.98,0.01,117,280513,买盘,603011,2025-10-17 22:55:41
10:06:34,23.98,0.0,47,112677,买盘,603011,2025-10-17 22:55:41
10:06:37,23.97,-0.01,484,1160064,卖盘,603011,2025-10-17 22:55:41
10:06:40,23.97,0.0,38,91110,卖盘,603011,2025-10-17 22:55:41
10:06:43,23.96,-0.01,540,1294868,卖盘,603011,2025-10-17 22:55:41
10:06:46,23.94,-0.02,457,1094602,卖盘,603011,2025-10-17 22:55:41
10:06:49,23.96,0.02,56,134139,买盘,603011,2025-10-17 22:55:41
10:06:52,23.91,-0.05,144,344430,卖盘,603011,2025-10-17 22:55:41
10:06:55,23.93,0.02,44,105298,卖盘,603011,2025-10-17 22:55:41
10:06:58,23.94,0.01,214,512191,买盘,603011,2025-10-17 22:55:41
10:07:01,23.93,-0.01,72,172326,卖盘,603011,2025-10-17 22:55:41
10:07:04,23.93,0.0,49,117198,买盘,603011,2025-10-17 22:55:41
10:07:07,23.93,0.0,52,124369,买盘,603011,2025-10-17 22:55:41
10:07:10,23.92,-0.01,267,638417,卖盘,603011,2025-10-17 22:55:41
10:07:13,23.89,-0.03,118,281873,卖盘,603011,2025-10-17 22:55:41
10:07:16,23.89,0.0,558,1332522,买盘,603011,2025-10-17 22:55:41
10:07:19,23.89,0.0,87,207678,买盘,603011,2025-10-17 22:55:41
10:07:22,23.89,0.0,116,276976,买盘,603011,2025-10-17 22:55:41
10:07:25,23.86,-0.03,99,236301,卖盘,603011,2025-10-17 22:55:41
10:07:28,23.85,-0.01,59,140728,卖盘,603011,2025-10-17 22:55:41
10:07:31,23.85,0.0,61,145501,买盘,603011,2025-10-17 22:55:41
10:07:34,23.86,0.01,60,143128,买盘,603011,2025-10-17 22:55:41
10:07:37,23.86,0.0,106,252813,买盘,603011,2025-10-17 22:55:41
10:07:40,23.87,0.01,173,412770,买盘,603011,2025-10-17 22:55:41
10:07:43,23.88,0.01,47,112178,买盘,603011,2025-10-17 22:55:41
10:07:46,23.89,0.01,34,81219,买盘,603011,2025-10-17 22:55:41
10:07:49,23.85,-0.04,792,1889397,卖盘,603011,2025-10-17 22:55:41
10:07:52,23.85,0.0,185,441225,买盘,603011,2025-10-17 22:55:41
10:07:55,23.85,0.0,36,85848,买盘,603011,2025-10-17 22:55:41
10:07:58,23.84,-0.01,716,1707320,中性盘,603011,2025-10-17 22:55:41
10:08:01,23.82,-0.02,197,469490,卖盘,603011,2025-10-17 22:55:41
10:08:04,23.82,0.0,305,726358,卖盘,603011,2025-10-17 22:55:41
10:08:07,23.81,-0.01,27,64317,卖盘,603011,2025-10-17 22:55:41
10:08:10,23.81,0.0,249,592811,卖盘,603011,2025-10-17 22:55:41
10:08:13,23.8,-0.01,168,399908,卖盘,603011,2025-10-17 22:55:41
10:08:16,23.74,-0.06,1113,2645346,卖盘,603011,2025-10-17 22:55:41
10:08:19,23.73,-0.01,305,724112,卖盘,603011,2025-10-17 22:55:41
10:08:22,23.72,-0.01,364,863315,卖盘,603011,2025-10-17 22:55:41
10:08:25,23.72,0.0,272,645182,买盘,603011,2025-10-17 22:55:41
10:08:28,23.71,-0.01,975,2311498,卖盘,603011,2025-10-17 22:55:41
10:08:31,23.72,0.01,188,445824,买盘,603011,2025-10-17 22:55:41
10:08:34,23.73,0.01,100,237255,买盘,603011,2025-10-17 22:55:41
10:08:37,23.73,0.0,675,1601624,卖盘,603011,2025-10-17 22:55:41
10:08:40,23.72,-0.01,277,657203,卖盘,603011,2025-10-17 22:55:41
10:08:43,23.73,0.01,475,1126891,买盘,603011,2025-10-17 22:55:41
10:08:46,23.75,0.02,521,1237630,中性盘,603011,2025-10-17 22:55:41
10:08:49,23.75,0.0,255,605379,买盘,603011,2025-10-17 22:55:41
10:08:52,23.74,-0.01,455,1079894,卖盘,603011,2025-10-17 22:55:41
10:08:55,23.74,0.0,520,1233732,卖盘,603011,2025-10-17 22:55:41
10:08:58,23.73,-0.01,629,1491824,中性盘,603011,2025-10-17 22:55:41
10:09:01,23.72,-0.01,110,261007,卖盘,603011,2025-10-17 22:55:41
10:09:04,23.72,0.0,130,308472,卖盘,603011,2025-10-17 22:55:41
10:09:07,23.73,0.01,118,279953,买盘,603011,2025-10-17 22:55:41
10:09:10,23.73,0.0,567,1345350,买盘,603011,2025-10-17 22:55:41
10:09:13,23.73,0.0,119,282537,卖盘,603011,2025-10-17 22:55:41
10:09:16,23.73,0.0,524,1244212,卖盘,603011,2025-10-17 22:55:41
10:09:19,23.77,0.04,157,372709,买盘,603011,2025-10-17 22:55:41
10:09:22,23.77,0.0,230,546323,买盘,603011,2025-10-17 22:55:41
10:09:25,23.77,0.0,128,304226,买盘,603011,2025-10-17 22:55:41
10:09:28,23.77,0.0,127,301870,买盘,603011,2025-10-17 22:55:41
10:09:31,23.76,-0.01,335,796083,卖盘,603011,2025-10-17 22:55:41
10:09:34,23.76,0.0,98,232832,买盘,603011,2025-10-17 22:55:41
10:09:37,23.76,0.0,139,330204,买盘,603011,2025-10-17 22:55:41
10:09:40,23.75,-0.01,373,886172,卖盘,603011,2025-10-17 22:55:41
10:09:43,23.77,0.02,99,235201,买盘,603011,2025-10-17 22:55:41
10:09:46,23.76,-0.01,80,190124,卖盘,603011,2025-10-17 22:55:41
10:09:49,23.77,0.01,20,47527,买盘,603011,2025-10-17 22:55:41
10:09:52,23.77,0.0,50,118843,买盘,603011,2025-10-17 22:55:41
10:09:55,23.77,0.0,391,929299,买盘,603011,2025-10-17 22:55:41
10:09:58,23.77,0.0,213,506483,买盘,603011,2025-10-17 22:55:41
10:10:01,23.78,0.01,75,178342,中性盘,603011,2025-10-17 22:55:41
10:10:04,23.78,0.0,365,868091,卖盘,603011,2025-10-17 22:55:41
10:10:07,23.79,0.01,167,397156,买盘,603011,2025-10-17 22:55:41
10:10:10,23.76,-0.03,684,1625602,卖盘,603011,2025-10-17 22:55:41
10:10:13,23.77,0.01,402,955200,买盘,603011,2025-10-17 22:55:41
10:10:16,23.75,-0.02,606,1439711,卖盘,603011,2025-10-17 22:55:41
10:10:19,23.74,-0.01,359,852321,卖盘,603011,2025-10-17 22:55:41
10:10:22,23.72,-0.02,449,1065536,卖盘,603011,2025-10-17 22:55:41
10:10:25,23.72,0.0,505,1197562,卖盘,603011,2025-10-17 22:55:41
10:10:28,23.72,0.0,220,521471,中性盘,603011,2025-10-17 22:55:41
10:10:31,23.72,0.0,112,265601,买盘,603011,2025-10-17 22:55:41
10:10:34,23.72,0.0,1646,3899484,买盘,603011,2025-10-17 22:55:41
10:10:37,23.71,-0.01,203,481410,卖盘,603011,2025-10-17 22:55:41
10:10:40,23.72,0.01,66,156568,中性盘,603011,2025-10-17 22:55:41
10:10:43,23.72,0.0,155,367663,卖盘,603011,2025-10-17 22:55:41
10:10:46,23.71,-0.01,43,101995,卖盘,603011,2025-10-17 22:55:41
10:10:49,23.72,0.01,87,206314,中性盘,603011,2025-10-17 22:55:41
10:10:52,23.72,0.0,163,386500,买盘,603011,2025-10-17 22:55:41
10:10:55,23.72,0.0,143,339099,买盘,603011,2025-10-17 22:55:41
10:10:58,23.72,0.0,102,241939,买盘,603011,2025-10-17 22:55:41
10:11:01,23.72,0.0,225,533473,买盘,603011,2025-10-17 22:55:41
10:11:04,23.72,0.0,140,331955,买盘,603011,2025-10-17 22:55:41
10:11:07,23.71,-0.01,29,68767,卖盘,603011,2025-10-17 22:55:41
10:11:10,23.72,0.01,161,381727,买盘,603011,2025-10-17 22:55:41
10:11:13,23.71,-0.01,123,291665,卖盘,603011,2025-10-17 22:55:41
10:11:16,23.72,0.01,352,834824,买盘,603011,2025-10-17 22:55:41
10:11:19,23.72,0.0,230,545205,买盘,603011,2025-10-17 22:55:41
10:11:22,23.72,0.0,72,170724,买盘,603011,2025-10-17 22:55:41
10:11:25,23.71,-0.01,284,673289,卖盘,603011,2025-10-17 22:55:41
10:11:28,23.71,0.0,62,146991,买盘,603011,2025-10-17 22:55:41
10:11:31,23.71,0.0,141,334240,买盘,603011,2025-10-17 22:55:41
10:11:34,23.66,-0.05,1406,3326434,卖盘,603011,2025-10-17 22:55:41
10:11:37,23.66,0.0,103,243542,买盘,603011,2025-10-17 22:55:41
10:11:40,23.61,-0.05,443,1046708,卖盘,603011,2025-10-17 22:55:41
10:11:43,23.62,0.01,461,1088663,中性盘,603011,2025-10-17 22:55:41
10:11:46,23.61,-0.01,216,510014,卖盘,603011,2025-10-17 22:55:41
10:11:49,23.61,0.0,417,984512,卖盘,603011,2025-10-17 22:55:41
10:11:52,23.6,-0.01,864,2039123,卖盘,603011,2025-10-17 22:55:41
10:11:55,23.6,0.0,640,1510316,卖盘,603011,2025-10-17 22:55:41
10:11:58,23.59,-0.01,231,544819,中性盘,603011,2025-10-17 22:55:41
10:12:01,23.57,-0.02,465,1096498,卖盘,603011,2025-10-17 22:55:41
10:12:04,23.56,-0.01,769,1811866,卖盘,603011,2025-10-17 22:55:41
10:12:07,23.56,0.0,291,685449,卖盘,603011,2025-10-17 22:55:41
10:12:10,23.56,0.0,81,190800,买盘,603011,2025-10-17 22:55:41
10:12:13,23.55,-0.01,831,1956580,卖盘,603011,2025-10-17 22:55:41
10:12:16,23.54,-0.01,170,400178,卖盘,603011,2025-10-17 22:55:41
10:12:19,23.54,0.0,551,1296584,买盘,603011,2025-10-17 22:55:41
10:12:22,23.5,-0.04,3106,7300450,卖盘,603011,2025-10-17 22:55:41
10:12:25,23.5,0.0,421,988949,买盘,603011,2025-10-17 22:55:41
10:12:28,23.52,0.02,1186,2786751,买盘,603011,2025-10-17 22:55:41
10:12:31,23.51,-0.01,310,728798,卖盘,603011,2025-10-17 22:55:41
10:12:34,23.5,-0.01,488,1147623,卖盘,603011,2025-10-17 22:55:41
10:12:37,23.5,0.0,557,1309491,卖盘,603011,2025-10-17 22:55:41
10:12:40,23.5,0.0,380,893093,卖盘,603011,2025-10-17 22:55:41
10:12:43,23.51,0.01,458,1076335,买盘,603011,2025-10-17 22:55:41
10:12:46,23.51,0.0,287,674567,买盘,603011,2025-10-17 22:55:41
10:12:49,23.5,-0.01,263,618165,卖盘,603011,2025-10-17 22:55:41
10:12:52,23.51,0.01,235,552373,买盘,603011,2025-10-17 22:55:41
10:12:55,23.51,0.0,273,641815,买盘,603011,2025-10-17 22:55:41
10:12:58,23.51,0.0,166,390270,卖盘,603011,2025-10-17 22:55:41
10:13:01,23.51,0.0,545,1281416,卖盘,603011,2025-10-17 22:55:41
10:13:04,23.5,-0.01,854,2007401,卖盘,603011,2025-10-17 22:55:41
10:13:07,23.5,0.0,599,1407173,买盘,603011,2025-10-17 22:55:41
10:13:10,23.47,-0.03,293,687922,卖盘,603011,2025-10-17 22:55:41
10:13:13,23.46,-0.01,355,832803,卖盘,603011,2025-10-17 22:55:41
10:13:16,23.45,-0.01,183,429250,卖盘,603011,2025-10-17 22:55:41
10:13:19,23.45,0.0,521,1222273,卖盘,603011,2025-10-17 22:55:41
10:13:22,23.44,-0.01,616,1444308,卖盘,603011,2025-10-17 22:55:41
10:13:25,23.44,0.0,752,1763088,卖盘,603011,2025-10-17 22:55:41
10:13:28,23.45,0.01,422,989929,买盘,603011,2025-10-17 22:55:41
10:13:31,23.45,0.0,214,501944,卖盘,603011,2025-10-17 22:55:41
10:13:34,23.46,0.01,1508,3537062,卖盘,603011,2025-10-17 22:55:41
10:13:37,23.46,0.0,276,648177,买盘,603011,2025-10-17 22:55:41
10:13:40,23.46,0.0,659,1544670,买盘,603011,2025-10-17 22:55:41
10:13:43,23.44,-0.02,398,933384,卖盘,603011,2025-10-17 22:55:41
10:13:46,23.46,0.02,425,997091,买盘,603011,2025-10-17 22:55:41
10:13:49,23.46,0.0,548,1285812,卖盘,603011,2025-10-17 22:55:41
10:13:52,23.45,-0.01,534,1252718,卖盘,603011,2025-10-17 22:55:41
10:13:55,23.46,0.01,415,973514,买盘,603011,2025-10-17 22:55:41
10:13:58,23.46,0.0,375,879588,买盘,603011,2025-10-17 22:55:41
10:14:01,23.46,0.0,382,896280,卖盘,603011,2025-10-17 22:55:41
10:14:04,23.47,0.01,564,1323231,买盘,603011,2025-10-17 22:55:41
10:14:07,23.47,0.0,139,326213,买盘,603011,2025-10-17 22:55:41
10:14:10,23.5,0.03,98,230078,买盘,603011,2025-10-17 22:55:41
10:14:13,23.49,-0.01,264,620258,卖盘,603011,2025-10-17 22:55:41
10:14:16,23.49,0.0,185,434690,买盘,603011,2025-10-17 22:55:41
10:14:19,23.49,0.0,265,622750,卖盘,603011,2025-10-17 22:55:41
10:14:22,23.5,0.01,724,1701105,卖盘,603011,2025-10-17 22:55:41
10:14:25,23.5,0.0,852,2000441,卖盘,603011,2025-10-17 22:55:41
10:14:28,23.5,0.0,367,862231,买盘,603011,2025-10-17 22:55:41
10:14:31,23.49,-0.01,450,1057242,卖盘,603011,2025-10-17 22:55:41
10:14:34,23.48,-0.01,446,1046737,卖盘,603011,2025-10-17 22:55:41
10:14:37,23.48,0.0,397,931869,买盘,603011,2025-10-17 22:55:41
10:14:40,23.48,0.0,360,845092,买盘,603011,2025-10-17 22:55:41
10:14:43,23.48,0.0,316,741854,买盘,603011,2025-10-17 22:55:41
10:14:46,23.46,-0.02,247,579549,卖盘,603011,2025-10-17 22:55:41
10:14:49,23.47,0.01,543,1274895,买盘,603011,2025-10-17 22:55:41
10:14:52,23.49,0.02,156,366246,买盘,603011,2025-10-17 22:55:41
10:14:55,23.48,-0.01,84,197220,卖盘,603011,2025-10-17 22:55:41
10:14:58,23.46,-0.02,274,643054,卖盘,603011,2025-10-17 22:55:41
10:15:01,23.5,0.04,166,390017,买盘,603011,2025-10-17 22:55:41
10:15:04,23.47,-0.03,219,514297,卖盘,603011,2025-10-17 22:55:41
10:15:07,23.49,0.02,304,714047,买盘,603011,2025-10-17 22:55:41
10:15:10,23.42,-0.07,1711,4010138,卖盘,603011,2025-10-17 22:55:41
10:15:13,23.37,-0.05,1912,4472319,卖盘,603011,2025-10-17 22:55:41
10:15:16,23.35,-0.02,441,1029150,中性盘,603011,2025-10-17 22:55:41
10:15:19,23.31,-0.04,99,230920,卖盘,603011,2025-10-17 22:55:41
10:15:22,23.31,0.0,1334,3110352,卖盘,603011,2025-10-17 22:55:41
10:15:25,23.3,-0.01,663,1545837,卖盘,603011,2025-10-17 22:55:41
10:15:28,23.3,0.0,1554,3620426,买盘,603011,2025-10-17 22:55:41
10:15:31,23.31,0.01,716,1668323,买盘,603011,2025-10-17 22:55:41
10:15:34,23.32,0.01,376,876224,中性盘,603011,2025-10-17 22:55:41
10:15:37,23.31,-0.01,191,445627,卖盘,603011,2025-10-17 22:55:41
10:15:40,23.34,0.03,192,447881,卖盘,603011,2025-10-17 22:55:41
10:15:43,23.34,0.0,547,1279723,卖盘,603011,2025-10-17 22:55:41
10:15:46,23.31,-0.03,241,562219,卖盘,603011,2025-10-17 22:55:41
10:15:49,23.31,0.0,342,797461,卖盘,603011,2025-10-17 22:55:41
10:15:52,23.3,-0.01,560,1304926,卖盘,603011,2025-10-17 22:55:41
10:15:55,23.3,0.0,330,768808,买盘,603011,2025-10-17 22:55:41
10:15:58,23.29,-0.01,697,1623028,卖盘,603011,2025-10-17 22:55:41
10:16:01,23.29,0.0,1232,2870275,买盘,603011,2025-10-17 22:55:41
10:16:04,23.28,-0.01,698,1625396,中性盘,603011,2025-10-17 22:55:41
10:16:07,23.4,0.12,892,2081426,买盘,603011,2025-10-17 22:55:41
10:16:10,23.42,0.02,1359,3170248,买盘,603011,2025-10-17 22:55:41
10:16:13,23.43,0.01,135,316118,买盘,603011,2025-10-17 22:55:41
10:16:16,23.43,0.0,122,285814,卖盘,603011,2025-10-17 22:55:41
10:16:19,23.43,0.0,487,1139778,卖盘,603011,2025-10-17 22:55:41
10:16:22,23.43,0.0,278,651275,买盘,603011,2025-10-17 22:55:41
10:16:25,23.4,-0.03,251,587747,中性盘,603011,2025-10-17 22:55:41
10:16:28,23.38,-0.02,174,407116,卖盘,603011,2025-10-17 22:55:41
10:16:31,23.39,0.01,513,1198322,中性盘,603011,2025-10-17 22:55:41
10:16:34,23.39,0.0,148,346263,卖盘,603011,2025-10-17 22:55:41
10:16:37,23.39,0.0,628,1469311,卖盘,603011,2025-10-17 22:55:41
10:16:40,23.38,-0.01,359,839767,卖盘,603011,2025-10-17 22:55:41
10:16:43,23.4,0.02,1045,2444609,买盘,603011,2025-10-17 22:55:41
10:16:46,23.4,0.0,345,807230,买盘,603011,2025-10-17 22:55:41
10:16:49,23.42,0.02,1403,3284166,买盘,603011,2025-10-17 22:55:41
10:16:52,23.46,0.04,60,140749,买盘,603011,2025-10-17 22:55:41
10:16:55,23.48,0.02,47,110340,买盘,603011,2025-10-17 22:55:41
10:16:58,23.47,-0.01,93,218343,卖盘,603011,2025-10-17 22:55:41
10:17:01,23.49,0.02,595,1398498,买盘,603011,2025-10-17 22:55:41
10:17:04,23.52,0.03,88,206874,买盘,603011,2025-10-17 22:55:41
10:17:07,23.52,0.0,76,178790,卖盘,603011,2025-10-17 22:55:41
10:17:10,23.55,0.03,134,315336,买盘,603011,2025-10-17 22:55:41
10:17:13,23.54,-0.01,457,1074362,中性盘,603011,2025-10-17 22:55:41
10:17:16,23.53,-0.01,154,362374,卖盘,603011,2025-10-17 22:55:41
10:17:19,23.51,-0.02,243,571262,中性盘,603011,2025-10-17 22:55:41
10:17:22,23.5,-0.01,145,341009,中性盘,603011,2025-10-17 22:55:41
10:17:25,23.5,0.0,121,284392,卖盘,603011,2025-10-17 22:55:41
10:17:28,23.5,0.0,122,286663,卖盘,603011,2025-10-17 22:55:41
10:17:31,23.46,-0.04,349,819671,卖盘,603011,2025-10-17 22:55:41
10:17:34,23.46,0.0,118,277027,买盘,603011,2025-10-17 22:55:41
10:17:37,23.53,0.07,309,726315,买盘,603011,2025-10-17 22:55:41
10:17:40,23.58,0.05,384,903683,买盘,603011,2025-10-17 22:55:41
10:17:43,23.63,0.05,207,488457,买盘,603011,2025-10-17 22:55:41
10:17:46,23.6,-0.03,71,167737,卖盘,603011,2025-10-17 22:55:41
10:17:49,23.63,0.03,64,151246,买盘,603011,2025-10-17 22:55:41
10:17:52,23.62,-0.01,128,302332,卖盘,603011,2025-10-17 22:55:41
10:17:55,23.52,-0.1,368,867344,卖盘,603011,2025-10-17 22:55:41
10:17:58,23.58,0.06,36,84954,中性盘,603011,2025-10-17 22:55:41
10:18:01,23.53,-0.05,141,331885,中性盘,603011,2025-10-17 22:55:41
10:18:04,23.52,-0.01,327,769601,卖盘,603011,2025-10-17 22:55:41
10:18:07,23.53,0.01,112,263994,卖盘,603011,2025-10-17 22:55:41
10:18:10,23.53,0.0,87,204733,卖盘,603011,2025-10-17 22:55:41
10:18:13,23.53,0.0,116,273140,卖盘,603011,2025-10-17 22:55:41
10:18:16,23.53,0.0,66,155380,卖盘,603011,2025-10-17 22:55:41
10:18:19,23.53,0.0,75,176712,卖盘,603011,2025-10-17 22:55:41
10:18:22,23.57,0.04,162,381569,买盘,603011,2025-10-17 22:55:41
10:18:25,23.53,-0.04,225,529528,卖盘,603011,2025-10-17 22:55:41
10:18:28,23.54,0.01,70,164801,中性盘,603011,2025-10-17 22:55:41
10:18:31,23.54,0.0,568,1340069,卖盘,603011,2025-10-17 22:55:41
10:18:34,23.54,0.0,35,82385,买盘,603011,2025-10-17 22:55:41
10:18:37,23.54,0.0,87,204786,卖盘,603011,2025-10-17 22:55:41
10:18:40,23.54,0.0,62,146063,卖盘,603011,2025-10-17 22:55:41
10:18:43,23.54,0.0,108,254225,卖盘,603011,2025-10-17 22:55:41
10:18:46,23.55,0.01,249,586283,买盘,603011,2025-10-17 22:55:41
10:18:49,23.59,0.04,146,344188,买盘,603011,2025-10-17 22:55:41
10:18:52,23.61,0.02,130,306863,买盘,603011,2025-10-17 22:55:41
10:18:55,23.63,0.02,54,127555,买盘,603011,2025-10-17 22:55:41
10:18:58,23.63,0.0,87,205661,卖盘,603011,2025-10-17 22:55:41
10:19:01,23.65,0.02,27,63853,买盘,603011,2025-10-17 22:55:41
10:19:04,23.66,0.01,37,87521,买盘,603011,2025-10-17 22:55:41
10:19:07,23.65,-0.01,257,607741,卖盘,603011,2025-10-17 22:55:41
10:19:10,23.65,0.0,123,290908,买盘,603011,2025-10-17 22:55:41
10:19:13,23.64,-0.01,120,283727,卖盘,603011,2025-10-17 22:55:41
10:19:16,23.63,-0.01,109,257672,卖盘,603011,2025-10-17 22:55:41
10:19:19,23.63,0.0,384,907433,卖盘,603011,2025-10-17 22:55:41
10:19:22,23.6,-0.03,430,1015680,卖盘,603011,2025-10-17 22:55:41
10:19:25,23.6,0.0,20,47223,卖盘,603011,2025-10-17 22:55:41
10:19:28,23.6,0.0,160,377587,卖盘,603011,2025-10-17 22:55:41
10:19:31,23.57,-0.03,45,106172,卖盘,603011,2025-10-17 22:55:41
10:19:34,23.59,0.02,81,191110,买盘,603011,2025-10-17 22:55:41
10:19:37,23.55,-0.04,319,752223,卖盘,603011,2025-10-17 22:55:41
10:19:40,23.59,0.04,714,1684146,卖盘,603011,2025-10-17 22:55:41
10:19:43,23.58,-0.01,449,1060457,卖盘,603011,2025-10-17 22:55:41
10:19:46,23.6,0.02,322,759377,买盘,603011,2025-10-17 22:55:41
10:19:49,23.63,0.03,14,33032,买盘,603011,2025-10-17 22:55:41
10:19:52,23.59,-0.04,82,193632,卖盘,603011,2025-10-17 22:55:41
10:19:55,23.63,0.04,117,276182,买盘,603011,2025-10-17 22:55:41
10:19:58,23.6,-0.03,131,309160,卖盘,603011,2025-10-17 22:55:41
10:20:01,23.58,-0.02,354,836070,卖盘,603011,2025-10-17 22:55:41
10:20:04,23.58,0.0,23,54270,中性盘,603011,2025-10-17 22:55:41
10:20:07,23.62,0.04,558,1316040,买盘,603011,2025-10-17 22:55:41
10:20:10,23.6,-0.02,80,188910,卖盘,603011,2025-10-17 22:55:41
10:20:13,23.61,0.01,43,101559,卖盘,603011,2025-10-17 22:55:41
10:20:16,23.62,0.01,97,229106,买盘,603011,2025-10-17 22:55:41
10:20:19,23.66,0.04,592,1399603,买盘,603011,2025-10-17 22:55:41
10:20:22,23.69,0.03,182,430994,买盘,603011,2025-10-17 22:55:41
10:20:25,23.69,0.0,265,627481,卖盘,603011,2025-10-17 22:55:41
10:20:28,23.72,0.03,198,469440,买盘,603011,2025-10-17 22:55:41
10:20:31,23.8,0.08,297,705362,买盘,603011,2025-10-17 22:55:41
10:20:34,23.8,0.0,177,421241,卖盘,603011,2025-10-17 22:55:41
10:20:37,23.76,-0.04,195,463619,中性盘,603011,2025-10-17 22:55:41
10:20:40,23.76,0.0,125,296760,买盘,603011,2025-10-17 22:55:41
10:20:43,23.73,-0.03,136,323162,中性盘,603011,2025-10-17 22:55:41
10:20:46,23.75,0.02,127,301557,中性盘,603011,2025-10-17 22:55:41
10:20:49,23.73,-0.02,110,261014,卖盘,603011,2025-10-17 22:55:41
10:20:52,23.73,0.0,45,106749,买盘,603011,2025-10-17 22:55:41
10:20:55,23.7,-0.03,197,466918,卖盘,603011,2025-10-17 22:55:41
10:20:58,23.65,-0.05,50,118408,卖盘,603011,2025-10-17 22:55:41
10:21:01,23.69,0.04,34,80451,买盘,603011,2025-10-17 22:55:41
10:21:04,23.66,-0.03,109,257915,买盘,603011,2025-10-17 22:55:41
10:21:07,23.67,0.01,76,179685,买盘,603011,2025-10-17 22:55:41
10:21:10,23.68,0.01,53,125457,买盘,603011,2025-10-17 22:55:41
10:21:13,23.69,0.01,149,352721,买盘,603011,2025-10-17 22:55:41
10:21:16,23.67,-0.02,269,636899,卖盘,603011,2025-10-17 22:55:41
10:21:19,23.68,0.01,485,1148503,买盘,603011,2025-10-17 22:55:41
10:21:22,23.66,-0.02,88,208161,卖盘,603011,2025-10-17 22:55:41
10:21:25,23.62,-0.04,56,132318,卖盘,603011,2025-10-17 22:55:41
10:21:28,23.61,-0.01,626,1481010,中性盘,603011,2025-10-17 22:55:41
10:21:31,23.62,0.01,1259,2977832,中性盘,603011,2025-10-17 22:55:41
10:21:34,23.66,0.04,244,577131,买盘,603011,2025-10-17 22:55:41
10:21:37,23.74,0.08,1308,3100548,买盘,603011,2025-10-17 22:55:41
10:21:40,23.71,-0.03,164,389193,卖盘,603011,2025-10-17 22:55:41
10:21:43,23.73,0.02,477,1131717,卖盘,603011,2025-10-17 22:55:41
10:21:46,23.73,0.0,1048,2484646,买盘,603011,2025-10-17 22:55:41
10:21:49,23.7,-0.03,725,1718433,卖盘,603011,2025-10-17 22:55:41
10:21:52,23.7,0.0,96,227546,卖盘,603011,2025-10-17 22:55:41
10:21:55,23.64,-0.06,149,352619,卖盘,603011,2025-10-17 22:55:41
10:21:58,23.64,0.0,162,383750,卖盘,603011,2025-10-17 22:55:41
10:22:01,23.64,0.0,36,85127,卖盘,603011,2025-10-17 22:55:41
10:22:04,23.63,-0.01,73,172560,卖盘,603011,2025-10-17 22:55:41
10:22:07,23.64,0.01,89,210377,买盘,603011,2025-10-17 22:55:41
10:22:10,23.62,-0.02,66,155953,卖盘,603011,2025-10-17 22:55:41
10:22:13,23.63,0.01,69,163013,买盘,603011,2025-10-17 22:55:41
10:22:16,23.62,-0.01,29,68522,卖盘,603011,2025-10-17 22:55:41
10:22:19,23.62,0.0,40,94471,买盘,603011,2025-10-17 22:55:41
10:22:22,23.61,-0.01,76,179503,卖盘,603011,2025-10-17 22:55:41
10:22:25,23.61,0.0,66,155845,卖盘,603011,2025-10-17 22:55:41
10:22:28,23.61,0.0,96,226676,卖盘,603011,2025-10-17 22:55:41
10:22:31,23.6,-0.01,71,167630,卖盘,603011,2025-10-17 22:55:41
10:22:34,23.6,0.0,34,80257,卖盘,603011,2025-10-17 22:55:41
10:22:37,23.6,0.0,64,151054,卖盘,603011,2025-10-17 22:55:41
10:22:40,23.6,0.0,99,233643,卖盘,603011,2025-10-17 22:55:41
10:22:43,23.64,0.04,418,987236,买盘,603011,2025-10-17 22:55:41
10:22:46,23.62,-0.02,84,198484,卖盘,603011,2025-10-17 22:55:41
10:22:49,23.63,0.01,157,370921,买盘,603011,2025-10-17 22:55:41
10:22:52,23.62,-0.01,43,101581,卖盘,603011,2025-10-17 22:55:41
10:22:55,23.65,0.03,320,756555,买盘,603011,2025-10-17 22:55:41
10:22:58,23.63,-0.02,45,106377,卖盘,603011,2025-10-17 22:55:41
10:23:01,23.62,-0.01,46,108645,卖盘,603011,2025-10-17 22:55:41
10:23:04,23.62,0.0,51,120476,卖盘,603011,2025-10-17 22:55:41
10:23:07,23.7,0.08,328,776437,买盘,603011,2025-10-17 22:55:41
10:23:10,23.7,0.0,77,182524,卖盘,603011,2025-10-17 22:55:41
10:23:13,23.7,0.0,80,189734,卖盘,603011,2025-10-17 22:55:41
10:23:16,23.72,0.02,104,246750,买盘,603011,2025-10-17 22:55:41
10:23:19,23.72,0.0,54,128096,中性盘,603011,2025-10-17 22:55:41
10:23:22,23.73,0.01,78,185091,买盘,603011,2025-10-17 22:55:41
10:23:25,23.73,0.0,188,446147,卖盘,603011,2025-10-17 22:55:41
10:23:28,23.74,0.01,119,282570,中性盘,603011,2025-10-17 22:55:41
10:23:31,23.76,0.02,145,344239,买盘,603011,2025-10-17 22:55:41
10:23:34,23.74,-0.02,349,828675,卖盘,603011,2025-10-17 22:55:41
10:23:37,23.72,-0.02,278,659513,卖盘,603011,2025-10-17 22:55:41
10:23:40,23.7,-0.02,981,2325213,卖盘,603011,2025-10-17 22:55:41
10:23:43,23.7,0.0,89,210948,卖盘,603011,2025-10-17 22:55:41
10:23:46,23.7,0.0,255,604350,卖盘,603011,2025-10-17 22:55:41
10:23:49,23.72,0.02,485,1150553,买盘,603011,2025-10-17 22:55:41
10:23:52,23.7,-0.02,76,180104,卖盘,603011,2025-10-17 22:55:41
10:23:55,23.7,0.0,64,151612,买盘,603011,2025-10-17 22:55:41
10:23:58,23.7,0.0,114,269990,买盘,603011,2025-10-17 22:55:41
10:24:01,23.66,-0.04,79,187043,卖盘,603011,2025-10-17 22:55:41
10:24:04,23.65,-0.01,92,217833,卖盘,603011,2025-10-17 22:55:41
10:24:07,23.66,0.01,127,300367,买盘,603011,2025-10-17 22:55:41
10:24:10,23.64,-0.02,51,120580,卖盘,603011,2025-10-17 22:55:41
10:24:13,23.65,0.01,26,61485,中性盘,603011,2025-10-17 22:55:41
10:24:16,23.64,-0.01,66,156051,卖盘,603011,2025-10-17 22:55:41
10:24:19,23.64,0.0,81,191536,卖盘,603011,2025-10-17 22:55:41
10:24:22,23.64,0.0,68,160742,买盘,603011,2025-10-17 22:55:41
10:24:25,23.62,-0.02,262,619156,卖盘,603011,2025-10-17 22:55:41
10:24:28,23.63,0.01,100,236296,买盘,603011,2025-10-17 22:55:41
10:24:31,23.63,0.0,12,28356,买盘,603011,2025-10-17 22:55:41
10:24:34,23.62,-0.01,15,35438,卖盘,603011,2025-10-17 22:55:41
10:24:37,23.63,0.01,45,106304,买盘,603011,2025-10-17 22:55:41
10:24:40,23.62,-0.01,74,174797,卖盘,603011,2025-10-17 22:55:41
10:24:43,23.63,0.01,249,588172,买盘,603011,2025-10-17 22:55:41
10:24:46,23.62,-0.01,86,203213,卖盘,603011,2025-10-17 22:55:41
10:24:49,23.63,0.01,186,439448,买盘,603011,2025-10-17 22:55:41
10:24:52,23.62,-0.01,33,77974,卖盘,603011,2025-10-17 22:55:41
10:24:55,23.62,0.0,38,89761,卖盘,603011,2025-10-17 22:55:41
10:24:58,23.62,0.0,48,113379,卖盘,603011,2025-10-17 22:55:41
10:25:01,23.62,0.0,106,250368,卖盘,603011,2025-10-17 22:55:41
10:25:04,23.63,0.01,65,153537,买盘,603011,2025-10-17 22:55:41
10:25:07,23.63,0.0,119,281090,买盘,603011,2025-10-17 22:55:41
10:25:10,23.64,0.01,136,321369,买盘,603011,2025-10-17 22:55:41
10:25:13,23.65,0.01,106,250582,买盘,603011,2025-10-17 22:55:41
10:25:16,23.65,0.0,16,37871,中性盘,603011,2025-10-17 22:55:41
10:25:19,23.66,0.01,120,283957,卖盘,603011,2025-10-17 22:55:41
10:25:22,23.66,0.0,47,111318,卖盘,603011,2025-10-17 22:55:41
10:25:25,23.66,0.0,76,179796,卖盘,603011,2025-10-17 22:55:41
10:25:28,23.66,0.0,8,18925,买盘,603011,2025-10-17 22:55:41
10:25:31,23.66,0.0,25,59130,买盘,603011,2025-10-17 22:55:41
10:25:34,23.66,0.0,87,205784,买盘,603011,2025-10-17 22:55:41
10:25:37,23.65,-0.01,510,1205926,卖盘,603011,2025-10-17 22:55:41
10:25:40,23.61,-0.04,433,1023120,卖盘,603011,2025-10-17 22:55:41
10:25:43,23.59,-0.02,149,351611,卖盘,603011,2025-10-17 22:55:41
10:25:46,23.58,-0.01,94,221713,卖盘,603011,2025-10-17 22:55:41
10:25:49,23.6,0.02,52,122678,买盘,603011,2025-10-17 22:55:41
10:25:52,23.58,-0.02,101,238088,买盘,603011,2025-10-17 22:55:41
10:25:55,23.56,-0.02,111,261610,卖盘,603011,2025-10-17 22:55:41
10:25:58,23.56,0.0,28,65976,卖盘,603011,2025-10-17 22:55:41
10:26:01,23.55,-0.01,32,75375,卖盘,603011,2025-10-17 22:55:41
10:26:04,23.57,0.02,110,259118,买盘,603011,2025-10-17 22:55:41
10:26:07,23.59,0.02,185,436044,买盘,603011,2025-10-17 22:55:41
10:26:10,23.58,-0.01,88,207552,卖盘,603011,2025-10-17 22:55:41
10:26:13,23.6,0.02,49,115650,买盘,603011,2025-10-17 22:55:41
10:26:16,23.61,0.01,51,120404,卖盘,603011,2025-10-17 22:55:41
10:26:19,23.62,0.01,18,42523,中性盘,603011,2025-10-17 22:55:41
10:26:22,23.64,0.02,47,111078,中性盘,603011,2025-10-17 22:55:41
10:26:25,23.63,-0.01,130,307333,卖盘,603011,2025-10-17 22:55:41
10:26:28,23.65,0.02,106,250467,买盘,603011,2025-10-17 22:55:41
10:26:31,23.64,-0.01,51,120548,卖盘,603011,2025-10-17 22:55:41
10:26:34,23.64,0.0,73,172604,卖盘,603011,2025-10-17 22:55:41
10:26:37,23.63,-0.01,98,231646,卖盘,603011,2025-10-17 22:55:41
10:26:40,23.64,0.01,90,212745,买盘,603011,2025-10-17 22:55:41
10:26:43,23.65,0.01,120,283619,买盘,603011,2025-10-17 22:55:41
10:26:46,23.64,-0.01,13,30728,中性盘,603011,2025-10-17 22:55:41
10:26:49,23.64,0.0,58,137135,卖盘,603011,2025-10-17 22:55:41
10:26:52,23.65,0.01,24,56748,买盘,603011,2025-10-17 22:55:41
10:26:55,23.64,-0.01,25,59122,卖盘,603011,2025-10-17 22:55:41
10:26:58,23.64,0.0,97,229355,卖盘,603011,2025-10-17 22:55:41
10:27:01,23.64,0.0,74,174914,买盘,603011,2025-10-17 22:55:41
10:27:04,23.64,0.0,16,37824,买盘,603011,2025-10-17 22:55:41
10:27:07,23.63,-0.01,18,42548,卖盘,603011,2025-10-17 22:55:41
10:27:10,23.64,0.01,200,472792,买盘,603011,2025-10-17 22:55:41
10:27:13,23.66,0.02,142,335777,买盘,603011,2025-10-17 22:55:41
10:27:16,23.65,-0.01,375,886846,卖盘,603011,2025-10-17 22:55:41
10:27:19,23.66,0.01,4,9463,买盘,603011,2025-10-17 22:55:41
10:27:22,23.66,0.0,6,14196,买盘,603011,2025-10-17 22:55:41
10:27:25,23.67,0.01,39,92277,买盘,603011,2025-10-17 22:55:41
10:27:28,23.66,-0.01,107,253230,卖盘,603011,2025-10-17 22:55:41
10:27:31,23.7,0.04,306,724925,买盘,603011,2025-10-17 22:55:41
10:27:34,23.7,0.0,48,113766,卖盘,603011,2025-10-17 22:55:41
10:27:37,23.71,0.01,12,28452,买盘,603011,2025-10-17 22:55:41
10:27:40,23.72,0.01,140,331910,买盘,603011,2025-10-17 22:55:41
10:27:43,23.73,0.01,106,251536,买盘,603011,2025-10-17 22:55:41
10:27:46,23.75,0.02,288,683889,买盘,603011,2025-10-17 22:55:41
10:27:49,23.76,0.01,117,277912,买盘,603011,2025-10-17 22:55:41
10:27:52,23.77,0.01,79,187760,买盘,603011,2025-10-17 22:55:41
10:27:55,23.78,0.01,90,213888,买盘,603011,2025-10-17 22:55:41
10:27:58,23.74,-0.04,405,962071,卖盘,603011,2025-10-17 22:55:41
10:28:01,23.68,-0.06,656,1555775,卖盘,603011,2025-10-17 22:55:41
10:28:04,23.68,0.0,152,359740,买盘,603011,2025-10-17 22:55:41
10:28:07,23.73,0.05,205,485124,买盘,603011,2025-10-17 22:55:41
10:28:10,23.68,-0.05,34,80510,中性盘,603011,2025-10-17 22:55:41
10:28:13,23.73,0.05,203,480522,买盘,603011,2025-10-17 22:55:41
10:28:16,23.72,-0.01,28,66367,买盘,603011,2025-10-17 22:55:41
10:28:19,23.68,-0.04,68,161168,卖盘,603011,2025-10-17 22:55:41
10:28:22,23.71,0.03,12,28452,买盘,603011,2025-10-17 22:55:41
10:28:25,23.71,0.0,17,40307,买盘,603011,2025-10-17 22:55:41
10:28:28,23.71,0.0,42,99581,卖盘,603011,2025-10-17 22:55:41
10:28:31,23.7,-0.01,106,251321,卖盘,603011,2025-10-17 22:55:41
10:28:34,23.71,0.01,62,146957,买盘,603011,2025-10-17 22:55:41
10:28:37,23.7,-0.01,64,151660,卖盘,603011,2025-10-17 22:55:41
10:28:40,23.7,0.0,44,104256,买盘,603011,2025-10-17 22:55:41
10:28:43,23.7,0.0,127,300942,买盘,603011,2025-10-17 22:55:41
10:28:46,23.69,-0.01,671,1588918,卖盘,603011,2025-10-17 22:55:41
10:28:49,23.69,0.0,50,118421,买盘,603011,2025-10-17 22:55:41
10:28:52,23.69,0.0,277,656462,买盘,603011,2025-10-17 22:55:41
10:28:55,23.68,-0.01,93,220272,卖盘,603011,2025-10-17 22:55:41
10:28:58,23.69,0.01,25,59225,买盘,603011,2025-10-17 22:55:41
10:29:01,23.69,0.0,57,135038,卖盘,603011,2025-10-17 22:55:41
10:29:04,23.7,0.01,49,116082,买盘,603011,2025-10-17 22:55:41
10:29:07,23.67,-0.03,202,478309,卖盘,603011,2025-10-17 22:55:41
10:29:10,23.65,-0.02,675,1596607,卖盘,603011,2025-10-17 22:55:41
10:29:13,23.6,-0.05,1129,2668221,卖盘,603011,2025-10-17 22:55:41
10:29:16,23.65,0.05,122,288018,卖盘,603011,2025-10-17 22:55:41
10:29:19,23.6,-0.05,29,68550,卖盘,603011,2025-10-17 22:55:41
10:29:22,23.64,0.04,149,351790,中性盘,603011,2025-10-17 22:55:41
10:29:25,23.6,-0.04,74,174665,卖盘,603011,2025-10-17 22:55:41
10:29:28,23.64,0.04,32,75576,买盘,603011,2025-10-17 22:55:41
10:29:31,23.61,-0.03,94,221992,卖盘,603011,2025-10-17 22:55:41
10:29:34,23.61,0.0,71,167579,买盘,603011,2025-10-17 22:55:41
10:29:37,23.61,0.0,65,153441,卖盘,603011,2025-10-17 22:55:41
10:29:40,23.61,0.0,35,82624,卖盘,603011,2025-10-17 22:55:41
10:29:43,23.61,0.0,21,49571,买盘,603011,2025-10-17 22:55:41
10:29:46,23.61,0.0,28,66087,买盘,603011,2025-10-17 22:55:41
10:29:49,23.6,-0.01,132,311516,卖盘,603011,2025-10-17 22:55:41
10:29:52,23.6,0.0,46,108560,买盘,603011,2025-10-17 22:55:41
10:29:55,23.6,0.0,38,89651,买盘,603011,2025-10-17 22:55:41
10:29:58,23.59,-0.01,7,16514,卖盘,603011,2025-10-17 22:55:41
10:30:01,23.58,-0.01,53,125023,卖盘,603011,2025-10-17 22:55:41
10:30:04,23.58,0.0,52,122645,卖盘,603011,2025-10-17 22:55:41
10:30:07,23.58,0.0,50,117935,卖盘,603011,2025-10-17 22:55:41
10:30:10,23.58,0.0,187,441075,卖盘,603011,2025-10-17 22:55:41
10:30:13,23.59,0.01,462,1090167,买盘,603011,2025-10-17 22:55:41
10:30:16,23.61,0.02,43,101442,买盘,603011,2025-10-17 22:55:41
10:30:19,23.59,-0.02,10,23595,中性盘,603011,2025-10-17 22:55:41
10:30:22,23.61,0.02,48,113261,买盘,603011,2025-10-17 22:55:41
10:30:25,23.61,0.0,13,30693,卖盘,603011,2025-10-17 22:55:41
10:30:28,23.59,-0.02,62,146288,卖盘,603011,2025-10-17 22:55:41
10:30:31,23.61,0.02,11,25953,中性盘,603011,2025-10-17 22:55:41
10:30:34,23.59,-0.02,16,37770,卖盘,603011,2025-10-17 22:55:41
10:30:37,23.61,0.02,13,30681,买盘,603011,2025-10-17 22:55:41
10:30:40,23.63,0.02,83,195925,买盘,603011,2025-10-17 22:55:41
10:30:43,23.63,0.0,76,179422,买盘,603011,2025-10-17 22:55:41
10:30:46,23.63,0.0,65,153560,买盘,603011,2025-10-17 22:55:41
10:30:49,23.62,-0.01,288,680555,卖盘,603011,2025-10-17 22:55:41
10:30:52,23.64,0.02,166,392063,买盘,603011,2025-10-17 22:55:41
10:30:55,23.64,0.0,37,87468,卖盘,603011,2025-10-17 22:55:41
10:30:58,23.65,0.01,101,238817,买盘,603011,2025-10-17 22:55:41
10:31:01,23.63,-0.02,391,923779,卖盘,603011,2025-10-17 22:55:41
10:31:04,23.58,-0.05,406,959164,卖盘,603011,2025-10-17 22:55:41
10:31:07,23.64,0.06,43,101546,买盘,603011,2025-10-17 22:55:41
10:31:10,23.58,-0.06,33,77959,卖盘,603011,2025-10-17 22:55:41
10:31:13,23.63,0.05,194,457683,买盘,603011,2025-10-17 22:55:41
10:31:16,23.62,-0.01,8,18881,买盘,603011,2025-10-17 22:55:41
10:31:22,23.6,-0.02,54,127445,卖盘,603011,2025-10-17 22:55:41
10:31:25,23.59,-0.01,87,205318,卖盘,603011,2025-10-17 22:55:41
10:31:28,23.58,-0.01,145,341976,卖盘,603011,2025-10-17 22:55:41
10:31:31,23.57,-0.01,67,157951,卖盘,603011,2025-10-17 22:55:41
10:31:34,23.6,0.03,414,976282,买盘,603011,2025-10-17 22:55:41
10:31:37,23.6,0.0,56,132167,卖盘,603011,2025-10-17 22:55:41
10:31:40,23.6,0.0,104,245444,卖盘,603011,2025-10-17 22:55:41
10:31:43,23.61,0.01,45,106240,中性盘,603011,2025-10-17 22:55:41
10:31:46,23.6,-0.01,445,1050461,卖盘,603011,2025-10-17 22:55:41
10:31:49,23.6,0.0,52,122787,中性盘,603011,2025-10-17 22:55:41
10:31:52,23.6,0.0,65,153431,买盘,603011,2025-10-17 22:55:41
10:31:55,23.6,0.0,71,167604,卖盘,603011,2025-10-17 22:55:41
10:31:58,23.6,0.0,48,113282,卖盘,603011,2025-10-17 22:55:41
10:32:01,23.6,0.0,90,212429,卖盘,603011,2025-10-17 22:55:41
10:32:04,23.6,0.0,188,443803,卖盘,603011,2025-10-17 22:55:41
10:32:07,23.6,0.0,141,332895,卖盘,603011,2025-10-17 22:55:41
10:32:10,23.62,0.02,37,87365,买盘,603011,2025-10-17 22:55:41
10:32:13,23.6,-0.02,442,1043250,卖盘,603011,2025-10-17 22:55:41
10:32:16,23.6,0.0,101,238440,卖盘,603011,2025-10-17 22:55:41
10:32:19,23.62,0.02,28,66134,买盘,603011,2025-10-17 22:55:41
10:32:22,23.63,0.01,12,28356,买盘,603011,2025-10-17 22:55:41
10:32:25,23.64,0.01,73,172571,买盘,603011,2025-10-17 22:55:41
10:32:28,23.65,0.01,59,139483,中性盘,603011,2025-10-17 22:55:41
10:32:31,23.65,0.0,11,26010,买盘,603011,2025-10-17 22:55:41
10:32:34,23.65,0.0,57,134784,买盘,603011,2025-10-17 22:55:41
10:32:37,23.66,0.01,46,108814,买盘,603011,2025-10-17 22:55:41
10:32:40,23.64,-0.02,593,1402417,卖盘,603011,2025-10-17 22:55:41
10:32:43,23.61,-0.03,327,772553,卖盘,603011,2025-10-17 22:55:41
10:32:46,23.61,0.0,25,59055,中性盘,603011,2025-10-17 22:55:41
10:32:49,23.63,0.02,23,54346,买盘,603011,2025-10-17 22:55:41
10:32:52,23.63,0.0,108,254989,买盘,603011,2025-10-17 22:55:41
10:32:55,23.6,-0.03,86,203021,卖盘,603011,2025-10-17 22:55:41
10:32:58,23.6,0.0,193,455967,卖盘,603011,2025-10-17 22:55:41
10:33:01,23.63,0.03,14,33080,买盘,603011,2025-10-17 22:55:41
10:33:04,23.63,0.0,18,42534,卖盘,603011,2025-10-17 22:55:41
10:33:07,23.64,0.01,6,14183,买盘,603011,2025-10-17 22:55:41
10:33:10,23.64,0.0,52,122857,买盘,603011,2025-10-17 22:55:41
10:33:13,23.63,-0.01,49,115824,卖盘,603011,2025-10-17 22:55:41
10:33:16,23.64,0.01,60,141840,卖盘,603011,2025-10-17 22:55:41
10:33:19,23.64,0.0,67,158402,卖盘,603011,2025-10-17 22:55:41
10:33:22,23.65,0.01,29,68564,买盘,603011,2025-10-17 22:55:41
10:33:25,23.65,0.0,119,281457,卖盘,603011,2025-10-17 22:55:41
10:33:28,23.63,-0.02,700,1654517,卖盘,603011,2025-10-17 22:55:41
10:33:31,23.63,0.0,111,262282,买盘,603011,2025-10-17 22:55:41
10:33:34,23.63,0.0,16,37805,买盘,603011,2025-10-17 22:55:41
10:33:37,23.62,-0.01,80,189030,卖盘,603011,2025-10-17 22:55:41
10:33:40,23.62,0.0,25,59059,卖盘,603011,2025-10-17 22:55:41
10:33:43,23.63,0.01,135,318967,买盘,603011,2025-10-17 22:55:41
10:33:46,23.64,0.01,184,434810,买盘,603011,2025-10-17 22:55:41
10:33:49,23.63,-0.01,114,269388,卖盘,603011,2025-10-17 22:55:41
10:33:52,23.62,-0.01,139,328449,卖盘,603011,2025-10-17 22:55:41
10:33:55,23.62,0.0,165,389738,卖盘,603011,2025-10-17 22:55:41
10:33:58,23.62,0.0,103,243230,卖盘,603011,2025-10-17 22:55:41
10:34:01,23.62,0.0,57,134659,中性盘,603011,2025-10-17 22:55:41
10:34:04,23.62,0.0,67,158254,买盘,603011,2025-10-17 22:55:41
10:34:07,23.62,0.0,30,70868,卖盘,603011,2025-10-17 22:55:41
10:34:10,23.62,0.0,553,1305441,卖盘,603011,2025-10-17 22:55:41
10:34:13,23.62,0.0,30,70860,买盘,603011,2025-10-17 22:55:41
10:34:16,23.6,-0.02,299,705901,卖盘,603011,2025-10-17 22:55:41
10:34:19,23.6,0.0,171,403551,买盘,603011,2025-10-17 22:55:41
10:34:22,23.59,-0.01,154,363331,卖盘,603011,2025-10-17 22:55:41
10:34:25,23.59,0.0,61,143893,卖盘,603011,2025-10-17 22:55:41
10:34:28,23.6,0.01,29,68415,买盘,603011,2025-10-17 22:55:41
10:34:31,23.58,-0.02,81,191027,卖盘,603011,2025-10-17 22:55:41
10:34:34,23.59,0.01,116,273681,中性盘,603011,2025-10-17 22:55:41
10:34:37,23.59,0.0,46,108482,卖盘,603011,2025-10-17 22:55:41
10:34:40,23.59,0.0,12,28298,买盘,603011,2025-10-17 22:55:41
10:34:43,23.58,-0.01,77,181545,卖盘,603011,2025-10-17 22:55:41
10:34:46,23.59,0.01,33,77797,买盘,603011,2025-10-17 22:55:41
10:34:49,23.57,-0.02,66,155593,卖盘,603011,2025-10-17 22:55:41
10:34:52,23.58,0.01,47,110797,中性盘,603011,2025-10-17 22:55:41
10:34:55,23.58,0.0,110,259277,买盘,603011,2025-10-17 22:55:41
10:34:58,23.58,0.0,79,186281,买盘,603011,2025-10-17 22:55:41
10:35:01,23.58,0.0,30,70731,卖盘,603011,2025-10-17 22:55:41
10:35:04,23.58,0.0,64,150889,卖盘,603011,2025-10-17 22:55:41
10:35:07,23.58,0.0,52,122610,买盘,603011,2025-10-17 22:55:41
10:35:10,23.58,0.0,241,568202,买盘,603011,2025-10-17 22:55:41
10:35:13,23.58,0.0,71,167404,卖盘,603011,2025-10-17 22:55:41
10:35:16,23.58,0.0,68,160298,买盘,603011,2025-10-17 22:55:41
10:35:19,23.59,0.01,159,375043,买盘,603011,2025-10-17 22:55:41
10:35:22,23.57,-0.02,75,176851,卖盘,603011,2025-10-17 22:55:41
10:35:25,23.58,0.01,23,54227,买盘,603011,2025-10-17 22:55:41
10:35:28,23.58,0.0,37,87244,买盘,603011,2025-10-17 22:55:41
10:35:31,23.57,-0.01,141,332472,卖盘,603011,2025-10-17 22:55:41
10:35:34,23.58,0.01,82,193379,买盘,603011,2025-10-17 22:55:41
10:35:37,23.57,-0.01,228,537428,卖盘,603011,2025-10-17 22:55:41
10:35:40,23.56,-0.01,57,134332,卖盘,603011,2025-10-17 22:55:41
10:35:43,23.56,0.0,34,80121,卖盘,603011,2025-10-17 22:55:41
10:35:46,23.57,0.01,472,1112461,买盘,603011,2025-10-17 22:55:41
10:35:49,23.56,-0.01,53,124917,卖盘,603011,2025-10-17 22:55:41
10:35:52,23.57,0.01,175,412401,买盘,603011,2025-10-17 22:55:41
10:35:55,23.57,0.0,111,261632,卖盘,603011,2025-10-17 22:55:41
10:35:58,23.58,0.01,451,1063994,买盘,603011,2025-10-17 22:55:41
10:36:01,23.63,0.05,55,129896,买盘,603011,2025-10-17 22:55:41
10:36:04,23.61,-0.02,643,1518695,卖盘,603011,2025-10-17 22:55:41
10:36:07,23.65,0.04,82,193773,买盘,603011,2025-10-17 22:55:41
10:36:10,23.65,0.0,35,82784,卖盘,603011,2025-10-17 22:55:41
10:36:13,23.66,0.01,61,144315,买盘,603011,2025-10-17 22:55:41
10:36:16,23.65,-0.01,54,127759,卖盘,603011,2025-10-17 22:55:41
10:36:19,23.65,0.0,19,44952,中性盘,603011,2025-10-17 22:55:41
10:36:22,23.63,-0.02,31,73301,卖盘,603011,2025-10-17 22:55:41
10:36:25,23.6,-0.03,101,238623,卖盘,603011,2025-10-17 22:55:41
10:36:28,23.59,-0.01,385,908508,卖盘,603011,2025-10-17 22:55:41
10:36:31,23.56,-0.03,261,615222,卖盘,603011,2025-10-17 22:55:41
10:36:34,23.53,-0.03,228,536842,卖盘,603011,2025-10-17 22:55:41
10:36:37,23.56,0.03,130,305981,买盘,603011,2025-10-17 22:55:41
10:36:40,23.53,-0.03,32,75287,中性盘,603011,2025-10-17 22:55:41
10:36:43,23.5,-0.03,597,1403110,卖盘,603011,2025-10-17 22:55:41
10:36:46,23.48,-0.02,75,176219,卖盘,603011,2025-10-17 22:55:41
10:36:49,23.48,0.0,53,124445,卖盘,603011,2025-10-17 22:55:41
10:36:52,23.48,0.0,177,415663,买盘,603011,2025-10-17 22:55:41
10:36:55,23.48,0.0,64,150272,卖盘,603011,2025-10-17 22:55:41
10:36:58,23.5,0.02,126,295855,中性盘,603011,2025-10-17 22:55:41
10:37:01,23.5,0.0,28,65788,中性盘,603011,2025-10-17 22:55:41
10:37:04,23.51,0.01,145,340648,买盘,603011,2025-10-17 22:55:41
10:37:07,23.48,-0.03,132,310127,卖盘,603011,2025-10-17 22:55:41
10:37:10,23.51,0.03,61,143444,中性盘,603011,2025-10-17 22:55:41
10:37:13,23.52,0.01,46,108150,买盘,603011,2025-10-17 22:55:41
10:37:16,23.52,0.0,126,296399,买盘,603011,2025-10-17 22:55:41
10:37:19,23.51,-0.01,759,1783895,卖盘,603011,2025-10-17 22:55:41
10:37:22,23.51,0.0,51,119911,买盘,603011,2025-10-17 22:55:41
10:37:25,23.5,-0.01,318,747296,卖盘,603011,2025-10-17 22:55:41
10:37:28,23.5,0.0,101,237332,买盘,603011,2025-10-17 22:55:41
10:37:31,23.49,-0.01,855,2008143,卖盘,603011,2025-10-17 22:55:41
10:37:34,23.47,-0.02,139,326196,卖盘,603011,2025-10-17 22:55:41
10:37:37,23.47,0.0,187,439026,买盘,603011,2025-10-17 22:55:41
10:37:40,23.46,-0.01,248,582029,卖盘,603011,2025-10-17 22:55:41
10:37:43,23.45,-0.01,134,314459,卖盘,603011,2025-10-17 22:55:41
10:37:46,23.5,0.05,114,267653,买盘,603011,2025-10-17 22:55:41
10:37:49,23.46,-0.04,206,483367,卖盘,603011,2025-10-17 22:55:41
10:37:52,23.46,0.0,263,617050,卖盘,603011,2025-10-17 22:55:41
10:37:55,23.49,0.03,105,246375,买盘,603011,2025-10-17 22:55:41
10:37:58,23.49,0.0,21,49315,买盘,603011,2025-10-17 22:55:41
10:38:01,23.47,-0.02,548,1285497,买盘,603011,2025-10-17 22:55:41
10:38:04,23.47,0.0,75,176059,卖盘,603011,2025-10-17 22:55:41
10:38:07,23.47,0.0,213,499999,卖盘,603011,2025-10-17 22:55:41
10:38:10,23.48,0.01,284,666861,中性盘,603011,2025-10-17 22:55:41
10:38:13,23.46,-0.02,54,126737,卖盘,603011,2025-10-17 22:55:41
10:38:16,23.48,0.02,47,110296,买盘,603011,2025-10-17 22:55:41
10:38:19,23.46,-0.02,173,405920,卖盘,603011,2025-10-17 22:55:41
10:38:22,23.48,0.02,177,415268,买盘,603011,2025-10-17 22:55:41
10:38:25,23.48,0.0,17,39916,卖盘,603011,2025-10-17 22:55:41
10:38:28,23.5,0.02,86,202098,买盘,603011,2025-10-17 22:55:41
10:38:31,23.5,0.0,67,157401,卖盘,603011,2025-10-17 22:55:41
10:38:34,23.5,0.0,151,354634,买盘,603011,2025-10-17 22:55:41
10:38:37,23.5,0.0,23,54046,买盘,603011,2025-10-17 22:55:41
10:38:40,23.5,0.0,9,21150,卖盘,603011,2025-10-17 22:55:41
10:38:43,23.5,0.0,55,129254,卖盘,603011,2025-10-17 22:55:41
10:38:46,23.5,0.0,121,284379,卖盘,603011,2025-10-17 22:55:41
10:38:49,23.48,-0.02,90,211482,卖盘,603011,2025-10-17 22:55:41
10:38:52,23.48,0.0,68,159718,卖盘,603011,2025-10-17 22:55:41
10:38:55,23.48,0.0,127,298216,卖盘,603011,2025-10-17 22:55:41
10:38:58,23.47,-0.01,176,413255,卖盘,603011,2025-10-17 22:55:41
10:39:01,23.45,-0.02,821,1925906,卖盘,603011,2025-10-17 22:55:41
10:39:04,23.45,0.0,312,731111,买盘,603011,2025-10-17 22:55:41
10:39:07,23.45,0.0,46,107861,买盘,603011,2025-10-17 22:55:41
10:39:10,23.45,0.0,48,112501,买盘,603011,2025-10-17 22:55:41
10:39:13,23.45,0.0,32,75040,卖盘,603011,2025-10-17 22:55:41
10:39:16,23.41,-0.04,91,213237,卖盘,603011,2025-10-17 22:55:41
10:39:19,23.45,0.04,19,44540,买盘,603011,2025-10-17 22:55:41
10:39:22,23.42,-0.03,193,452003,卖盘,603011,2025-10-17 22:55:41
10:39:25,23.42,0.0,82,192074,卖盘,603011,2025-10-17 22:55:41
10:39:28,23.42,0.0,32,74972,买盘,603011,2025-10-17 22:55:41
10:39:31,23.44,0.02,74,173492,买盘,603011,2025-10-17 22:55:41
10:39:34,23.45,0.01,55,128880,买盘,603011,2025-10-17 22:55:41
10:39:37,23.46,0.01,177,415063,买盘,603011,2025-10-17 22:55:41
10:39:40,23.46,0.0,45,105535,买盘,603011,2025-10-17 22:55:41
10:39:43,23.46,0.0,47,110244,买盘,603011,2025-10-17 22:55:41
10:39:46,23.46,0.0,47,110264,卖盘,603011,2025-10-17 22:55:41
10:39:49,23.45,-0.01,110,258049,卖盘,603011,2025-10-17 22:55:41
10:39:52,23.45,0.0,47,110216,卖盘,603011,2025-10-17 22:55:41
10:39:55,23.45,0.0,55,128983,卖盘,603011,2025-10-17 22:55:41
10:39:58,23.46,0.01,78,182969,买盘,603011,2025-10-17 22:55:41
10:40:01,23.46,0.0,97,227576,卖盘,603011,2025-10-17 22:55:41
10:40:04,23.46,0.0,29,68040,买盘,603011,2025-10-17 22:55:41
10:40:07,23.46,0.0,44,103255,卖盘,603011,2025-10-17 22:55:41
10:40:10,23.45,-0.01,93,218168,卖盘,603011,2025-10-17 22:55:41
10:40:13,23.45,0.0,111,260290,卖盘,603011,2025-10-17 22:55:41
10:40:16,23.45,0.0,41,96145,买盘,603011,2025-10-17 22:55:41
10:40:19,23.45,0.0,50,117210,买盘,603011,2025-10-17 22:55:41
10:40:22,23.45,0.0,29,67990,买盘,603011,2025-10-17 22:55:41
10:40:25,23.43,-0.02,115,269584,卖盘,603011,2025-10-17 22:55:41
10:40:28,23.44,0.01,167,391449,中性盘,603011,2025-10-17 22:55:41
10:40:31,23.44,0.0,54,126567,买盘,603011,2025-10-17 22:55:41
10:40:34,23.44,0.0,22,51577,卖盘,603011,2025-10-17 22:55:41
10:40:37,23.44,0.0,65,152366,卖盘,603011,2025-10-17 22:55:41
10:40:40,23.44,0.0,78,182840,卖盘,603011,2025-10-17 22:55:41
10:40:43,23.44,0.0,231,541407,卖盘,603011,2025-10-17 22:55:41
10:40:46,23.43,-0.01,109,255466,卖盘,603011,2025-10-17 22:55:41
10:40:49,23.45,0.02,107,250866,买盘,603011,2025-10-17 22:55:41
10:40:52,23.45,0.0,130,304815,买盘,603011,2025-10-17 22:55:41
10:40:55,23.45,0.0,138,323550,买盘,603011,2025-10-17 22:55:41
10:40:58,23.44,-0.01,504,1181418,卖盘,603011,2025-10-17 22:55:41
10:41:01,23.45,0.01,165,386918,买盘,603011,2025-10-17 22:55:41
10:41:04,23.44,-0.01,30,70342,卖盘,603011,2025-10-17 22:55:41
10:41:07,23.46,0.02,35,82083,买盘,603011,2025-10-17 22:55:41
10:41:10,23.47,0.01,104,243865,买盘,603011,2025-10-17 22:55:41
10:41:13,23.48,0.01,609,1427435,买盘,603011,2025-10-17 22:55:41
10:41:16,23.47,-0.01,94,220509,卖盘,603011,2025-10-17 22:55:41
10:41:19,23.49,0.02,77,180818,买盘,603011,2025-10-17 22:55:41
10:41:22,23.49,0.0,27,63412,买盘,603011,2025-10-17 22:55:41
10:41:25,23.49,0.0,148,347747,卖盘,603011,2025-10-17 22:55:41
10:41:28,23.49,0.0,77,180916,卖盘,603011,2025-10-17 22:55:41
10:41:31,23.5,0.01,89,209143,买盘,603011,2025-10-17 22:55:41
10:41:34,23.51,0.01,186,437274,买盘,603011,2025-10-17 22:55:41
10:41:37,23.51,0.0,104,244436,买盘,603011,2025-10-17 22:55:41
10:41:40,23.5,-0.01,489,1149397,卖盘,603011,2025-10-17 22:55:41
10:41:43,23.5,0.0,104,244383,买盘,603011,2025-10-17 22:55:41
10:41:46,23.51,0.01,95,223275,买盘,603011,2025-10-17 22:55:41
10:41:49,23.49,-0.02,391,918365,卖盘,603011,2025-10-17 22:55:41
10:41:52,23.48,-0.01,31,72804,中性盘,603011,2025-10-17 22:55:41
10:41:55,23.48,0.0,40,93918,买盘,603011,2025-10-17 22:55:41
10:41:58,23.49,0.01,16,37575,买盘,603011,2025-10-17 22:55:41
10:42:01,23.45,-0.04,675,1584628,卖盘,603011,2025-10-17 22:55:41
10:42:04,23.4,-0.05,997,2334998,卖盘,603011,2025-10-17 22:55:41
10:42:07,23.38,-0.02,422,987379,卖盘,603011,2025-10-17 22:55:41
10:42:10,23.45,0.07,299,700627,买盘,603011,2025-10-17 22:55:41
10:42:13,23.38,-0.07,169,396152,卖盘,603011,2025-10-17 22:55:41
10:42:16,23.45,0.07,11,25790,买盘,603011,2025-10-17 22:55:41
10:42:19,23.42,-0.03,19,44509,中性盘,603011,2025-10-17 22:55:41
10:42:22,23.4,-0.02,138,323096,卖盘,603011,2025-10-17 22:55:41
10:42:25,23.41,0.01,70,164009,中性盘,603011,2025-10-17 22:55:41
10:42:28,23.42,0.01,187,438070,买盘,603011,2025-10-17 22:55:41
10:42:31,23.42,0.0,616,1441630,卖盘,603011,2025-10-17 22:55:41
10:42:34,23.44,0.02,284,665325,买盘,603011,2025-10-17 22:55:41
10:42:37,23.4,-0.04,244,571261,卖盘,603011,2025-10-17 22:55:41
10:42:40,23.41,0.01,427,999448,买盘,603011,2025-10-17 22:55:41
10:42:43,23.4,-0.01,28,65530,卖盘,603011,2025-10-17 22:55:41
10:42:46,23.43,0.03,181,423935,买盘,603011,2025-10-17 22:55:41
10:42:49,23.45,0.02,241,565148,买盘,603011,2025-10-17 22:55:41
10:42:52,23.46,0.01,39,91481,中性盘,603011,2025-10-17 22:55:41
10:42:55,23.44,-0.02,178,417437,卖盘,603011,2025-10-17 22:55:41
10:42:58,23.49,0.05,56,131457,买盘,603011,2025-10-17 22:55:41
10:43:01,23.45,-0.04,84,196981,卖盘,603011,2025-10-17 22:55:41
10:43:04,23.49,0.04,18,42256,买盘,603011,2025-10-17 22:55:41
10:43:07,23.45,-0.04,8,18763,卖盘,603011,2025-10-17 22:55:41
10:43:10,23.46,0.01,140,328417,中性盘,603011,2025-10-17 22:55:41
10:43:13,23.45,-0.01,70,164103,卖盘,603011,2025-10-17 22:55:41
10:43:16,23.46,0.01,116,271930,买盘,603011,2025-10-17 22:55:41
10:43:19,23.45,-0.01,95,222847,卖盘,603011,2025-10-17 22:55:41
10:43:22,23.47,0.02,52,121994,买盘,603011,2025-10-17 22:55:41
10:43:25,23.47,0.0,28,65716,卖盘,603011,2025-10-17 22:55:41
10:43:28,23.47,0.0,61,143150,卖盘,603011,2025-10-17 22:55:41
10:43:31,23.47,0.0,22,51607,买盘,603011,2025-10-17 22:55:41
10:43:34,23.46,-0.01,12,28154,中性盘,603011,2025-10-17 22:55:41
10:43:37,23.46,0.0,19,44573,卖盘,603011,2025-10-17 22:55:41
10:43:40,23.45,-0.01,143,335365,卖盘,603011,2025-10-17 22:55:41
10:43:43,23.44,-0.01,94,220488,卖盘,603011,2025-10-17 22:55:41
10:43:46,23.44,0.0,35,82045,卖盘,603011,2025-10-17 22:55:41
10:43:49,23.43,-0.01,85,199252,卖盘,603011,2025-10-17 22:55:41
10:43:52,23.45,0.02,33,77336,买盘,603011,2025-10-17 22:55:41
10:43:55,23.43,-0.02,39,91381,卖盘,603011,2025-10-17 22:55:41
10:43:58,23.42,-0.01,188,440303,卖盘,603011,2025-10-17 22:55:41
10:44:01,23.4,-0.02,1337,3129654,卖盘,603011,2025-10-17 22:55:41
10:44:04,23.39,-0.01,347,811654,卖盘,603011,2025-10-17 22:55:41
10:44:07,23.39,0.0,304,711119,中性盘,603011,2025-10-17 22:55:41
10:44:10,23.39,0.0,69,161392,中性盘,603011,2025-10-17 22:55:41
10:44:13,23.4,0.01,134,313400,买盘,603011,2025-10-17 22:55:41
10:44:16,23.39,-0.01,228,533358,卖盘,603011,2025-10-17 22:55:41
10:44:19,23.38,-0.01,171,399823,卖盘,603011,2025-10-17 22:55:41
10:44:22,23.38,0.0,249,582278,卖盘,603011,2025-10-17 22:55:41
10:44:25,23.39,0.01,55,128629,买盘,603011,2025-10-17 22:55:41
10:44:28,23.4,0.01,154,360214,买盘,603011,2025-10-17 22:55:41
10:44:31,23.4,0.0,214,500470,买盘,603011,2025-10-17 22:55:41
10:44:34,23.39,-0.01,86,201158,卖盘,603011,2025-10-17 22:55:41
10:44:37,23.39,0.0,168,392978,卖盘,603011,2025-10-17 22:55:41
10:44:40,23.39,0.0,54,126320,卖盘,603011,2025-10-17 22:55:41
10:44:43,23.39,0.0,148,346158,卖盘,603011,2025-10-17 22:55:41
10:44:46,23.38,-0.01,61,142676,卖盘,603011,2025-10-17 22:55:41
10:44:49,23.39,0.01,126,294671,买盘,603011,2025-10-17 22:55:41
10:44:52,23.39,0.0,125,292375,卖盘,603011,2025-10-17 22:55:41
10:44:55,23.38,-0.01,104,243275,卖盘,603011,2025-10-17 22:55:41
10:44:58,23.39,0.01,344,804889,卖盘,603011,2025-10-17 22:55:41
10:45:01,23.39,0.0,73,170782,卖盘,603011,2025-10-17 22:55:41
10:45:04,23.38,-0.01,297,694687,卖盘,603011,2025-10-17 22:55:41
10:45:07,23.4,0.02,61,142705,买盘,603011,2025-10-17 22:55:41
10:45:10,23.4,0.0,61,142740,卖盘,603011,2025-10-17 22:55:41
10:45:13,23.4,0.0,56,131042,卖盘,603011,2025-10-17 22:55:41
10:45:16,23.35,-0.05,1108,2589093,卖盘,603011,2025-10-17 22:55:41
10:45:19,23.39,0.04,733,1712137,买盘,603011,2025-10-17 22:55:41
10:45:22,23.36,-0.03,97,226383,中性盘,603011,2025-10-17 22:55:41
10:45:25,23.35,-0.01,96,224309,中性盘,603011,2025-10-17 22:55:41
10:45:28,23.38,0.03,68,158899,卖盘,603011,2025-10-17 22:55:41
10:45:31,23.38,0.0,83,194105,买盘,603011,2025-10-17 22:55:41
10:45:34,23.38,0.0,87,203360,买盘,603011,2025-10-17 22:55:41
10:45:37,23.38,0.0,69,161201,买盘,603011,2025-10-17 22:55:41
10:45:40,23.37,-0.01,108,252463,卖盘,603011,2025-10-17 22:55:41
10:45:43,23.36,-0.01,71,165925,卖盘,603011,2025-10-17 22:55:41
10:45:46,23.37,0.01,104,243125,卖盘,603011,2025-10-17 22:55:41
10:45:49,23.38,0.01,182,425302,中性盘,603011,2025-10-17 22:55:41
10:45:52,23.37,-0.01,592,1385104,卖盘,603011,2025-10-17 22:55:41
10:45:55,23.38,0.01,22,51428,买盘,603011,2025-10-17 22:55:41
10:45:58,23.39,0.01,98,229117,买盘,603011,2025-10-17 22:55:41
10:46:01,23.38,-0.01,186,434953,买盘,603011,2025-10-17 22:55:41
10:46:04,23.38,0.0,106,247970,卖盘,603011,2025-10-17 22:55:41
10:46:07,23.4,0.02,40,93559,买盘,603011,2025-10-17 22:55:41
10:46:10,23.41,0.01,21,49138,买盘,603011,2025-10-17 22:55:41
10:46:13,23.4,-0.01,53,123996,卖盘,603011,2025-10-17 22:55:41
10:46:16,23.41,0.01,104,243432,买盘,603011,2025-10-17 22:55:41
10:46:19,23.43,0.02,99,231765,买盘,603011,2025-10-17 22:55:41
10:46:22,23.41,-0.02,132,308987,卖盘,603011,2025-10-17 22:55:41
10:46:25,23.4,-0.01,44,102964,卖盘,603011,2025-10-17 22:55:41
10:46:28,23.39,-0.01,52,121671,卖盘,603011,2025-10-17 22:55:41
10:46:31,23.4,0.01,23,53823,卖盘,603011,2025-10-17 22:55:41
10:46:34,23.41,0.01,149,348793,买盘,603011,2025-10-17 22:55:41
10:46:37,23.41,0.0,68,159178,买盘,603011,2025-10-17 22:55:41
10:46:40,23.41,0.0,102,238962,卖盘,603011,2025-10-17 22:55:41
10:46:43,23.47,0.06,688,1614620,买盘,603011,2025-10-17 22:55:41
10:46:46,23.47,0.0,152,356930,卖盘,603011,2025-10-17 22:55:41
10:46:49,23.53,0.06,431,1012934,买盘,603011,2025-10-17 22:55:41
10:46:52,23.55,0.02,206,484640,买盘,603011,2025-10-17 22:55:41
10:46:55,23.6,0.05,34,80168,买盘,603011,2025-10-17 22:55:41
10:46:58,23.62,0.02,29,68477,买盘,603011,2025-10-17 22:55:41
10:47:01,23.6,-0.02,194,458103,卖盘,603011,2025-10-17 22:55:41
10:47:04,23.53,-0.07,586,1382046,卖盘,603011,2025-10-17 22:55:41
10:47:07,23.53,0.0,170,400212,卖盘,603011,2025-10-17 22:55:41
10:47:10,23.53,0.0,56,131873,买盘,603011,2025-10-17 22:55:41
10:47:13,23.56,0.03,34,80120,中性盘,603011,2025-10-17 22:55:41
10:47:16,23.58,0.02,39,91990,中性盘,603011,2025-10-17 22:55:41
10:47:19,23.59,0.01,69,162706,买盘,603011,2025-10-17 22:55:41
10:47:22,23.59,0.0,27,63699,卖盘,603011,2025-10-17 22:55:41
10:47:25,23.59,0.0,89,210026,卖盘,603011,2025-10-17 22:55:41
10:47:28,23.59,0.0,116,273684,卖盘,603011,2025-10-17 22:55:41
10:47:31,23.56,-0.03,248,584976,卖盘,603011,2025-10-17 22:55:41
10:47:34,23.58,0.02,21,49513,中性盘,603011,2025-10-17 22:55:41
10:47:37,23.58,0.0,91,214491,买盘,603011,2025-10-17 22:55:41
10:47:40,23.59,0.01,206,485790,买盘,603011,2025-10-17 22:55:41
10:47:43,23.56,-0.03,189,445586,卖盘,603011,2025-10-17 22:55:41
10:47:46,23.55,-0.01,78,183852,卖盘,603011,2025-10-17 22:55:41
10:47:49,23.58,0.03,18,42447,中性盘,603011,2025-10-17 22:55:41
10:47:52,23.57,-0.01,16,37737,卖盘,603011,2025-10-17 22:55:41
10:47:55,23.59,0.02,58,136765,买盘,603011,2025-10-17 22:55:41
10:47:58,23.57,-0.02,233,549216,卖盘,603011,2025-10-17 22:55:41
10:48:01,23.59,0.02,77,181574,买盘,603011,2025-10-17 22:55:41
10:48:04,23.59,0.0,122,287746,买盘,603011,2025-10-17 22:55:41
10:48:07,23.59,0.0,149,351256,买盘,603011,2025-10-17 22:55:41
10:48:10,23.59,0.0,43,101437,买盘,603011,2025-10-17 22:55:41
10:48:13,23.59,0.0,129,304278,买盘,603011,2025-10-17 22:55:41
10:48:16,23.56,-0.03,637,1500981,卖盘,603011,2025-10-17 22:55:41
10:48:19,23.51,-0.05,102,239845,卖盘,603011,2025-10-17 22:55:41
10:48:22,23.51,0.0,10,23510,买盘,603011,2025-10-17 22:55:41
10:48:25,23.51,0.0,152,357215,买盘,603011,2025-10-17 22:55:41
10:48:28,23.5,-0.01,20,47008,卖盘,603011,2025-10-17 22:55:41
10:48:31,23.5,0.0,55,129254,卖盘,603011,2025-10-17 22:55:41
10:48:34,23.5,0.0,3,7050,买盘,603011,2025-10-17 22:55:41
10:48:37,23.5,0.0,65,152752,买盘,603011,2025-10-17 22:55:41
10:48:40,23.51,0.01,63,148069,买盘,603011,2025-10-17 22:55:41
10:48:43,23.51,0.0,30,70505,买盘,603011,2025-10-17 22:55:41
10:48:46,23.52,0.01,49,115198,买盘,603011,2025-10-17 22:55:41
10:48:49,23.51,-0.01,27,63496,卖盘,603011,2025-10-17 22:55:41
10:48:52,23.5,-0.01,93,218557,卖盘,603011,2025-10-17 22:55:41
10:48:55,23.5,0.0,387,911149,卖盘,603011,2025-10-17 22:55:41
10:48:58,23.53,0.03,38,89322,买盘,603011,2025-10-17 22:55:41
10:49:01,23.54,0.01,32,75252,买盘,603011,2025-10-17 22:55:41
10:49:04,23.51,-0.03,4,9404,卖盘,603011,2025-10-17 22:55:41
10:49:07,23.51,0.0,18,42322,卖盘,603011,2025-10-17 22:55:41
10:49:10,23.54,0.03,46,108230,买盘,603011,2025-10-17 22:55:41
10:49:13,23.52,-0.02,6,14117,中性盘,603011,2025-10-17 22:55:41
10:49:16,23.52,0.0,62,145825,中性盘,603011,2025-10-17 22:55:41
10:49:19,23.52,0.0,38,89415,中性盘,603011,2025-10-17 22:55:41
10:49:22,23.52,0.0,50,117615,卖盘,603011,2025-10-17 22:55:41
10:49:25,23.52,0.0,39,91729,卖盘,603011,2025-10-17 22:55:41
10:49:28,23.51,-0.01,78,183470,卖盘,603011,2025-10-17 22:55:41
10:49:31,23.53,0.02,49,115219,买盘,603011,2025-10-17 22:55:41
10:49:34,23.52,-0.01,1,2352,中性盘,603011,2025-10-17 22:55:41
10:49:37,23.51,-0.01,42,98759,卖盘,603011,2025-10-17 22:55:41
10:49:40,23.5,-0.01,57,134017,卖盘,603011,2025-10-17 22:55:41
10:49:43,23.5,0.0,219,514505,卖盘,603011,2025-10-17 22:55:41
10:49:46,23.46,-0.04,24,56347,卖盘,603011,2025-10-17 22:55:41
10:49:49,23.46,0.0,62,145510,卖盘,603011,2025-10-17 22:55:41
10:49:52,23.47,0.01,12,28162,买盘,603011,2025-10-17 22:55:41
10:49:55,23.45,-0.02,169,396299,卖盘,603011,2025-10-17 22:55:41
10:49:58,23.45,0.0,55,128920,买盘,603011,2025-10-17 22:55:41
10:50:01,23.44,-0.01,97,227376,卖盘,603011,2025-10-17 22:55:41
10:50:04,23.45,0.01,313,733900,买盘,603011,2025-10-17 22:55:41
10:50:07,23.44,-0.01,606,1420420,卖盘,603011,2025-10-17 22:55:41
10:50:10,23.45,0.01,93,218023,买盘,603011,2025-10-17 22:55:41
10:50:13,23.43,-0.02,138,323384,卖盘,603011,2025-10-17 22:55:41
10:50:16,23.44,0.01,129,302275,买盘,603011,2025-10-17 22:55:41
10:50:19,23.43,-0.01,190,445126,卖盘,603011,2025-10-17 22:55:41
10:50:22,23.41,-0.02,34,79636,卖盘,603011,2025-10-17 22:55:41
10:50:25,23.4,-0.01,370,866202,卖盘,603011,2025-10-17 22:55:41
10:50:28,23.4,0.0,22,51480,卖盘,603011,2025-10-17 22:55:41
10:50:31,23.4,0.0,70,163815,卖盘,603011,2025-10-17 22:55:41
10:50:34,23.4,0.0,234,547580,卖盘,603011,2025-10-17 22:55:41
10:50:37,23.4,0.0,73,170812,买盘,603011,2025-10-17 22:55:41
10:50:40,23.4,0.0,122,285467,买盘,603011,2025-10-17 22:55:41
10:50:43,23.4,0.0,47,109981,卖盘,603011,2025-10-17 22:55:41
10:50:46,23.4,0.0,50,117015,卖盘,603011,2025-10-17 22:55:41
10:50:49,23.39,-0.01,203,475017,卖盘,603011,2025-10-17 22:55:41
10:50:52,23.41,0.02,303,709333,买盘,603011,2025-10-17 22:55:41
10:50:55,23.4,-0.01,58,135746,卖盘,603011,2025-10-17 22:55:41
10:50:58,23.41,0.01,26,60900,中性盘,603011,2025-10-17 22:55:41
10:51:01,23.4,-0.01,113,264436,卖盘,603011,2025-10-17 22:55:41
10:51:04,23.38,-0.02,511,1195040,卖盘,603011,2025-10-17 22:55:41
10:51:07,23.36,-0.02,524,1223606,卖盘,603011,2025-10-17 22:55:41
10:51:10,23.32,-0.04,47,109622,卖盘,603011,2025-10-17 22:55:41
10:51:13,23.3,-0.02,2129,4961719,卖盘,603011,2025-10-17 22:55:41
10:51:16,23.3,0.0,268,624490,卖盘,603011,2025-10-17 22:55:41
10:51:19,23.29,-0.01,167,388922,卖盘,603011,2025-10-17 22:55:41
10:51:22,23.29,0.0,91,211895,买盘,603011,2025-10-17 22:55:41
10:51:25,23.28,-0.01,311,724033,卖盘,603011,2025-10-17 22:55:41
10:51:28,23.2,-0.08,3237,7519459,卖盘,603011,2025-10-17 22:55:41
10:51:31,23.18,-0.02,359,832317,卖盘,603011,2025-10-17 22:55:41
10:51:34,23.17,-0.01,127,294380,卖盘,603011,2025-10-17 22:55:41
10:51:37,23.15,-0.02,291,673993,卖盘,603011,2025-10-17 22:55:41
10:51:40,23.17,0.02,223,516352,中性盘,603011,2025-10-17 22:55:41
10:51:43,23.17,0.0,376,870928,买盘,603011,2025-10-17 22:55:41
10:51:46,23.11,-0.06,795,1840033,卖盘,603011,2025-10-17 22:55:41
10:51:49,23.15,0.04,367,850342,中性盘,603011,2025-10-17 22:55:41
10:51:52,23.12,-0.03,355,821740,卖盘,603011,2025-10-17 22:55:41
10:51:55,23.13,0.01,203,470283,中性盘,603011,2025-10-17 22:55:41
10:51:58,23.15,0.02,204,471980,买盘,603011,2025-10-17 22:55:41
10:52:01,23.18,0.03,349,808649,买盘,603011,2025-10-17 22:55:41
