时间,成交价,价格变动,成交量,成交额,买卖盘性质,股票代码,采集时间
09:25:02,10.48,-0.02,27594,28918512,卖盘,603162,2025-10-17 22:49:35
09:30:01,10.45,-0.03,1630,1707705,卖盘,603162,2025-10-17 22:49:35
09:30:05,10.52,0.07,6164,6455984,买盘,603162,2025-10-17 22:49:35
09:30:08,10.5,-0.02,5467,5740230,卖盘,603162,2025-10-17 22:49:35
09:30:11,10.6,0.1,4924,5179394,买盘,603162,2025-10-17 22:49:35
09:30:14,10.54,-0.06,2555,2697293,卖盘,603162,2025-10-17 22:49:35
09:30:17,10.56,0.02,2574,2716877,中性盘,603162,2025-10-17 22:49:35
09:30:20,10.6,0.04,4470,4709809,买盘,603162,2025-10-17 22:49:35
09:30:23,10.61,0.01,2420,2566358,买盘,603162,2025-10-17 22:49:35
09:30:26,10.65,0.04,4200,4446138,买盘,603162,2025-10-17 22:49:35
09:30:28,10.61,-0.04,2846,3019883,卖盘,603162,2025-10-17 22:49:35
09:30:32,10.63,0.02,3786,4022012,买盘,603162,2025-10-17 22:49:35
09:30:34,10.68,0.05,4530,4829987,买盘,603162,2025-10-17 22:49:35
09:30:37,10.72,0.04,4103,4368359,买盘,603162,2025-10-17 22:49:35
09:30:41,10.75,0.03,4682,5001276,买盘,603162,2025-10-17 22:49:35
09:30:43,10.73,-0.02,4865,5212142,卖盘,603162,2025-10-17 22:49:35
09:30:47,10.75,0.02,5123,5471237,买盘,603162,2025-10-17 22:49:35
09:30:50,10.75,0.0,3668,3922156,卖盘,603162,2025-10-17 22:49:35
09:30:53,10.73,-0.02,3459,3706401,卖盘,603162,2025-10-17 22:49:35
09:30:55,10.63,-0.1,5332,5678039,卖盘,603162,2025-10-17 22:49:35
09:30:59,10.7,0.07,2575,2732237,买盘,603162,2025-10-17 22:49:35
09:31:01,10.63,-0.07,2039,2173935,卖盘,603162,2025-10-17 22:49:35
09:31:05,10.64,0.01,2720,2895268,买盘,603162,2025-10-17 22:49:35
09:31:08,10.64,0.0,2133,2268921,卖盘,603162,2025-10-17 22:49:35
09:31:11,10.64,0.0,2102,2235723,卖盘,603162,2025-10-17 22:49:35
09:31:14,10.64,0.0,2494,2648728,买盘,603162,2025-10-17 22:49:35
09:31:17,10.6,-0.04,1440,1526960,卖盘,603162,2025-10-17 22:49:35
09:31:19,10.6,0.0,1849,1957910,买盘,603162,2025-10-17 22:49:35
09:31:23,10.6,0.0,709,750740,买盘,603162,2025-10-17 22:49:35
09:31:26,10.58,-0.02,1182,1250975,卖盘,603162,2025-10-17 22:49:35
09:31:29,10.6,0.02,1294,1369395,买盘,603162,2025-10-17 22:49:35
09:31:31,10.56,-0.04,1158,1225423,卖盘,603162,2025-10-17 22:49:35
09:31:34,10.6,0.04,1026,1087410,买盘,603162,2025-10-17 22:49:35
09:31:38,10.61,0.01,1660,1760963,买盘,603162,2025-10-17 22:49:35
09:31:41,10.62,0.01,647,687495,中性盘,603162,2025-10-17 22:49:35
09:31:44,10.67,0.05,379,403926,买盘,603162,2025-10-17 22:49:35
09:31:47,10.68,0.01,843,899132,买盘,603162,2025-10-17 22:49:35
09:31:50,10.7,0.02,662,707318,买盘,603162,2025-10-17 22:49:35
09:31:53,10.73,0.03,1328,1422805,买盘,603162,2025-10-17 22:49:35
09:31:56,10.73,0.0,2990,3204537,买盘,603162,2025-10-17 22:49:35
09:31:59,10.72,-0.01,3429,3672281,卖盘,603162,2025-10-17 22:49:35
09:32:02,10.67,-0.05,2192,2337569,中性盘,603162,2025-10-17 22:49:35
09:32:04,10.64,-0.03,3869,4109456,买盘,603162,2025-10-17 22:49:35
09:32:08,10.61,-0.03,1150,1222327,卖盘,603162,2025-10-17 22:49:35
09:32:10,10.63,0.02,557,592007,买盘,603162,2025-10-17 22:49:35
09:32:14,10.6,-0.03,787,835578,卖盘,603162,2025-10-17 22:49:35
09:32:17,10.62,0.02,2376,2519656,买盘,603162,2025-10-17 22:49:35
09:32:20,10.62,0.0,723,767593,买盘,603162,2025-10-17 22:49:35
09:32:23,10.62,0.0,961,1020558,卖盘,603162,2025-10-17 22:49:35
09:32:26,10.63,0.01,1381,1467000,买盘,603162,2025-10-17 22:49:35
09:32:28,10.62,-0.01,1190,1264235,卖盘,603162,2025-10-17 22:49:35
09:32:32,10.63,0.01,574,609971,买盘,603162,2025-10-17 22:49:35
09:32:35,10.64,0.01,952,1012013,买盘,603162,2025-10-17 22:49:35
09:32:37,10.65,0.01,1162,1238868,买盘,603162,2025-10-17 22:49:35
09:32:40,10.69,0.04,146,155875,买盘,603162,2025-10-17 22:49:35
09:32:44,10.7,0.01,421,449453,买盘,603162,2025-10-17 22:49:35
09:32:47,10.7,0.0,606,647682,买盘,603162,2025-10-17 22:49:35
09:32:50,10.71,0.01,570,610386,买盘,603162,2025-10-17 22:49:35
09:32:53,10.68,-0.03,1776,1898324,卖盘,603162,2025-10-17 22:49:35
09:32:56,10.63,-0.05,2479,2636728,卖盘,603162,2025-10-17 22:49:35
09:32:58,10.63,0.0,692,735165,买盘,603162,2025-10-17 22:49:35
09:33:02,10.63,0.0,2774,2941946,买盘,603162,2025-10-17 22:49:35
09:33:05,10.62,-0.01,2506,2658744,中性盘,603162,2025-10-17 22:49:35
09:33:08,10.6,-0.02,752,797769,卖盘,603162,2025-10-17 22:49:35
09:33:11,10.6,0.0,545,578219,买盘,603162,2025-10-17 22:49:35
09:33:13,10.63,0.03,1024,1086635,买盘,603162,2025-10-17 22:49:35
09:33:17,10.61,-0.02,344,364963,中性盘,603162,2025-10-17 22:49:35
09:33:20,10.64,0.03,394,418646,买盘,603162,2025-10-17 22:49:35
09:33:23,10.64,0.0,616,654550,买盘,603162,2025-10-17 22:49:35
09:33:25,10.66,0.02,575,612069,买盘,603162,2025-10-17 22:49:35
09:33:29,10.68,0.02,454,484191,买盘,603162,2025-10-17 22:49:35
09:33:31,10.69,0.01,449,479270,买盘,603162,2025-10-17 22:49:35
09:33:34,10.69,0.0,333,355917,买盘,603162,2025-10-17 22:49:35
09:33:37,10.69,0.0,1190,1271820,买盘,603162,2025-10-17 22:49:35
09:33:40,10.7,0.01,893,955690,买盘,603162,2025-10-17 22:49:35
09:33:44,10.7,0.0,845,904015,买盘,603162,2025-10-17 22:49:35
09:33:46,10.7,0.0,670,717307,买盘,603162,2025-10-17 22:49:35
09:33:49,10.71,0.01,389,416343,买盘,603162,2025-10-17 22:49:35
09:33:53,10.68,-0.03,3502,3744301,卖盘,603162,2025-10-17 22:49:35
09:33:56,10.68,0.0,941,1004787,买盘,603162,2025-10-17 22:49:35
09:33:58,10.69,0.01,967,1031416,买盘,603162,2025-10-17 22:49:35
09:34:02,10.69,0.0,875,934200,买盘,603162,2025-10-17 22:49:35
09:34:04,10.69,0.0,897,958698,买盘,603162,2025-10-17 22:49:35
09:34:07,10.69,0.0,583,623696,卖盘,603162,2025-10-17 22:49:35
09:34:10,10.7,0.01,513,548491,买盘,603162,2025-10-17 22:49:35
09:34:14,10.71,0.01,600,642334,买盘,603162,2025-10-17 22:49:35
09:34:17,10.71,0.0,655,701109,买盘,603162,2025-10-17 22:49:35
09:34:20,10.72,0.01,628,672782,买盘,603162,2025-10-17 22:49:35
09:34:23,10.72,0.0,696,746194,买盘,603162,2025-10-17 22:49:35
09:34:26,10.74,0.02,1038,1114723,买盘,603162,2025-10-17 22:49:35
09:34:28,10.76,0.02,953,1025077,买盘,603162,2025-10-17 22:49:35
09:34:31,10.79,0.03,1122,1207523,买盘,603162,2025-10-17 22:49:35
09:34:35,10.8,0.01,878,947501,买盘,603162,2025-10-17 22:49:35
09:34:38,10.81,0.01,1819,1964421,买盘,603162,2025-10-17 22:49:35
09:34:41,10.85,0.04,1247,1348546,买盘,603162,2025-10-17 22:49:35
09:34:44,10.8,-0.05,3778,4082917,卖盘,603162,2025-10-17 22:49:35
09:34:47,10.79,-0.01,5670,6110179,卖盘,603162,2025-10-17 22:49:35
09:34:49,10.81,0.02,1664,1795936,买盘,603162,2025-10-17 22:49:35
09:34:53,10.83,0.02,1373,1484779,买盘,603162,2025-10-17 22:49:35
09:34:56,10.86,0.03,2915,3159646,买盘,603162,2025-10-17 22:49:35
09:34:59,10.9,0.04,1959,2130402,买盘,603162,2025-10-17 22:49:35
09:35:02,10.94,0.04,883,962851,买盘,603162,2025-10-17 22:49:35
09:35:05,10.94,0.0,3164,3468802,买盘,603162,2025-10-17 22:49:35
09:35:08,10.88,-0.06,3634,3966027,卖盘,603162,2025-10-17 22:49:35
09:35:11,10.94,0.06,1511,1648516,买盘,603162,2025-10-17 22:49:35
09:35:14,10.88,-0.06,1526,1663192,卖盘,603162,2025-10-17 22:49:35
09:35:17,10.94,0.06,1581,1726070,买盘,603162,2025-10-17 22:49:35
09:35:20,10.92,-0.02,1490,1623690,中性盘,603162,2025-10-17 22:49:35
09:35:23,10.92,0.0,2031,2216592,买盘,603162,2025-10-17 22:49:35
09:35:26,10.88,-0.04,2051,2233943,卖盘,603162,2025-10-17 22:49:35
09:35:28,10.83,-0.05,1268,1375516,卖盘,603162,2025-10-17 22:49:35
09:35:32,10.85,0.02,483,524569,买盘,603162,2025-10-17 22:49:35
09:35:35,10.85,0.0,796,862395,买盘,603162,2025-10-17 22:49:35
09:35:38,10.81,-0.04,1132,1224998,卖盘,603162,2025-10-17 22:49:35
09:35:41,10.83,0.02,621,672701,买盘,603162,2025-10-17 22:49:35
09:35:44,10.82,-0.01,582,629490,卖盘,603162,2025-10-17 22:49:35
09:35:47,10.82,0.0,1372,1483580,买盘,603162,2025-10-17 22:49:35
09:35:50,10.8,-0.02,563,608739,卖盘,603162,2025-10-17 22:49:35
09:35:53,10.81,0.01,1689,1824519,买盘,603162,2025-10-17 22:49:35
09:35:55,10.81,0.0,1009,1090692,买盘,603162,2025-10-17 22:49:35
09:35:59,10.83,0.02,341,368856,买盘,603162,2025-10-17 22:49:35
09:36:01,10.82,-0.01,661,714962,卖盘,603162,2025-10-17 22:49:35
09:36:05,10.83,0.01,440,476307,买盘,603162,2025-10-17 22:49:35
09:36:08,10.83,0.0,511,553573,买盘,603162,2025-10-17 22:49:35
09:36:11,10.87,0.04,1792,1941680,买盘,603162,2025-10-17 22:49:35
09:36:14,10.88,0.01,703,763407,买盘,603162,2025-10-17 22:49:35
09:36:17,10.9,0.02,178,193754,买盘,603162,2025-10-17 22:49:35
09:36:20,10.9,0.0,671,731504,买盘,603162,2025-10-17 22:49:35
09:36:23,10.91,0.01,457,497812,买盘,603162,2025-10-17 22:49:35
09:36:26,10.92,0.01,570,622260,买盘,603162,2025-10-17 22:49:35
09:36:29,10.95,0.03,917,1001114,买盘,603162,2025-10-17 22:49:35
09:36:32,10.94,-0.01,1007,1101729,卖盘,603162,2025-10-17 22:49:35
09:36:35,10.96,0.02,363,397367,买盘,603162,2025-10-17 22:49:35
09:36:38,10.99,0.03,3469,3809804,买盘,603162,2025-10-17 22:49:35
09:36:41,10.97,-0.02,1133,1242372,卖盘,603162,2025-10-17 22:49:35
09:36:44,10.96,-0.01,2410,2642084,卖盘,603162,2025-10-17 22:49:35
09:36:47,10.91,-0.05,2711,2961991,卖盘,603162,2025-10-17 22:49:35
09:36:49,10.93,0.02,2370,2582146,买盘,603162,2025-10-17 22:49:35
09:36:52,10.94,0.01,873,952431,买盘,603162,2025-10-17 22:49:35
09:36:56,10.95,0.01,1016,1110734,买盘,603162,2025-10-17 22:49:35
09:36:59,10.93,-0.02,1695,1855796,卖盘,603162,2025-10-17 22:49:35
09:37:02,10.93,0.0,2040,2226481,买盘,603162,2025-10-17 22:49:35
09:37:05,10.94,0.01,1287,1406210,买盘,603162,2025-10-17 22:49:35
09:37:08,10.93,-0.01,857,937550,卖盘,603162,2025-10-17 22:49:35
09:37:11,10.97,0.04,565,618935,买盘,603162,2025-10-17 22:49:35
09:37:14,10.95,-0.02,469,513567,卖盘,603162,2025-10-17 22:49:35
09:37:17,10.96,0.01,886,971377,卖盘,603162,2025-10-17 22:49:35
09:37:20,10.98,0.02,484,530868,买盘,603162,2025-10-17 22:49:35
09:37:23,10.99,0.01,532,583832,买盘,603162,2025-10-17 22:49:35
09:37:26,10.99,0.0,654,718140,买盘,603162,2025-10-17 22:49:35
09:37:29,11.0,0.01,793,871251,买盘,603162,2025-10-17 22:49:35
09:37:32,11.01,0.01,846,930900,买盘,603162,2025-10-17 22:49:35
09:37:34,11.02,0.01,654,720035,买盘,603162,2025-10-17 22:49:35
09:37:38,11.03,0.01,1463,1612633,买盘,603162,2025-10-17 22:49:35
09:37:41,11.03,0.0,1086,1198675,中性盘,603162,2025-10-17 22:49:35
09:37:44,11.06,0.03,1795,1980483,买盘,603162,2025-10-17 22:49:35
09:37:47,11.08,0.02,754,833872,买盘,603162,2025-10-17 22:49:35
09:37:50,11.1,0.02,1188,1315712,买盘,603162,2025-10-17 22:49:35
09:37:53,11.1,0.0,1945,2157089,买盘,603162,2025-10-17 22:49:35
09:37:56,11.11,0.01,1692,1877648,买盘,603162,2025-10-17 22:49:35
09:37:59,11.13,0.02,676,750823,买盘,603162,2025-10-17 22:49:35
09:38:02,11.17,0.04,1185,1320648,买盘,603162,2025-10-17 22:49:35
09:38:05,11.16,-0.01,2492,2783940,中性盘,603162,2025-10-17 22:49:35
09:38:08,11.2,0.04,3176,3551132,买盘,603162,2025-10-17 22:49:35
09:38:10,11.2,0.0,4795,5367140,买盘,603162,2025-10-17 22:49:35
09:38:13,11.22,0.02,7022,7869702,买盘,603162,2025-10-17 22:49:35
09:38:17,11.22,0.0,19594,21983884,买盘,603162,2025-10-17 22:49:35
09:38:20,11.22,0.0,6319,7090010,买盘,603162,2025-10-17 22:49:35
09:38:23,11.22,0.0,13925,15623502,卖盘,603162,2025-10-17 22:49:35
09:38:26,11.22,0.0,11823,13265496,卖盘,603162,2025-10-17 22:49:35
09:38:29,11.22,0.0,8579,9625997,卖盘,603162,2025-10-17 22:49:35
09:38:32,11.19,-0.03,5741,6436170,卖盘,603162,2025-10-17 22:49:35
09:38:35,11.11,-0.08,2788,3108516,卖盘,603162,2025-10-17 22:49:35
09:38:38,11.18,0.07,932,1039759,买盘,603162,2025-10-17 22:49:35
09:38:41,11.22,0.04,869,973785,买盘,603162,2025-10-17 22:49:35
09:38:43,11.22,0.0,2746,3080110,买盘,603162,2025-10-17 22:49:35
09:38:46,11.22,0.0,1919,2153152,卖盘,603162,2025-10-17 22:49:35
09:38:50,11.22,0.0,1014,1137663,卖盘,603162,2025-10-17 22:49:35
09:38:53,11.22,0.0,1273,1427936,卖盘,603162,2025-10-17 22:49:35
09:38:56,11.22,0.0,1141,1280651,卖盘,603162,2025-10-17 22:49:35
09:38:58,11.22,0.0,290,324909,卖盘,603162,2025-10-17 22:49:35
09:39:02,11.22,0.0,789,885392,卖盘,603162,2025-10-17 22:49:35
09:39:05,11.22,0.0,1508,1691752,卖盘,603162,2025-10-17 22:49:35
09:39:08,11.22,0.0,316,354552,卖盘,603162,2025-10-17 22:49:35
09:39:11,11.22,0.0,950,1065429,卖盘,603162,2025-10-17 22:49:35
09:39:14,11.22,0.0,765,858554,卖盘,603162,2025-10-17 22:49:35
09:39:16,11.22,0.0,2704,3033394,卖盘,603162,2025-10-17 22:49:35
09:39:20,11.22,0.0,4980,5587975,卖盘,603162,2025-10-17 22:49:35
09:39:23,11.22,0.0,4705,5278707,卖盘,603162,2025-10-17 22:49:35
09:39:26,11.2,-0.02,3592,4030360,卖盘,603162,2025-10-17 22:49:35
09:39:29,11.19,-0.01,722,808685,卖盘,603162,2025-10-17 22:49:35
09:39:32,11.19,0.0,305,341412,卖盘,603162,2025-10-17 22:49:35
09:39:35,11.19,0.0,144,161112,买盘,603162,2025-10-17 22:49:35
09:39:38,11.16,-0.03,636,711351,卖盘,603162,2025-10-17 22:49:35
09:39:41,11.21,0.05,750,839859,买盘,603162,2025-10-17 22:49:35
09:39:44,11.22,0.01,1643,1843182,买盘,603162,2025-10-17 22:49:35
09:39:47,11.22,0.0,3071,3443242,买盘,603162,2025-10-17 22:49:35
09:39:50,11.22,0.0,4106,4605659,买盘,603162,2025-10-17 22:49:35
09:39:52,11.22,0.0,2477,2778883,买盘,603162,2025-10-17 22:49:35
09:39:56,11.22,0.0,1562,1752957,卖盘,603162,2025-10-17 22:49:35
09:39:58,11.22,0.0,323,362204,卖盘,603162,2025-10-17 22:49:35
09:40:01,11.22,0.0,1029,1153988,卖盘,603162,2025-10-17 22:49:35
09:40:05,11.22,0.0,2740,3074089,卖盘,603162,2025-10-17 22:49:35
09:40:08,11.22,0.0,1155,1295820,卖盘,603162,2025-10-17 22:49:35
09:40:11,11.22,0.0,931,1044257,卖盘,603162,2025-10-17 22:49:35
09:40:13,11.21,-0.01,2242,2515604,卖盘,603162,2025-10-17 22:49:35
09:40:16,11.2,-0.01,487,545816,卖盘,603162,2025-10-17 22:49:35
09:40:20,11.2,0.0,218,244106,卖盘,603162,2025-10-17 22:49:35
09:40:23,11.21,0.01,999,1120401,买盘,603162,2025-10-17 22:49:35
09:40:26,11.21,0.0,509,570144,买盘,603162,2025-10-17 22:49:35
09:40:28,11.22,0.01,2504,2809825,买盘,603162,2025-10-17 22:49:35
09:40:32,11.22,0.0,556,624146,卖盘,603162,2025-10-17 22:49:35
09:40:35,11.22,0.0,860,964460,卖盘,603162,2025-10-17 22:49:35
09:40:37,11.22,0.0,708,794376,卖盘,603162,2025-10-17 22:49:35
09:40:40,11.22,0.0,807,905454,卖盘,603162,2025-10-17 22:49:35
09:40:43,11.22,0.0,3320,3725029,卖盘,603162,2025-10-17 22:49:35
09:40:46,11.22,0.0,150,168681,卖盘,603162,2025-10-17 22:49:35
09:40:49,11.22,0.0,127,142169,卖盘,603162,2025-10-17 22:49:35
09:40:53,11.22,0.0,297,333155,卖盘,603162,2025-10-17 22:49:35
09:40:55,11.22,0.0,1156,1296931,卖盘,603162,2025-10-17 22:49:35
09:40:58,11.22,0.0,625,701250,卖盘,603162,2025-10-17 22:49:35
09:41:02,11.22,0.0,116,130321,卖盘,603162,2025-10-17 22:49:35
09:41:05,11.22,0.0,275,308550,卖盘,603162,2025-10-17 22:49:35
09:41:08,11.22,0.0,106,118932,卖盘,603162,2025-10-17 22:49:35
09:41:11,11.22,0.0,82,92004,卖盘,603162,2025-10-17 22:49:35
09:41:14,11.22,0.0,315,353430,卖盘,603162,2025-10-17 22:49:35
09:41:17,11.22,0.0,548,614856,卖盘,603162,2025-10-17 22:49:35
09:41:20,11.22,0.0,202,226644,卖盘,603162,2025-10-17 22:49:35
09:41:23,11.22,0.0,71,79886,卖盘,603162,2025-10-17 22:49:35
09:41:25,11.22,0.0,40,44880,卖盘,603162,2025-10-17 22:49:35
09:41:29,11.22,0.0,36,40392,卖盘,603162,2025-10-17 22:49:35
09:41:31,11.22,0.0,79,88548,卖盘,603162,2025-10-17 22:49:35
09:41:34,11.22,0.0,20,22440,卖盘,603162,2025-10-17 22:49:35
09:41:38,11.22,0.0,47,52959,卖盘,603162,2025-10-17 22:49:35
09:41:41,11.22,0.0,30,33660,卖盘,603162,2025-10-17 22:49:35
09:41:44,11.22,0.0,114,127840,卖盘,603162,2025-10-17 22:49:35
09:41:46,11.22,0.0,242,271569,卖盘,603162,2025-10-17 22:49:35
09:41:49,11.22,0.0,47,52734,卖盘,603162,2025-10-17 22:49:35
09:41:52,11.22,0.0,266,298340,卖盘,603162,2025-10-17 22:49:35
09:41:56,11.22,0.0,3,3366,卖盘,603162,2025-10-17 22:49:35
09:41:58,11.22,0.0,26,29172,卖盘,603162,2025-10-17 22:49:35
09:42:02,11.22,0.0,107,119572,卖盘,603162,2025-10-17 22:49:35
09:42:04,11.22,0.0,46,51612,卖盘,603162,2025-10-17 22:49:35
09:42:07,11.22,0.0,412,462264,卖盘,603162,2025-10-17 22:49:35
09:42:11,11.22,0.0,308,345576,卖盘,603162,2025-10-17 22:49:35
09:42:13,11.22,0.0,73,81681,卖盘,603162,2025-10-17 22:49:35
09:42:16,11.22,0.0,61,68510,卖盘,603162,2025-10-17 22:49:35
09:42:19,11.22,0.0,40,44880,卖盘,603162,2025-10-17 22:49:35
09:42:23,11.22,0.0,17,19074,卖盘,603162,2025-10-17 22:49:35
09:42:25,11.22,0.0,323,362406,卖盘,603162,2025-10-17 22:49:35
09:42:28,11.22,0.0,6,6732,卖盘,603162,2025-10-17 22:49:35
09:42:32,11.22,0.0,4,4488,卖盘,603162,2025-10-17 22:49:35
09:42:34,11.22,0.0,92,103224,卖盘,603162,2025-10-17 22:49:35
09:42:38,11.22,0.0,674,756452,卖盘,603162,2025-10-17 22:49:35
09:42:40,11.22,0.0,52,58344,卖盘,603162,2025-10-17 22:49:35
09:42:43,11.22,0.0,132,148104,卖盘,603162,2025-10-17 22:49:35
09:42:46,11.22,0.0,10,11220,卖盘,603162,2025-10-17 22:49:35
09:42:50,11.22,0.0,46,51612,卖盘,603162,2025-10-17 22:49:35
09:42:53,11.22,0.0,50,56100,卖盘,603162,2025-10-17 22:49:35
09:42:55,11.22,0.0,38,42636,卖盘,603162,2025-10-17 22:49:35
09:42:59,11.22,0.0,2,2244,卖盘,603162,2025-10-17 22:49:35
09:43:04,11.22,0.0,2,2244,卖盘,603162,2025-10-17 22:49:35
09:43:08,11.22,0.0,152,170836,卖盘,603162,2025-10-17 22:49:35
09:43:11,11.22,0.0,144,161792,卖盘,603162,2025-10-17 22:49:35
09:43:14,11.22,0.0,131,146982,卖盘,603162,2025-10-17 22:49:35
09:43:17,11.22,0.0,2,2244,卖盘,603162,2025-10-17 22:49:35
09:43:20,11.22,0.0,59,66198,卖盘,603162,2025-10-17 22:49:35
09:43:22,11.22,0.0,118,132935,卖盘,603162,2025-10-17 22:49:35
09:43:26,11.22,0.0,206,231132,卖盘,603162,2025-10-17 22:49:35
09:43:28,11.22,0.0,214,239547,卖盘,603162,2025-10-17 22:49:35
09:43:32,11.22,0.0,42,47124,卖盘,603162,2025-10-17 22:49:35
09:43:34,11.22,0.0,6,6732,卖盘,603162,2025-10-17 22:49:35
09:43:40,11.22,0.0,71,79662,卖盘,603162,2025-10-17 22:49:35
09:43:43,11.22,0.0,63,70484,卖盘,603162,2025-10-17 22:49:35
09:43:46,11.22,0.0,70,78540,卖盘,603162,2025-10-17 22:49:35
09:43:50,11.22,0.0,99,111526,卖盘,603162,2025-10-17 22:49:35
09:43:53,11.22,0.0,59,65761,卖盘,603162,2025-10-17 22:49:35
09:43:55,11.22,0.0,1087,1219064,卖盘,603162,2025-10-17 22:49:35
09:43:58,11.22,0.0,121,135762,卖盘,603162,2025-10-17 22:49:35
09:44:02,11.22,0.0,111,124766,卖盘,603162,2025-10-17 22:49:35
09:44:08,11.22,0.0,10,11220,卖盘,603162,2025-10-17 22:49:35
09:44:10,11.22,0.0,134,150147,卖盘,603162,2025-10-17 22:49:35
09:44:14,11.22,0.0,38,42636,卖盘,603162,2025-10-17 22:49:35
09:44:17,11.22,0.0,36,40392,卖盘,603162,2025-10-17 22:49:35
09:44:20,11.22,0.0,84,94248,卖盘,603162,2025-10-17 22:49:35
09:44:23,11.22,0.0,5,5610,卖盘,603162,2025-10-17 22:49:35
09:44:25,11.22,0.0,20,22440,卖盘,603162,2025-10-17 22:49:35
09:44:28,11.22,0.0,69,77305,卖盘,603162,2025-10-17 22:49:35
09:44:31,11.22,0.0,67,75174,卖盘,603162,2025-10-17 22:49:35
09:44:34,11.22,0.0,10,11220,卖盘,603162,2025-10-17 22:49:35
09:44:41,11.22,0.0,99,111078,卖盘,603162,2025-10-17 22:49:35
09:44:43,11.22,0.0,81,90882,卖盘,603162,2025-10-17 22:49:35
09:44:50,11.22,0.0,183,205685,卖盘,603162,2025-10-17 22:49:35
09:44:53,11.22,0.0,101,113558,卖盘,603162,2025-10-17 22:49:35
09:44:55,11.22,0.0,45,50490,卖盘,603162,2025-10-17 22:49:35
09:44:59,11.22,0.0,48,53856,卖盘,603162,2025-10-17 22:49:35
09:45:01,11.22,0.0,20,22440,卖盘,603162,2025-10-17 22:49:35
09:45:05,11.22,0.0,11,12342,卖盘,603162,2025-10-17 22:49:35
09:45:08,11.22,0.0,1,1122,卖盘,603162,2025-10-17 22:49:35
09:45:10,11.22,0.0,21,23562,卖盘,603162,2025-10-17 22:49:35
09:45:17,11.22,0.0,39,43758,卖盘,603162,2025-10-17 22:49:35
09:45:19,11.22,0.0,38,42636,卖盘,603162,2025-10-17 22:49:35
09:45:23,11.22,0.0,25,28050,卖盘,603162,2025-10-17 22:49:35
09:45:29,11.22,0.0,35,38754,卖盘,603162,2025-10-17 22:49:35
09:45:31,11.22,0.0,2,2244,卖盘,603162,2025-10-17 22:49:35
09:45:35,11.22,0.0,58,64975,卖盘,603162,2025-10-17 22:49:35
09:45:38,11.22,0.0,7,7854,卖盘,603162,2025-10-17 22:49:35
09:45:43,11.22,0.0,1,1010,卖盘,603162,2025-10-17 22:49:35
09:45:47,11.22,0.0,19,21318,卖盘,603162,2025-10-17 22:49:35
09:45:49,11.22,0.0,71,79662,卖盘,603162,2025-10-17 22:49:35
09:45:52,11.22,0.0,29,32538,卖盘,603162,2025-10-17 22:49:35
09:45:55,11.22,0.0,5,5497,卖盘,603162,2025-10-17 22:49:35
09:45:58,11.22,0.0,21,23562,卖盘,603162,2025-10-17 22:49:35
09:46:02,11.22,0.0,227,254694,卖盘,603162,2025-10-17 22:49:35
09:46:04,11.22,0.0,96,107712,卖盘,603162,2025-10-17 22:49:35
09:46:11,11.22,0.0,9,10098,卖盘,603162,2025-10-17 22:49:35
09:46:13,11.22,0.0,17,19074,卖盘,603162,2025-10-17 22:49:35
09:46:16,11.22,0.0,10,11220,卖盘,603162,2025-10-17 22:49:35
09:46:25,11.22,0.0,19,21318,卖盘,603162,2025-10-17 22:49:35
09:46:28,11.22,0.0,2,2244,卖盘,603162,2025-10-17 22:49:35
09:46:32,11.22,0.0,2,2244,卖盘,603162,2025-10-17 22:49:35
09:46:34,11.22,0.0,81,90882,卖盘,603162,2025-10-17 22:49:35
09:46:38,11.22,0.0,37,41514,卖盘,603162,2025-10-17 22:49:35
09:46:40,11.22,0.0,2,2244,卖盘,603162,2025-10-17 22:49:35
09:46:44,11.22,0.0,31,34782,卖盘,603162,2025-10-17 22:49:35
09:46:47,11.22,0.0,22,24684,卖盘,603162,2025-10-17 22:49:35
09:46:49,11.22,0.0,20,22440,卖盘,603162,2025-10-17 22:49:35
09:46:55,11.22,0.0,31,35186,卖盘,603162,2025-10-17 22:49:35
09:46:58,11.22,0.0,25,28050,卖盘,603162,2025-10-17 22:49:35
09:47:02,11.22,0.0,64,71808,卖盘,603162,2025-10-17 22:49:35
09:47:04,11.22,0.0,3,3366,卖盘,603162,2025-10-17 22:49:35
09:47:07,11.22,0.0,17,19074,卖盘,603162,2025-10-17 22:49:35
09:47:11,11.22,0.0,114,128245,卖盘,603162,2025-10-17 22:49:35
09:47:14,11.22,0.0,25,28050,卖盘,603162,2025-10-17 22:49:35
09:47:16,11.22,0.0,192,215424,卖盘,603162,2025-10-17 22:49:35
09:47:19,11.22,0.0,246,276012,卖盘,603162,2025-10-17 22:49:35
09:47:22,11.22,0.0,1,1122,卖盘,603162,2025-10-17 22:49:35
09:47:25,11.22,0.0,30,33660,卖盘,603162,2025-10-17 22:49:35
09:47:28,11.22,0.0,10,11220,卖盘,603162,2025-10-17 22:49:35
09:47:31,11.22,0.0,133,148968,卖盘,603162,2025-10-17 22:49:35
09:47:34,11.22,0.0,33,37026,卖盘,603162,2025-10-17 22:49:35
09:47:38,11.22,0.0,37,41514,卖盘,603162,2025-10-17 22:49:35
09:47:43,11.22,0.0,47,52734,卖盘,603162,2025-10-17 22:49:35
09:47:47,11.22,0.0,102,114332,卖盘,603162,2025-10-17 22:49:35
09:47:49,11.22,0.0,30,33660,卖盘,603162,2025-10-17 22:49:35
09:47:53,11.22,0.0,344,385968,卖盘,603162,2025-10-17 22:49:35
09:47:55,11.22,0.0,21,23562,卖盘,603162,2025-10-17 22:49:35
09:47:58,11.22,0.0,50,56100,卖盘,603162,2025-10-17 22:49:35
09:48:02,11.22,0.0,104,116688,卖盘,603162,2025-10-17 22:49:35
09:48:05,11.22,0.0,51,57222,卖盘,603162,2025-10-17 22:49:35
09:48:11,11.22,0.0,13,14586,卖盘,603162,2025-10-17 22:49:35
09:48:16,11.22,0.0,25,28050,卖盘,603162,2025-10-17 22:49:35
09:48:23,11.22,0.0,29,32538,卖盘,603162,2025-10-17 22:49:35
09:48:28,11.22,0.0,2,2244,卖盘,603162,2025-10-17 22:49:35
09:48:31,11.22,0.0,4,4488,卖盘,603162,2025-10-17 22:49:35
09:48:34,11.22,0.0,4,4488,卖盘,603162,2025-10-17 22:49:35
09:48:37,11.22,0.0,186,208692,卖盘,603162,2025-10-17 22:49:35
09:48:40,11.22,0.0,13,14182,卖盘,603162,2025-10-17 22:49:35
09:48:46,11.22,0.0,26,29172,卖盘,603162,2025-10-17 22:49:35
09:48:49,11.22,0.0,14,15708,卖盘,603162,2025-10-17 22:49:35
09:48:53,11.22,0.0,135,151470,卖盘,603162,2025-10-17 22:49:35
09:48:56,11.22,0.0,6,6732,卖盘,603162,2025-10-17 22:49:35
09:48:58,11.22,0.0,82,92004,卖盘,603162,2025-10-17 22:49:35
09:49:02,11.22,0.0,50,56100,卖盘,603162,2025-10-17 22:49:35
09:49:04,11.22,0.0,18,20196,卖盘,603162,2025-10-17 22:49:35
09:49:08,11.22,0.0,24,26928,卖盘,603162,2025-10-17 22:49:35
09:49:11,11.22,0.0,61,68442,卖盘,603162,2025-10-17 22:49:35
09:49:14,11.22,0.0,87,98063,卖盘,603162,2025-10-17 22:49:35
09:49:17,11.22,0.0,5,5610,卖盘,603162,2025-10-17 22:49:35
09:49:19,11.22,0.0,7,7854,卖盘,603162,2025-10-17 22:49:35
09:49:22,11.22,0.0,5,5610,卖盘,603162,2025-10-17 22:49:35
09:49:26,11.22,0.0,54,61081,卖盘,603162,2025-10-17 22:49:35
09:49:29,11.22,0.0,5,5610,卖盘,603162,2025-10-17 22:49:35
09:49:31,11.22,0.0,77,86776,卖盘,603162,2025-10-17 22:49:35
09:49:35,11.22,0.0,100,112200,卖盘,603162,2025-10-17 22:49:35
09:49:38,11.22,0.0,7,7854,卖盘,603162,2025-10-17 22:49:35
09:49:41,11.22,0.0,568,637296,卖盘,603162,2025-10-17 22:49:35
09:49:44,11.22,0.0,28,31416,卖盘,603162,2025-10-17 22:49:35
09:49:47,11.22,0.0,257,288354,卖盘,603162,2025-10-17 22:49:35
09:49:50,11.22,0.0,451,506246,卖盘,603162,2025-10-17 22:49:35
09:49:56,11.22,0.0,53,59197,卖盘,603162,2025-10-17 22:49:35
09:49:58,11.22,0.0,16,18165,卖盘,603162,2025-10-17 22:49:35
09:50:01,11.22,0.0,97,108834,卖盘,603162,2025-10-17 22:49:35
09:50:05,11.22,0.0,1,1122,卖盘,603162,2025-10-17 22:49:35
09:50:07,11.22,0.0,69,77418,卖盘,603162,2025-10-17 22:49:35
09:50:10,11.22,0.0,42,46855,卖盘,603162,2025-10-17 22:49:35
09:50:13,11.22,0.0,85,95538,卖盘,603162,2025-10-17 22:49:35
09:50:17,11.22,0.0,46,51949,卖盘,603162,2025-10-17 22:49:35
09:50:19,11.22,0.0,40,44880,卖盘,603162,2025-10-17 22:49:35
09:50:25,11.22,0.0,20,22440,卖盘,603162,2025-10-17 22:49:35
09:50:28,11.22,0.0,58,65076,卖盘,603162,2025-10-17 22:49:35
09:50:35,11.22,0.0,120,134640,卖盘,603162,2025-10-17 22:49:35
09:50:38,11.22,0.0,32,35791,卖盘,603162,2025-10-17 22:49:35
09:50:41,11.22,0.0,10,11220,卖盘,603162,2025-10-17 22:49:35
09:50:44,11.22,0.0,8,8976,卖盘,603162,2025-10-17 22:49:35
09:50:47,11.22,0.0,5,5610,卖盘,603162,2025-10-17 22:49:35
09:50:53,11.22,0.0,28,31416,卖盘,603162,2025-10-17 22:49:35
09:50:58,11.22,0.0,11,12298,卖盘,603162,2025-10-17 22:49:35
09:51:02,11.22,0.0,64,71808,卖盘,603162,2025-10-17 22:49:35
09:51:05,11.22,0.0,11,12342,卖盘,603162,2025-10-17 22:49:35
09:51:11,11.22,0.0,48,54349,卖盘,603162,2025-10-17 22:49:35
09:51:14,11.22,0.0,4,4488,卖盘,603162,2025-10-17 22:49:35
09:51:17,11.22,0.0,19,21857,卖盘,603162,2025-10-17 22:49:35
09:51:19,11.22,0.0,10,11220,卖盘,603162,2025-10-17 22:49:35
09:51:25,11.22,0.0,6,6732,卖盘,603162,2025-10-17 22:49:35
09:51:28,11.22,0.0,38,42636,卖盘,603162,2025-10-17 22:49:35
09:51:31,11.22,0.0,10,11220,卖盘,603162,2025-10-17 22:49:35
09:51:37,11.22,0.0,80,89659,卖盘,603162,2025-10-17 22:49:35
09:51:40,11.22,0.0,25,28050,卖盘,603162,2025-10-17 22:49:35
09:51:44,11.22,0.0,106,118932,卖盘,603162,2025-10-17 22:49:35
09:51:46,11.22,0.0,17,19074,卖盘,603162,2025-10-17 22:49:35
09:51:49,11.22,0.0,111,124542,卖盘,603162,2025-10-17 22:49:35
09:51:53,11.22,0.0,50,56100,卖盘,603162,2025-10-17 22:49:35
09:51:55,11.22,0.0,53,59466,卖盘,603162,2025-10-17 22:49:35
09:52:02,11.22,0.0,56,62832,卖盘,603162,2025-10-17 22:49:35
09:52:05,11.22,0.0,20,22440,卖盘,603162,2025-10-17 22:49:35
09:52:11,11.22,0.0,17,19074,卖盘,603162,2025-10-17 22:49:35
09:52:14,11.22,0.0,28,31416,卖盘,603162,2025-10-17 22:49:35
09:52:16,11.22,0.0,38,42636,卖盘,603162,2025-10-17 22:49:35
09:52:20,11.22,0.0,7,7439,卖盘,603162,2025-10-17 22:49:35
09:52:25,11.22,0.0,181,202745,卖盘,603162,2025-10-17 22:49:35
09:52:28,11.22,0.0,176,197472,卖盘,603162,2025-10-17 22:49:35
09:52:31,11.22,0.0,2,2244,卖盘,603162,2025-10-17 22:49:35
09:52:34,11.22,0.0,21,23899,卖盘,603162,2025-10-17 22:49:35
09:52:38,11.22,0.0,15,16830,卖盘,603162,2025-10-17 22:49:35
09:52:40,11.22,0.0,11,12746,卖盘,603162,2025-10-17 22:49:35
09:52:43,11.22,0.0,19,21856,卖盘,603162,2025-10-17 22:49:35
09:52:46,11.22,0.0,20,22440,卖盘,603162,2025-10-17 22:49:35
09:52:58,11.22,0.0,50,56100,卖盘,603162,2025-10-17 22:49:35
09:53:01,11.22,0.0,756,848501,卖盘,603162,2025-10-17 22:49:35
09:53:04,11.22,0.0,100,112200,卖盘,603162,2025-10-17 22:49:35
09:53:10,11.22,0.0,15,16830,卖盘,603162,2025-10-17 22:49:35
09:53:13,11.22,0.0,38,42636,卖盘,603162,2025-10-17 22:49:35
09:53:17,11.22,0.0,437,490314,卖盘,603162,2025-10-17 22:49:35
09:53:20,11.22,0.0,14,15708,卖盘,603162,2025-10-17 22:49:35
09:53:23,11.22,0.0,20,22440,卖盘,603162,2025-10-17 22:49:35
09:53:25,11.22,0.0,43,48146,卖盘,603162,2025-10-17 22:49:35
09:53:29,11.22,0.0,8,8976,卖盘,603162,2025-10-17 22:49:35
09:53:32,11.22,0.0,17,19074,卖盘,603162,2025-10-17 22:49:35
09:53:34,11.22,0.0,5,5610,卖盘,603162,2025-10-17 22:49:35
09:53:37,11.22,0.0,27,30294,卖盘,603162,2025-10-17 22:49:35
09:53:40,11.22,0.0,3,3366,卖盘,603162,2025-10-17 22:49:35
09:53:43,11.22,0.0,5,5610,卖盘,603162,2025-10-17 22:49:35
09:53:46,11.22,0.0,2,2244,卖盘,603162,2025-10-17 22:49:35
09:53:50,11.22,0.0,41,46002,卖盘,603162,2025-10-17 22:49:35
09:53:53,11.22,0.0,25,28050,卖盘,603162,2025-10-17 22:49:35
09:53:56,11.22,0.0,422,473484,卖盘,603162,2025-10-17 22:49:35
09:53:59,11.22,0.0,352,394944,卖盘,603162,2025-10-17 22:49:35
09:54:02,11.22,0.0,28,31416,卖盘,603162,2025-10-17 22:49:35
09:54:04,11.22,0.0,6,6911,卖盘,603162,2025-10-17 22:49:35
09:54:07,11.22,0.0,15,16830,卖盘,603162,2025-10-17 22:49:35
09:54:11,11.22,0.0,25,28050,卖盘,603162,2025-10-17 22:49:35
09:54:13,11.22,0.0,109,122298,卖盘,603162,2025-10-17 22:49:35
09:54:16,11.22,0.0,8,8976,卖盘,603162,2025-10-17 22:49:35
09:54:20,11.22,0.0,33,37026,卖盘,603162,2025-10-17 22:49:35
09:54:23,11.22,0.0,18,20196,卖盘,603162,2025-10-17 22:49:35
09:54:26,11.22,0.0,31,34333,卖盘,603162,2025-10-17 22:49:35
09:54:28,11.22,0.0,25,27949,卖盘,603162,2025-10-17 22:49:35
09:54:31,11.22,0.0,268,300696,卖盘,603162,2025-10-17 22:49:35
09:54:34,11.22,0.0,18,20196,卖盘,603162,2025-10-17 22:49:35
09:54:38,11.22,0.0,20,22440,卖盘,603162,2025-10-17 22:49:35
09:54:40,11.22,0.0,3,3366,卖盘,603162,2025-10-17 22:49:35
09:54:43,11.22,0.0,1,1122,卖盘,603162,2025-10-17 22:49:35
09:54:50,11.22,0.0,13,14093,卖盘,603162,2025-10-17 22:49:35
09:54:53,11.22,0.0,7,8302,卖盘,603162,2025-10-17 22:49:35
09:54:55,11.22,0.0,13,14474,卖盘,603162,2025-10-17 22:49:35
09:54:59,11.22,0.0,22,24684,卖盘,603162,2025-10-17 22:49:35
09:55:02,11.22,0.0,17,19074,卖盘,603162,2025-10-17 22:49:35
09:55:05,11.22,0.0,57,63618,卖盘,603162,2025-10-17 22:49:35
09:55:08,11.22,0.0,7,7854,卖盘,603162,2025-10-17 22:49:35
09:55:11,11.22,0.0,90,100980,卖盘,603162,2025-10-17 22:49:35
09:55:13,11.22,0.0,20,22440,卖盘,603162,2025-10-17 22:49:35
09:55:16,11.22,0.0,10,11220,卖盘,603162,2025-10-17 22:49:35
09:55:20,11.22,0.0,139,155554,卖盘,603162,2025-10-17 22:49:35
09:55:23,11.22,0.0,14,15708,卖盘,603162,2025-10-17 22:49:35
09:55:32,11.22,0.0,5,5610,卖盘,603162,2025-10-17 22:49:35
09:55:35,11.22,0.0,10,11220,卖盘,603162,2025-10-17 22:49:35
09:55:38,11.22,0.0,18,20196,卖盘,603162,2025-10-17 22:49:35
09:55:41,11.22,0.0,6,6732,卖盘,603162,2025-10-17 22:49:35
09:55:44,11.22,0.0,2,2244,卖盘,603162,2025-10-17 22:49:35
09:55:47,11.22,0.0,75,84049,卖盘,603162,2025-10-17 22:49:35
09:55:50,11.22,0.0,76,85272,卖盘,603162,2025-10-17 22:49:35
09:55:52,11.22,0.0,27,30294,卖盘,603162,2025-10-17 22:49:35
09:55:55,11.22,0.0,10,11220,卖盘,603162,2025-10-17 22:49:35
09:56:02,11.22,0.0,55,61710,卖盘,603162,2025-10-17 22:49:35
09:56:05,11.22,0.0,28,31416,卖盘,603162,2025-10-17 22:49:35
09:56:08,11.22,0.0,226,253572,卖盘,603162,2025-10-17 22:49:35
09:56:11,11.22,0.0,32,35904,卖盘,603162,2025-10-17 22:49:35
09:56:14,11.22,0.0,3,3366,卖盘,603162,2025-10-17 22:49:35
09:56:17,11.22,0.0,20,22440,卖盘,603162,2025-10-17 22:49:35
09:56:19,11.22,0.0,23,25581,卖盘,603162,2025-10-17 22:49:35
09:56:23,11.22,0.0,6,6732,卖盘,603162,2025-10-17 22:49:35
09:56:26,11.22,0.0,100,112200,卖盘,603162,2025-10-17 22:49:35
09:56:29,11.22,0.0,17,19074,卖盘,603162,2025-10-17 22:49:35
09:56:38,11.22,0.0,42,47012,卖盘,603162,2025-10-17 22:49:35
09:56:41,11.22,0.0,13,14586,卖盘,603162,2025-10-17 22:49:35
09:56:49,11.22,0.0,22,24684,卖盘,603162,2025-10-17 22:49:35
09:57:01,11.22,0.0,26,29621,卖盘,603162,2025-10-17 22:49:35
09:57:11,11.22,0.0,20,22440,卖盘,603162,2025-10-17 22:49:35
09:57:17,11.22,0.0,13,14586,卖盘,603162,2025-10-17 22:49:35
09:57:23,11.22,0.0,36,40078,卖盘,603162,2025-10-17 22:49:35
09:57:26,11.22,0.0,4,4488,卖盘,603162,2025-10-17 22:49:35
09:57:29,11.22,0.0,1,1122,卖盘,603162,2025-10-17 22:49:35
09:57:35,11.22,0.0,5,5610,卖盘,603162,2025-10-17 22:49:35
09:57:38,11.22,0.0,1,1122,卖盘,603162,2025-10-17 22:49:35
09:57:44,11.22,0.0,1,1122,卖盘,603162,2025-10-17 22:49:35
09:57:50,11.22,0.0,11,12544,卖盘,603162,2025-10-17 22:49:35
09:57:59,11.22,0.0,11,12342,卖盘,603162,2025-10-17 22:49:35
09:58:07,11.22,0.0,2,2244,卖盘,603162,2025-10-17 22:49:35
09:58:11,11.22,0.0,9,10098,卖盘,603162,2025-10-17 22:49:35
09:58:13,11.22,0.0,1,1122,卖盘,603162,2025-10-17 22:49:35
09:58:23,11.22,0.0,1,1122,卖盘,603162,2025-10-17 22:49:35
09:58:25,11.22,0.0,4,4488,卖盘,603162,2025-10-17 22:49:35
09:58:35,11.22,0.0,6,6732,卖盘,603162,2025-10-17 22:49:35
09:58:37,11.22,0.0,5,5610,卖盘,603162,2025-10-17 22:49:35
09:58:40,11.22,0.0,1,1122,卖盘,603162,2025-10-17 22:49:35
09:58:44,11.22,0.0,15,16605,卖盘,603162,2025-10-17 22:49:35
09:58:56,11.22,0.0,30,33660,卖盘,603162,2025-10-17 22:49:35
09:58:58,11.22,0.0,52,58389,卖盘,603162,2025-10-17 22:49:35
09:59:02,11.22,0.0,5,5610,卖盘,603162,2025-10-17 22:49:35
09:59:05,11.22,0.0,13,14586,卖盘,603162,2025-10-17 22:49:35
09:59:08,11.22,0.0,72,80784,卖盘,603162,2025-10-17 22:49:35
09:59:11,11.22,0.0,52,58344,卖盘,603162,2025-10-17 22:49:35
09:59:14,11.22,0.0,81,90882,卖盘,603162,2025-10-17 22:49:35
09:59:17,11.22,0.0,3,3366,卖盘,603162,2025-10-17 22:49:35
09:59:20,11.22,0.0,37,41514,卖盘,603162,2025-10-17 22:49:35
09:59:23,11.22,0.0,14,15708,卖盘,603162,2025-10-17 22:49:35
09:59:26,11.22,0.0,8,8976,卖盘,603162,2025-10-17 22:49:35
09:59:29,11.22,0.0,18,20196,卖盘,603162,2025-10-17 22:49:35
09:59:32,11.22,0.0,5,5610,卖盘,603162,2025-10-17 22:49:35
09:59:35,11.22,0.0,6,6732,卖盘,603162,2025-10-17 22:49:35
09:59:41,11.22,0.0,25,28050,卖盘,603162,2025-10-17 22:49:35
09:59:43,11.22,0.0,3,3366,卖盘,603162,2025-10-17 22:49:35
09:59:47,11.22,0.0,50,56100,卖盘,603162,2025-10-17 22:49:35
09:59:49,11.22,0.0,22,24684,卖盘,603162,2025-10-17 22:49:35
09:59:53,11.22,0.0,4,4488,卖盘,603162,2025-10-17 22:49:35
09:59:56,11.22,0.0,30,33660,卖盘,603162,2025-10-17 22:49:35
09:59:59,11.22,0.0,82,92004,卖盘,603162,2025-10-17 22:49:35
10:00:01,11.22,0.0,21,23562,卖盘,603162,2025-10-17 22:49:35
10:00:04,11.22,0.0,40,44880,卖盘,603162,2025-10-17 22:49:35
10:00:07,11.22,0.0,18,20230,卖盘,603162,2025-10-17 22:49:35
10:00:11,11.22,0.0,7,7854,卖盘,603162,2025-10-17 22:49:35
10:00:14,11.22,0.0,14,15708,卖盘,603162,2025-10-17 22:49:35
10:00:17,11.22,0.0,1,1122,卖盘,603162,2025-10-17 22:49:35
10:00:23,11.22,0.0,15,16830,卖盘,603162,2025-10-17 22:49:35
10:00:26,11.22,0.0,11,12230,卖盘,603162,2025-10-17 22:49:35
10:00:29,11.22,0.0,3,3366,卖盘,603162,2025-10-17 22:49:35
10:00:32,11.22,0.0,3,3366,卖盘,603162,2025-10-17 22:49:35
10:00:40,11.22,0.0,184,206324,卖盘,603162,2025-10-17 22:49:35
10:00:44,11.22,0.0,534,599148,卖盘,603162,2025-10-17 22:49:35
10:00:46,11.22,0.0,27,30294,卖盘,603162,2025-10-17 22:49:35
10:00:56,11.22,0.0,41,46002,卖盘,603162,2025-10-17 22:49:35
10:00:59,11.22,0.0,76,85272,卖盘,603162,2025-10-17 22:49:35
10:01:02,11.22,0.0,6,6732,卖盘,603162,2025-10-17 22:49:35
10:01:04,11.22,0.0,20,22440,卖盘,603162,2025-10-17 22:49:35
10:01:11,11.22,0.0,68,76184,卖盘,603162,2025-10-17 22:49:35
10:01:14,11.22,0.0,5,5610,卖盘,603162,2025-10-17 22:49:35
10:01:17,11.22,0.0,1,1122,卖盘,603162,2025-10-17 22:49:35
10:01:19,11.22,0.0,10,11220,卖盘,603162,2025-10-17 22:49:35
10:01:23,11.22,0.0,1,1122,卖盘,603162,2025-10-17 22:49:35
10:01:26,11.22,0.0,1,1122,卖盘,603162,2025-10-17 22:49:35
10:01:34,11.22,0.0,17,19074,卖盘,603162,2025-10-17 22:49:35
10:01:37,11.22,0.0,10,11220,卖盘,603162,2025-10-17 22:49:35
10:01:40,11.22,0.0,10,11220,卖盘,603162,2025-10-17 22:49:35
10:01:44,11.22,0.0,104,116688,卖盘,603162,2025-10-17 22:49:35
10:01:47,11.22,0.0,5,5610,卖盘,603162,2025-10-17 22:49:35
10:01:50,11.22,0.0,5,5610,卖盘,603162,2025-10-17 22:49:35
10:01:56,11.22,0.0,12,13464,卖盘,603162,2025-10-17 22:49:35
10:01:59,11.22,0.0,7,7854,卖盘,603162,2025-10-17 22:49:35
10:02:01,11.22,0.0,8,8931,卖盘,603162,2025-10-17 22:49:35
10:02:05,11.22,0.0,10,11220,卖盘,603162,2025-10-17 22:49:35
10:02:08,11.22,0.0,7,7854,卖盘,603162,2025-10-17 22:49:35
10:02:10,11.22,0.0,3,3321,卖盘,603162,2025-10-17 22:49:35
10:02:13,11.22,0.0,24,26928,卖盘,603162,2025-10-17 22:49:35
10:02:16,11.22,0.0,4,4488,卖盘,603162,2025-10-17 22:49:35
10:02:20,11.22,0.0,1,1122,卖盘,603162,2025-10-17 22:49:35
10:02:35,11.22,0.0,1,1122,卖盘,603162,2025-10-17 22:49:35
10:02:44,11.22,0.0,43,48134,卖盘,603162,2025-10-17 22:49:35
10:02:47,11.22,0.0,57,64493,卖盘,603162,2025-10-17 22:49:35
10:02:53,11.22,0.0,12,13464,卖盘,603162,2025-10-17 22:49:35
10:02:56,11.22,0.0,17,19074,卖盘,603162,2025-10-17 22:49:35
10:03:11,11.22,0.0,6,6732,卖盘,603162,2025-10-17 22:49:35
10:03:23,11.22,0.0,29,32807,卖盘,603162,2025-10-17 22:49:35
10:03:25,11.22,0.0,3,3366,卖盘,603162,2025-10-17 22:49:35
10:03:28,11.22,0.0,5,5610,卖盘,603162,2025-10-17 22:49:35
10:03:31,11.22,0.0,31,34782,卖盘,603162,2025-10-17 22:49:35
10:03:40,11.22,0.0,30,33660,卖盘,603162,2025-10-17 22:49:35
10:03:43,11.22,0.0,4,4488,卖盘,603162,2025-10-17 22:49:35
10:03:50,11.22,0.0,9,10098,卖盘,603162,2025-10-17 22:49:35
10:03:59,11.22,0.0,38,42636,卖盘,603162,2025-10-17 22:49:35
10:04:05,11.22,0.0,5,5610,卖盘,603162,2025-10-17 22:49:35
10:04:11,11.22,0.0,40,44880,卖盘,603162,2025-10-17 22:49:35
10:04:17,11.22,0.0,13,14586,卖盘,603162,2025-10-17 22:49:35
10:04:29,11.22,0.0,5,5610,卖盘,603162,2025-10-17 22:49:35
10:04:32,11.22,0.0,10,11220,卖盘,603162,2025-10-17 22:49:35
10:04:41,11.22,0.0,17,19175,卖盘,603162,2025-10-17 22:49:35
10:04:47,11.22,0.0,1,1122,卖盘,603162,2025-10-17 22:49:35
10:04:50,11.22,0.0,51,57222,卖盘,603162,2025-10-17 22:49:35
10:04:53,11.22,0.0,9,10098,卖盘,603162,2025-10-17 22:49:35
10:05:08,11.22,0.0,6,6732,卖盘,603162,2025-10-17 22:49:35
10:05:14,11.22,0.0,2,2244,卖盘,603162,2025-10-17 22:49:35
10:05:26,11.22,0.0,12,13464,卖盘,603162,2025-10-17 22:49:35
10:05:35,11.22,0.0,181,203082,卖盘,603162,2025-10-17 22:49:35
10:05:38,11.22,0.0,1,1122,卖盘,603162,2025-10-17 22:49:35
10:05:53,11.22,0.0,4,4488,卖盘,603162,2025-10-17 22:49:35
10:06:04,11.22,0.0,2,2244,卖盘,603162,2025-10-17 22:49:35
10:06:07,11.22,0.0,1,1436,卖盘,603162,2025-10-17 22:49:35
10:06:20,11.22,0.0,9,10098,卖盘,603162,2025-10-17 22:49:35
10:06:29,11.22,0.0,7,7742,卖盘,603162,2025-10-17 22:49:35
10:06:35,11.22,0.0,2,2244,卖盘,603162,2025-10-17 22:49:35
10:06:38,11.22,0.0,26,29172,卖盘,603162,2025-10-17 22:49:35
10:06:41,11.22,0.0,6,6732,卖盘,603162,2025-10-17 22:49:35
10:06:50,11.22,0.0,2,2244,卖盘,603162,2025-10-17 22:49:35
10:06:53,11.22,0.0,4,4488,卖盘,603162,2025-10-17 22:49:35
10:06:56,11.22,0.0,16,17727,卖盘,603162,2025-10-17 22:49:35
10:07:02,11.22,0.0,41,45778,卖盘,603162,2025-10-17 22:49:35
10:07:05,11.22,0.0,4,4914,卖盘,603162,2025-10-17 22:49:35
10:07:08,11.22,0.0,30,33660,卖盘,603162,2025-10-17 22:49:35
10:07:14,11.22,0.0,7,7507,卖盘,603162,2025-10-17 22:49:35
10:07:20,11.22,0.0,31,34782,卖盘,603162,2025-10-17 22:49:35
10:07:23,11.22,0.0,40,44880,卖盘,603162,2025-10-17 22:49:35
10:07:32,11.22,0.0,50,56100,卖盘,603162,2025-10-17 22:49:35
10:07:38,11.22,0.0,1,1122,卖盘,603162,2025-10-17 22:49:35
10:07:41,11.22,0.0,40,44880,卖盘,603162,2025-10-17 22:49:35
10:07:50,11.22,0.0,40,44880,卖盘,603162,2025-10-17 22:49:35
10:07:53,11.22,0.0,10,11220,卖盘,603162,2025-10-17 22:49:35
10:07:59,11.22,0.0,114,128300,卖盘,603162,2025-10-17 22:49:35
10:08:02,11.22,0.0,4,4488,卖盘,603162,2025-10-17 22:49:35
10:08:08,11.22,0.0,2,2244,卖盘,603162,2025-10-17 22:49:35
10:08:11,11.22,0.0,7,7854,卖盘,603162,2025-10-17 22:49:35
10:08:14,11.22,0.0,8,8976,卖盘,603162,2025-10-17 22:49:35
10:08:23,11.22,0.0,16,18266,卖盘,603162,2025-10-17 22:49:35
10:08:26,11.22,0.0,21,23562,卖盘,603162,2025-10-17 22:49:35
10:08:29,11.22,0.0,26,29172,卖盘,603162,2025-10-17 22:49:35
10:08:41,11.22,0.0,130,145860,卖盘,603162,2025-10-17 22:49:35
10:08:44,11.22,0.0,1,1122,卖盘,603162,2025-10-17 22:49:35
10:08:50,11.22,0.0,52,58344,卖盘,603162,2025-10-17 22:49:35
10:08:53,11.22,0.0,11,12342,卖盘,603162,2025-10-17 22:49:35
10:08:59,11.22,0.0,2,2244,卖盘,603162,2025-10-17 22:49:35
10:09:04,11.22,0.0,3,3366,卖盘,603162,2025-10-17 22:49:35
10:09:08,11.22,0.0,31,34782,卖盘,603162,2025-10-17 22:49:35
10:09:10,11.22,0.0,5,5610,卖盘,603162,2025-10-17 22:49:35
10:09:14,11.22,0.0,2,2143,卖盘,603162,2025-10-17 22:49:35
10:09:20,11.22,0.0,3,3366,卖盘,603162,2025-10-17 22:49:35
10:09:23,11.22,0.0,1,1122,卖盘,603162,2025-10-17 22:49:35
10:09:26,11.22,0.0,10,11220,卖盘,603162,2025-10-17 22:49:35
10:09:32,11.22,0.0,2,2244,卖盘,603162,2025-10-17 22:49:35
10:09:35,11.22,0.0,6,6620,卖盘,603162,2025-10-17 22:49:35
10:09:38,11.22,0.0,32,35792,卖盘,603162,2025-10-17 22:49:35
10:09:40,11.22,0.0,5,5610,卖盘,603162,2025-10-17 22:49:35
10:09:43,11.22,0.0,10,11220,卖盘,603162,2025-10-17 22:49:35
10:09:46,11.22,0.0,90,100980,卖盘,603162,2025-10-17 22:49:35
10:09:50,11.22,0.0,2,2098,卖盘,603162,2025-10-17 22:49:35
10:09:59,11.22,0.0,5,5610,卖盘,603162,2025-10-17 22:49:35
10:10:04,11.22,0.0,45,50490,卖盘,603162,2025-10-17 22:49:35
10:10:08,11.22,0.0,6,6732,卖盘,603162,2025-10-17 22:49:35
10:10:17,11.22,0.0,5,5610,卖盘,603162,2025-10-17 22:49:35
10:10:23,11.22,0.0,1,1122,卖盘,603162,2025-10-17 22:49:35
10:10:29,11.22,0.0,8,8976,卖盘,603162,2025-10-17 22:49:35
10:10:32,11.22,0.0,32,35904,卖盘,603162,2025-10-17 22:49:35
10:10:35,11.22,0.0,2,2244,卖盘,603162,2025-10-17 22:49:35
10:10:41,11.22,0.0,40,44880,卖盘,603162,2025-10-17 22:49:35
10:10:47,11.22,0.0,1,1122,卖盘,603162,2025-10-17 22:49:35
10:10:56,11.22,0.0,10,11220,卖盘,603162,2025-10-17 22:49:35
10:10:59,11.22,0.0,50,56100,卖盘,603162,2025-10-17 22:49:35
10:11:02,11.22,0.0,7,7854,卖盘,603162,2025-10-17 22:49:35
10:11:17,11.22,0.0,22,24684,卖盘,603162,2025-10-17 22:49:35
10:11:20,11.22,0.0,5,5610,卖盘,603162,2025-10-17 22:49:35
10:11:31,11.22,0.0,129,144738,卖盘,603162,2025-10-17 22:49:35
10:11:34,11.22,0.0,2,2244,卖盘,603162,2025-10-17 22:49:35
10:11:41,11.22,0.0,5,5610,卖盘,603162,2025-10-17 22:49:35
10:11:46,11.22,0.0,4,4578,卖盘,603162,2025-10-17 22:49:35
10:11:53,11.22,0.0,5,5341,卖盘,603162,2025-10-17 22:49:35
10:12:01,11.22,0.0,2,2244,卖盘,603162,2025-10-17 22:49:35
10:12:26,11.22,0.0,151,169870,卖盘,603162,2025-10-17 22:49:35
10:12:29,11.22,0.0,50,56100,卖盘,603162,2025-10-17 22:49:35
10:12:32,11.22,0.0,13,14586,卖盘,603162,2025-10-17 22:49:35
10:12:38,11.22,0.0,3,3344,卖盘,603162,2025-10-17 22:49:35
10:12:44,11.22,0.0,13,14586,卖盘,603162,2025-10-17 22:49:35
10:12:47,11.22,0.0,2,2244,卖盘,603162,2025-10-17 22:49:35
10:13:08,11.22,0.0,1,1122,卖盘,603162,2025-10-17 22:49:35
10:13:11,11.22,0.0,15,16830,卖盘,603162,2025-10-17 22:49:35
10:13:17,11.22,0.0,67,75174,卖盘,603162,2025-10-17 22:49:35
10:13:20,11.22,0.0,77,86933,卖盘,603162,2025-10-17 22:49:35
10:13:22,11.22,0.0,1,1122,卖盘,603162,2025-10-17 22:49:35
10:13:25,11.22,0.0,9,10098,卖盘,603162,2025-10-17 22:49:35
10:13:29,11.22,0.0,69,77193,卖盘,603162,2025-10-17 22:49:35
10:13:32,11.22,0.0,1,1122,卖盘,603162,2025-10-17 22:49:35
10:13:34,11.22,0.0,5,5610,卖盘,603162,2025-10-17 22:49:35
10:13:38,11.22,0.0,4,4488,卖盘,603162,2025-10-17 22:49:35
10:13:44,11.22,0.0,2,2244,卖盘,603162,2025-10-17 22:49:35
10:13:46,11.22,0.0,336,377531,卖盘,603162,2025-10-17 22:49:35
10:13:59,11.22,0.0,1,1122,卖盘,603162,2025-10-17 22:49:35
10:14:01,11.22,0.0,20,22440,卖盘,603162,2025-10-17 22:49:35
10:14:04,11.22,0.0,11,12028,卖盘,603162,2025-10-17 22:49:35
10:14:07,11.22,0.0,1,1122,卖盘,603162,2025-10-17 22:49:35
10:14:17,11.22,0.0,1,1122,卖盘,603162,2025-10-17 22:49:35
10:14:20,11.22,0.0,5,5610,卖盘,603162,2025-10-17 22:49:35
10:14:23,11.22,0.0,35,39270,卖盘,603162,2025-10-17 22:49:35
10:14:28,11.22,0.0,59,66085,卖盘,603162,2025-10-17 22:49:35
10:14:37,11.22,0.0,15,16830,卖盘,603162,2025-10-17 22:49:35
10:14:41,11.22,0.0,8,8976,卖盘,603162,2025-10-17 22:49:35
10:14:44,11.22,0.0,12,13464,卖盘,603162,2025-10-17 22:49:35
10:14:53,11.22,0.0,1,1122,卖盘,603162,2025-10-17 22:49:35
10:14:55,11.22,0.0,10,11220,卖盘,603162,2025-10-17 22:49:35
10:15:11,11.22,0.0,11,12342,卖盘,603162,2025-10-17 22:49:35
10:15:13,11.22,0.0,1,1122,卖盘,603162,2025-10-17 22:49:35
10:15:16,11.22,0.0,15,16830,卖盘,603162,2025-10-17 22:49:35
10:15:22,11.22,0.0,40,44880,卖盘,603162,2025-10-17 22:49:35
10:15:44,11.22,0.0,5,5610,卖盘,603162,2025-10-17 22:49:35
10:15:47,11.22,0.0,1,1122,卖盘,603162,2025-10-17 22:49:35
10:15:58,11.22,0.0,10,11220,卖盘,603162,2025-10-17 22:49:35
10:16:08,11.22,0.0,30,33660,卖盘,603162,2025-10-17 22:49:35
10:16:11,11.22,0.0,36,40662,卖盘,603162,2025-10-17 22:49:35
10:16:14,11.22,0.0,3,3366,卖盘,603162,2025-10-17 22:49:35
10:16:16,11.22,0.0,22,24684,卖盘,603162,2025-10-17 22:49:35
10:16:20,11.22,0.0,1,1122,卖盘,603162,2025-10-17 22:49:35
10:16:49,11.22,0.0,20,22440,卖盘,603162,2025-10-17 22:49:35
10:16:53,11.22,0.0,10,11220,卖盘,603162,2025-10-17 22:49:35
10:16:56,11.22,0.0,20,22440,卖盘,603162,2025-10-17 22:49:35
10:17:02,11.22,0.0,10,11220,卖盘,603162,2025-10-17 22:49:35
10:17:11,11.22,0.0,10,11220,卖盘,603162,2025-10-17 22:49:35
10:17:14,11.22,0.0,1,1122,卖盘,603162,2025-10-17 22:49:35
10:17:23,11.22,0.0,3,3366,卖盘,603162,2025-10-17 22:49:35
10:17:34,11.22,0.0,108,121176,卖盘,603162,2025-10-17 22:49:35
10:17:38,11.22,0.0,277,310794,卖盘,603162,2025-10-17 22:49:35
10:17:41,11.22,0.0,1,1122,卖盘,603162,2025-10-17 22:49:35
10:17:43,11.22,0.0,20,22440,卖盘,603162,2025-10-17 22:49:35
10:17:52,11.22,0.0,8,8976,卖盘,603162,2025-10-17 22:49:35
10:17:55,11.22,0.0,10,11220,卖盘,603162,2025-10-17 22:49:35
10:17:58,11.22,0.0,2,2244,卖盘,603162,2025-10-17 22:49:35
10:18:02,11.22,0.0,28,31416,卖盘,603162,2025-10-17 22:49:35
10:18:04,11.22,0.0,21,23562,卖盘,603162,2025-10-17 22:49:35
10:18:14,11.22,0.0,0,404,卖盘,603162,2025-10-17 22:49:35
10:18:25,11.22,0.0,4,4488,卖盘,603162,2025-10-17 22:49:35
10:18:41,11.22,0.0,10,11220,卖盘,603162,2025-10-17 22:49:35
10:18:44,11.22,0.0,805,903210,卖盘,603162,2025-10-17 22:49:35
10:19:05,11.22,0.0,4,4488,卖盘,603162,2025-10-17 22:49:35
10:19:10,11.22,0.0,4,4488,卖盘,603162,2025-10-17 22:49:35
10:19:26,11.22,0.0,90,100980,卖盘,603162,2025-10-17 22:49:35
10:19:28,11.22,0.0,82,91903,卖盘,603162,2025-10-17 22:49:35
10:19:31,11.22,0.0,15,16830,卖盘,603162,2025-10-17 22:49:35
10:19:41,11.22,0.0,2,2244,卖盘,603162,2025-10-17 22:49:35
10:19:49,11.22,0.0,4523,5075254,卖盘,603162,2025-10-17 22:49:35
10:20:02,11.22,0.0,10,11220,卖盘,603162,2025-10-17 22:49:35
10:20:04,11.22,0.0,10,11220,卖盘,603162,2025-10-17 22:49:35
10:20:19,11.22,0.0,1,1122,卖盘,603162,2025-10-17 22:49:35
10:20:22,11.22,0.0,7,7630,卖盘,603162,2025-10-17 22:49:35
10:20:25,11.22,0.0,5,5610,卖盘,603162,2025-10-17 22:49:35
10:20:50,11.22,0.0,22,24684,卖盘,603162,2025-10-17 22:49:35
10:20:56,11.22,0.0,2,2244,卖盘,603162,2025-10-17 22:49:35
10:21:04,11.22,0.0,1,1122,卖盘,603162,2025-10-17 22:49:35
10:21:11,11.22,0.0,11,12342,卖盘,603162,2025-10-17 22:49:35
10:21:20,11.22,0.0,3,3366,卖盘,603162,2025-10-17 22:49:35
10:21:22,11.22,0.0,2,2244,卖盘,603162,2025-10-17 22:49:35
10:21:25,11.22,0.0,10,11220,卖盘,603162,2025-10-17 22:49:35
10:21:29,11.22,0.0,1,987,卖盘,603162,2025-10-17 22:49:35
10:21:31,11.22,0.0,1,1122,卖盘,603162,2025-10-17 22:49:35
10:21:34,11.22,0.0,10,11220,卖盘,603162,2025-10-17 22:49:35
10:21:37,11.22,0.0,54,60588,卖盘,603162,2025-10-17 22:49:35
10:21:41,11.22,0.0,13,14586,卖盘,603162,2025-10-17 22:49:35
10:21:56,11.22,0.0,9,10098,卖盘,603162,2025-10-17 22:49:35
10:21:58,11.22,0.0,1,1122,卖盘,603162,2025-10-17 22:49:35
10:22:01,11.22,0.0,10,11220,卖盘,603162,2025-10-17 22:49:35
10:22:11,11.22,0.0,4,4488,卖盘,603162,2025-10-17 22:49:35
10:22:20,11.22,0.0,100,112200,卖盘,603162,2025-10-17 22:49:35
10:22:23,11.22,0.0,2,2244,卖盘,603162,2025-10-17 22:49:35
10:22:26,11.22,0.0,11,12342,卖盘,603162,2025-10-17 22:49:35
10:22:40,11.22,0.0,9,10098,卖盘,603162,2025-10-17 22:49:35
10:22:44,11.22,0.0,10,11220,卖盘,603162,2025-10-17 22:49:35
10:22:47,11.22,0.0,1,1122,卖盘,603162,2025-10-17 22:49:35
10:22:52,11.22,0.0,5,5610,卖盘,603162,2025-10-17 22:49:35
10:22:59,11.22,0.0,5,5610,卖盘,603162,2025-10-17 22:49:35
10:23:05,11.22,0.0,100,112200,卖盘,603162,2025-10-17 22:49:35
10:23:11,11.22,0.0,26,29172,卖盘,603162,2025-10-17 22:49:35
10:23:23,11.22,0.0,40,44880,卖盘,603162,2025-10-17 22:49:35
10:23:26,11.22,0.0,21,23562,卖盘,603162,2025-10-17 22:49:35
10:23:29,11.22,0.0,9,10098,卖盘,603162,2025-10-17 22:49:35
10:23:35,11.22,0.0,11,12342,卖盘,603162,2025-10-17 22:49:35
10:23:53,11.22,0.0,2,2244,卖盘,603162,2025-10-17 22:49:35
10:23:59,11.22,0.0,9,10502,卖盘,603162,2025-10-17 22:49:35
10:24:10,11.22,0.0,155,173686,卖盘,603162,2025-10-17 22:49:35
10:24:14,11.22,0.0,1,1122,卖盘,603162,2025-10-17 22:49:35
10:24:34,11.22,0.0,10,11220,卖盘,603162,2025-10-17 22:49:35
10:24:40,11.22,0.0,22,24684,卖盘,603162,2025-10-17 22:49:35
10:25:01,11.22,0.0,8,8976,卖盘,603162,2025-10-17 22:49:35
10:25:04,11.22,0.0,16,17952,卖盘,603162,2025-10-17 22:49:35
10:25:11,11.22,0.0,20,22440,卖盘,603162,2025-10-17 22:49:35
10:25:22,11.22,0.0,100,112200,卖盘,603162,2025-10-17 22:49:35
10:25:26,11.22,0.0,22,24684,卖盘,603162,2025-10-17 22:49:35
10:25:29,11.22,0.0,50,56100,卖盘,603162,2025-10-17 22:49:35
10:25:31,11.22,0.0,12,13352,卖盘,603162,2025-10-17 22:49:35
10:25:35,11.22,0.0,11,12342,卖盘,603162,2025-10-17 22:49:35
10:25:41,11.22,0.0,1,1122,卖盘,603162,2025-10-17 22:49:35
10:25:52,11.22,0.0,30,33660,卖盘,603162,2025-10-17 22:49:35
10:25:56,11.22,0.0,41,46002,卖盘,603162,2025-10-17 22:49:35
10:25:58,11.22,0.0,5,5610,卖盘,603162,2025-10-17 22:49:35
10:26:08,11.22,0.0,11,12342,卖盘,603162,2025-10-17 22:49:35
10:26:10,11.22,0.0,25,28050,卖盘,603162,2025-10-17 22:49:35
10:26:20,11.22,0.0,40,44880,卖盘,603162,2025-10-17 22:49:35
10:26:26,11.22,0.0,22,24684,卖盘,603162,2025-10-17 22:49:35
10:26:28,11.22,0.0,50,56100,卖盘,603162,2025-10-17 22:49:35
10:26:34,11.22,0.0,4,4488,卖盘,603162,2025-10-17 22:49:35
10:26:47,11.22,0.0,16,17952,卖盘,603162,2025-10-17 22:49:35
10:27:01,11.22,0.0,1,1122,卖盘,603162,2025-10-17 22:49:35
10:27:19,11.22,0.0,2,2244,卖盘,603162,2025-10-17 22:49:35
10:27:35,11.22,0.0,5,5610,卖盘,603162,2025-10-17 22:49:35
10:27:40,11.22,0.0,4,4488,卖盘,603162,2025-10-17 22:49:35
10:27:46,11.22,0.0,9,10098,卖盘,603162,2025-10-17 22:49:35
10:27:59,11.22,0.0,1,1122,卖盘,603162,2025-10-17 22:49:35
10:28:11,11.22,0.0,2,2244,卖盘,603162,2025-10-17 22:49:35
10:28:25,11.22,0.0,20,22440,卖盘,603162,2025-10-17 22:49:35
10:28:32,11.22,0.0,2,2244,卖盘,603162,2025-10-17 22:49:35
10:28:40,11.22,0.0,9,10098,卖盘,603162,2025-10-17 22:49:35
10:28:43,11.22,0.0,3,3366,卖盘,603162,2025-10-17 22:49:35
10:28:50,11.22,0.0,10,11220,卖盘,603162,2025-10-17 22:49:35
10:28:52,11.22,0.0,5,5610,卖盘,603162,2025-10-17 22:49:35
10:29:25,11.22,0.0,4,4488,卖盘,603162,2025-10-17 22:49:35
10:29:53,11.22,0.0,4,4488,卖盘,603162,2025-10-17 22:49:35
10:30:02,11.22,0.0,1582,1775004,卖盘,603162,2025-10-17 22:49:35
10:30:05,11.22,0.0,5,5610,卖盘,603162,2025-10-17 22:49:35
10:30:08,11.22,0.0,11,12342,卖盘,603162,2025-10-17 22:49:35
10:30:16,11.22,0.0,2,2244,卖盘,603162,2025-10-17 22:49:35
10:30:25,11.22,0.0,7,7854,卖盘,603162,2025-10-17 22:49:35
10:30:28,11.22,0.0,22,24684,卖盘,603162,2025-10-17 22:49:35
10:30:32,11.22,0.0,1,1122,卖盘,603162,2025-10-17 22:49:35
10:30:35,11.22,0.0,30,33660,卖盘,603162,2025-10-17 22:49:35
10:30:58,11.22,0.0,83,93137,卖盘,603162,2025-10-17 22:49:35
10:31:04,11.22,0.0,2,2244,卖盘,603162,2025-10-17 22:49:35
10:31:08,11.22,0.0,20,22440,卖盘,603162,2025-10-17 22:49:35
10:31:14,11.22,0.0,1,1122,卖盘,603162,2025-10-17 22:49:35
10:31:20,11.22,0.0,191,214302,卖盘,603162,2025-10-17 22:49:35
10:31:26,11.22,0.0,50,56100,卖盘,603162,2025-10-17 22:49:35
10:31:35,11.22,0.0,2,2244,卖盘,603162,2025-10-17 22:49:35
10:31:56,11.22,0.0,15,16830,卖盘,603162,2025-10-17 22:49:35
10:31:58,11.22,0.0,5,5610,卖盘,603162,2025-10-17 22:49:35
10:32:40,11.22,0.0,2,2244,卖盘,603162,2025-10-17 22:49:35
10:32:43,11.22,0.0,5,5610,卖盘,603162,2025-10-17 22:49:35
10:32:50,11.22,0.0,40,44880,卖盘,603162,2025-10-17 22:49:35
10:33:13,11.22,0.0,2,1907,卖盘,603162,2025-10-17 22:49:35
10:33:20,11.22,0.0,1,1122,卖盘,603162,2025-10-17 22:49:35
10:33:38,11.22,0.0,2,2244,卖盘,603162,2025-10-17 22:49:35
10:33:44,11.22,0.0,20,22440,卖盘,603162,2025-10-17 22:49:35
10:34:13,11.22,0.0,40,44880,卖盘,603162,2025-10-17 22:49:35
10:34:17,11.22,0.0,5,5835,卖盘,603162,2025-10-17 22:49:35
10:34:22,11.22,0.0,2,2244,卖盘,603162,2025-10-17 22:49:35
10:34:31,11.22,0.0,190,213180,卖盘,603162,2025-10-17 22:49:35
10:34:53,11.22,0.0,1,1122,卖盘,603162,2025-10-17 22:49:35
10:35:01,11.22,0.0,5,5610,卖盘,603162,2025-10-17 22:49:35
10:35:04,11.22,0.0,24,26827,卖盘,603162,2025-10-17 22:49:35
10:35:25,11.22,0.0,6,6732,卖盘,603162,2025-10-17 22:49:35
10:35:35,11.22,0.0,15,16830,卖盘,603162,2025-10-17 22:49:35
10:35:37,11.22,0.0,1,1122,卖盘,603162,2025-10-17 22:49:35
10:35:41,11.22,0.0,5,5610,卖盘,603162,2025-10-17 22:49:35
10:35:47,11.22,0.0,14,15708,卖盘,603162,2025-10-17 22:49:35
10:35:49,11.22,0.0,15,16830,卖盘,603162,2025-10-17 22:49:35
10:35:59,11.22,0.0,4,4488,卖盘,603162,2025-10-17 22:49:35
10:36:08,11.22,0.0,12,13464,卖盘,603162,2025-10-17 22:49:35
10:36:19,11.22,0.0,21,23562,卖盘,603162,2025-10-17 22:49:35
10:36:34,11.22,0.0,2,2244,卖盘,603162,2025-10-17 22:49:35
10:36:41,11.22,0.0,2,2244,卖盘,603162,2025-10-17 22:49:35
10:36:53,11.22,0.0,1,1346,卖盘,603162,2025-10-17 22:49:35
10:36:58,11.22,0.0,27,30294,卖盘,603162,2025-10-17 22:49:35
10:37:02,11.22,0.0,6,6732,卖盘,603162,2025-10-17 22:49:35
10:37:14,11.22,0.0,2,2244,卖盘,603162,2025-10-17 22:49:35
10:37:19,11.22,0.0,10,11220,卖盘,603162,2025-10-17 22:49:35
10:37:26,11.22,0.0,194,217668,卖盘,603162,2025-10-17 22:49:35
10:37:29,11.22,0.0,60,66871,卖盘,603162,2025-10-17 22:49:35
10:37:35,11.22,0.0,10,11220,卖盘,603162,2025-10-17 22:49:35
10:37:50,11.22,0.0,2,2244,卖盘,603162,2025-10-17 22:49:35
10:37:53,11.22,0.0,1,1122,卖盘,603162,2025-10-17 22:49:35
10:38:01,11.22,0.0,40,44880,卖盘,603162,2025-10-17 22:49:35
10:38:08,11.22,0.0,30,33660,卖盘,603162,2025-10-17 22:49:35
10:38:20,11.22,0.0,5,5610,卖盘,603162,2025-10-17 22:49:35
10:38:23,11.22,0.0,10,11220,卖盘,603162,2025-10-17 22:49:35
10:38:25,11.22,0.0,2,2244,卖盘,603162,2025-10-17 22:49:35
10:38:41,11.22,0.0,2,2244,卖盘,603162,2025-10-17 22:49:35
10:39:14,11.22,0.0,1,1122,卖盘,603162,2025-10-17 22:49:35
10:39:20,11.22,0.0,33,36914,卖盘,603162,2025-10-17 22:49:35
10:40:01,11.22,0.0,6,6732,卖盘,603162,2025-10-17 22:49:35
10:40:04,11.22,0.0,100,112200,卖盘,603162,2025-10-17 22:49:35
10:40:14,11.22,0.0,2,2244,卖盘,603162,2025-10-17 22:49:35
10:40:17,11.22,0.0,3,3366,卖盘,603162,2025-10-17 22:49:35
10:40:26,11.22,0.0,1,1122,卖盘,603162,2025-10-17 22:49:35
10:40:32,11.22,0.0,8,8976,卖盘,603162,2025-10-17 22:49:35
10:40:37,11.22,0.0,2,2244,卖盘,603162,2025-10-17 22:49:35
10:40:50,11.22,0.0,10,11220,卖盘,603162,2025-10-17 22:49:35
10:41:08,11.22,0.0,30,33660,卖盘,603162,2025-10-17 22:49:35
10:41:14,11.22,0.0,15,16830,卖盘,603162,2025-10-17 22:49:35
10:41:20,11.22,0.0,2,2244,卖盘,603162,2025-10-17 22:49:35
10:41:34,11.22,0.0,6,6732,卖盘,603162,2025-10-17 22:49:35
10:41:50,11.22,0.0,30,33660,卖盘,603162,2025-10-17 22:49:35
10:42:08,11.22,0.0,13,14586,卖盘,603162,2025-10-17 22:49:35
10:42:11,11.22,0.0,40,44768,卖盘,603162,2025-10-17 22:49:35
10:42:19,11.22,0.0,5,5610,卖盘,603162,2025-10-17 22:49:35
10:42:29,11.22,0.0,5,5610,卖盘,603162,2025-10-17 22:49:35
10:42:41,11.22,0.0,216,242352,卖盘,603162,2025-10-17 22:49:35
10:42:47,11.22,0.0,22,24684,卖盘,603162,2025-10-17 22:49:35
10:42:50,11.22,0.0,11,12342,卖盘,603162,2025-10-17 22:49:35
10:43:02,11.22,0.0,296,332471,卖盘,603162,2025-10-17 22:49:35
10:43:25,11.22,0.0,23,25806,卖盘,603162,2025-10-17 22:49:35
10:43:34,11.22,0.0,89,99757,卖盘,603162,2025-10-17 22:49:35
10:43:44,11.22,0.0,30,33660,卖盘,603162,2025-10-17 22:49:35
10:44:07,11.22,0.0,73,81906,卖盘,603162,2025-10-17 22:49:35
10:44:31,11.22,0.0,30,33211,卖盘,603162,2025-10-17 22:49:35
10:44:35,11.22,0.0,2,2244,卖盘,603162,2025-10-17 22:49:35
10:44:41,11.22,0.0,10,11220,卖盘,603162,2025-10-17 22:49:35
10:44:56,11.22,0.0,51,57222,卖盘,603162,2025-10-17 22:49:35
10:45:05,11.22,0.0,194,217668,卖盘,603162,2025-10-17 22:49:35
10:45:11,11.22,0.0,5,5610,卖盘,603162,2025-10-17 22:49:35
10:45:32,11.22,0.0,64,71808,卖盘,603162,2025-10-17 22:49:35
10:45:56,11.22,0.0,1,1122,卖盘,603162,2025-10-17 22:49:35
10:46:10,11.22,0.0,10,11220,卖盘,603162,2025-10-17 22:49:35
10:46:19,11.22,0.0,1,1122,卖盘,603162,2025-10-17 22:49:35
10:46:43,11.22,0.0,13,14586,卖盘,603162,2025-10-17 22:49:35
10:46:47,11.22,0.0,8,8617,卖盘,603162,2025-10-17 22:49:35
10:47:08,11.22,0.0,2,2244,卖盘,603162,2025-10-17 22:49:35
10:47:14,11.22,0.0,9,10098,卖盘,603162,2025-10-17 22:49:35
10:47:17,11.22,0.0,1,1122,卖盘,603162,2025-10-17 22:49:35
10:47:20,11.22,0.0,5,5610,卖盘,603162,2025-10-17 22:49:35
10:47:37,11.22,0.0,5,5610,卖盘,603162,2025-10-17 22:49:35
10:47:53,11.22,0.0,106,119269,卖盘,603162,2025-10-17 22:49:35
10:47:56,11.22,0.0,47,52734,卖盘,603162,2025-10-17 22:49:35
10:47:59,11.22,0.0,1,1122,卖盘,603162,2025-10-17 22:49:35
10:48:02,11.22,0.0,4,4488,卖盘,603162,2025-10-17 22:49:35
10:48:29,11.22,0.0,12,13464,卖盘,603162,2025-10-17 22:49:35
10:48:43,11.22,0.0,10,11220,卖盘,603162,2025-10-17 22:49:35
10:48:47,11.22,0.0,2,2244,卖盘,603162,2025-10-17 22:49:35
10:48:53,11.22,0.0,20,22440,卖盘,603162,2025-10-17 22:49:35
10:49:14,11.22,0.0,10,11220,卖盘,603162,2025-10-17 22:49:35
10:49:26,11.22,0.0,1,1122,卖盘,603162,2025-10-17 22:49:35
10:49:44,11.22,0.0,20,22440,卖盘,603162,2025-10-17 22:49:35
10:49:50,11.22,0.0,10,11220,卖盘,603162,2025-10-17 22:49:35
10:49:59,11.22,0.0,10,11220,卖盘,603162,2025-10-17 22:49:35
10:50:02,11.22,0.0,3,3366,卖盘,603162,2025-10-17 22:49:35
10:50:08,11.22,0.0,100,112200,卖盘,603162,2025-10-17 22:49:35
10:50:11,11.22,0.0,1,1122,卖盘,603162,2025-10-17 22:49:35
10:50:44,11.22,0.0,29,32538,卖盘,603162,2025-10-17 22:49:35
10:51:11,11.22,0.0,10,11220,卖盘,603162,2025-10-17 22:49:35
10:51:25,11.22,0.0,3,3366,卖盘,603162,2025-10-17 22:49:35
10:51:50,11.22,0.0,6,7270,卖盘,603162,2025-10-17 22:49:35
10:51:58,11.22,0.0,8,8887,卖盘,603162,2025-10-17 22:49:35
10:52:19,11.22,0.0,1,1122,卖盘,603162,2025-10-17 22:49:35
10:52:40,11.22,0.0,5,5610,卖盘,603162,2025-10-17 22:49:35
10:52:44,11.22,0.0,3,3366,卖盘,603162,2025-10-17 22:49:35
10:52:53,11.22,0.0,1,1122,卖盘,603162,2025-10-17 22:49:35
10:52:59,11.22,0.0,4,4488,卖盘,603162,2025-10-17 22:49:35
10:53:05,11.22,0.0,5,5610,卖盘,603162,2025-10-17 22:49:35
10:53:20,11.22,0.0,1,1122,卖盘,603162,2025-10-17 22:49:35
10:53:23,11.22,0.0,1,1122,卖盘,603162,2025-10-17 22:49:35
10:53:32,11.22,0.0,8,8976,卖盘,603162,2025-10-17 22:49:35
10:53:41,11.22,0.0,104,116587,卖盘,603162,2025-10-17 22:49:35
10:53:44,11.22,0.0,37,41514,卖盘,603162,2025-10-17 22:49:35
10:53:56,11.22,0.0,32,35791,卖盘,603162,2025-10-17 22:49:35
10:53:58,11.22,0.0,25,28050,卖盘,603162,2025-10-17 22:49:35
10:54:02,11.22,0.0,19,21318,卖盘,603162,2025-10-17 22:49:35
10:54:32,11.22,0.0,40,44880,卖盘,603162,2025-10-17 22:49:35
10:54:43,11.22,0.0,9,10098,卖盘,603162,2025-10-17 22:49:35
10:54:59,11.22,0.0,17,19074,卖盘,603162,2025-10-17 22:49:35
10:55:20,11.22,0.0,160,179520,卖盘,603162,2025-10-17 22:49:35
10:55:28,11.22,0.0,1,1122,卖盘,603162,2025-10-17 22:49:35
10:55:47,11.22,0.0,5,5610,卖盘,603162,2025-10-17 22:49:35
10:56:02,11.22,0.0,10,11220,卖盘,603162,2025-10-17 22:49:35
10:56:13,11.22,0.0,2,2244,卖盘,603162,2025-10-17 22:49:35
10:56:28,11.22,0.0,8,8976,卖盘,603162,2025-10-17 22:49:35
10:56:32,11.22,0.0,10,11220,卖盘,603162,2025-10-17 22:49:35
10:56:56,11.22,0.0,5,5610,卖盘,603162,2025-10-17 22:49:35
10:56:59,11.22,0.0,0,427,卖盘,603162,2025-10-17 22:49:35
10:57:08,11.22,0.0,1,1122,卖盘,603162,2025-10-17 22:49:35
10:57:11,11.22,0.0,2,2244,卖盘,603162,2025-10-17 22:49:35
10:57:14,11.22,0.0,47,52734,卖盘,603162,2025-10-17 22:49:35
10:57:20,11.22,0.0,1,1122,卖盘,603162,2025-10-17 22:49:35
10:57:37,11.22,0.0,1,1122,卖盘,603162,2025-10-17 22:49:35
10:57:44,11.22,0.0,6,6732,卖盘,603162,2025-10-17 22:49:35
10:58:02,11.22,0.0,4,4488,卖盘,603162,2025-10-17 22:49:35
10:58:04,11.22,0.0,51,57222,卖盘,603162,2025-10-17 22:49:35
10:58:07,11.22,0.0,20,22440,卖盘,603162,2025-10-17 22:49:35
10:58:29,11.22,0.0,50,56100,卖盘,603162,2025-10-17 22:49:35
10:58:34,11.22,0.0,5,5610,卖盘,603162,2025-10-17 22:49:35
10:58:38,11.22,0.0,3,3366,卖盘,603162,2025-10-17 22:49:35
10:58:47,11.22,0.0,10,11220,卖盘,603162,2025-10-17 22:49:35
10:58:53,11.22,0.0,15,16830,卖盘,603162,2025-10-17 22:49:35
10:59:32,11.22,0.0,1,1122,卖盘,603162,2025-10-17 22:49:35
10:59:46,11.22,0.0,5,5610,卖盘,603162,2025-10-17 22:49:35
10:59:53,11.22,0.0,15,16830,卖盘,603162,2025-10-17 22:49:35
11:00:11,11.22,0.0,1,1122,卖盘,603162,2025-10-17 22:49:35
11:00:26,11.22,0.0,19,21318,卖盘,603162,2025-10-17 22:49:35
11:00:32,11.22,0.0,152,170544,卖盘,603162,2025-10-17 22:49:35
11:00:38,11.22,0.0,3,3366,卖盘,603162,2025-10-17 22:49:35
11:00:41,11.22,0.0,3,3366,卖盘,603162,2025-10-17 22:49:35
11:00:56,11.22,0.0,10,11220,卖盘,603162,2025-10-17 22:49:35
11:01:08,11.22,0.0,20,22440,卖盘,603162,2025-10-17 22:49:35
11:01:14,11.22,0.0,1,1122,卖盘,603162,2025-10-17 22:49:35
11:01:35,11.22,0.0,1,1122,卖盘,603162,2025-10-17 22:49:35
11:01:38,11.22,0.0,4,4488,卖盘,603162,2025-10-17 22:49:35
11:01:41,11.22,0.0,14,15708,卖盘,603162,2025-10-17 22:49:35
11:01:44,11.22,0.0,10,11220,卖盘,603162,2025-10-17 22:49:35
11:01:50,11.22,0.0,30,33660,卖盘,603162,2025-10-17 22:49:35
11:01:59,11.22,0.0,30,33660,卖盘,603162,2025-10-17 22:49:35
11:02:50,11.22,0.0,3,3366,卖盘,603162,2025-10-17 22:49:35
11:02:56,11.22,0.0,2,2244,卖盘,603162,2025-10-17 22:49:35
11:02:59,11.22,0.0,10,11220,卖盘,603162,2025-10-17 22:49:35
11:03:16,11.22,0.0,5,5610,卖盘,603162,2025-10-17 22:49:35
11:03:19,11.22,0.0,7,7854,卖盘,603162,2025-10-17 22:49:35
11:03:44,11.22,0.0,1,1122,卖盘,603162,2025-10-17 22:49:35
11:04:32,11.22,0.0,1,1122,卖盘,603162,2025-10-17 22:49:35
11:04:38,11.22,0.0,2,2244,卖盘,603162,2025-10-17 22:49:35
11:04:47,11.22,0.0,2,2244,卖盘,603162,2025-10-17 22:49:35
11:05:29,11.22,0.0,2,2244,卖盘,603162,2025-10-17 22:49:35
11:05:32,11.22,0.0,59,66198,卖盘,603162,2025-10-17 22:49:35
11:05:35,11.22,0.0,2,2244,卖盘,603162,2025-10-17 22:49:35
11:05:43,11.22,0.0,20,22440,卖盘,603162,2025-10-17 22:49:35
11:06:08,11.22,0.0,5,5610,卖盘,603162,2025-10-17 22:49:35
11:06:13,11.22,0.0,1,1122,卖盘,603162,2025-10-17 22:49:35
11:06:20,11.22,0.0,1,1122,卖盘,603162,2025-10-17 22:49:35
11:06:29,11.22,0.0,2,2244,卖盘,603162,2025-10-17 22:49:35
11:06:35,11.22,0.0,10,11220,卖盘,603162,2025-10-17 22:49:35
11:06:50,11.22,0.0,6,6732,卖盘,603162,2025-10-17 22:49:35
11:06:53,11.22,0.0,4,4488,卖盘,603162,2025-10-17 22:49:35
11:07:07,11.22,0.0,2,2244,卖盘,603162,2025-10-17 22:49:35
11:07:52,11.22,0.0,1,1122,卖盘,603162,2025-10-17 22:49:35
11:07:56,11.22,0.0,2,2064,卖盘,603162,2025-10-17 22:49:35
11:08:04,11.22,0.0,7,7854,卖盘,603162,2025-10-17 22:49:35
11:08:10,11.22,0.0,2,2244,卖盘,603162,2025-10-17 22:49:35
11:08:16,11.22,0.0,2,2244,卖盘,603162,2025-10-17 22:49:35
11:08:43,11.22,0.0,2,2244,卖盘,603162,2025-10-17 22:49:35
11:08:50,11.22,0.0,3,3366,卖盘,603162,2025-10-17 22:49:35
11:09:08,11.22,0.0,1,1122,卖盘,603162,2025-10-17 22:49:35
11:09:40,11.22,0.0,10,11220,卖盘,603162,2025-10-17 22:49:35
11:09:43,11.22,0.0,1,1122,卖盘,603162,2025-10-17 22:49:35
11:10:04,11.22,0.0,1,1122,卖盘,603162,2025-10-17 22:49:35
11:10:53,11.22,0.0,25,27601,卖盘,603162,2025-10-17 22:49:35
11:11:25,11.22,0.0,41,46002,卖盘,603162,2025-10-17 22:49:35
11:11:38,11.22,0.0,1,1122,卖盘,603162,2025-10-17 22:49:35
11:11:50,11.22,0.0,3,3366,卖盘,603162,2025-10-17 22:49:35
11:11:56,11.22,0.0,10,11220,卖盘,603162,2025-10-17 22:49:35
11:12:01,11.22,0.0,6,6732,卖盘,603162,2025-10-17 22:49:35
11:12:08,11.22,0.0,6705,7523010,卖盘,603162,2025-10-17 22:49:35
11:12:23,11.22,0.0,11,12342,卖盘,603162,2025-10-17 22:49:35
11:12:40,11.22,0.0,1,1122,卖盘,603162,2025-10-17 22:49:35
11:12:49,11.22,0.0,1,1122,卖盘,603162,2025-10-17 22:49:35
11:12:52,11.22,0.0,12,13464,卖盘,603162,2025-10-17 22:49:35
11:13:20,11.22,0.0,5,5610,卖盘,603162,2025-10-17 22:49:35
11:13:25,11.22,0.0,2,2244,卖盘,603162,2025-10-17 22:49:35
11:13:28,11.22,0.0,37,41514,卖盘,603162,2025-10-17 22:49:35
11:14:01,11.22,0.0,0,247,卖盘,603162,2025-10-17 22:49:35
11:14:04,11.22,0.0,27,30294,卖盘,603162,2025-10-17 22:49:35
11:14:17,11.22,0.0,22,24684,卖盘,603162,2025-10-17 22:49:35
11:14:31,11.22,0.0,1,1122,卖盘,603162,2025-10-17 22:49:35
11:14:41,11.22,0.0,11,12342,卖盘,603162,2025-10-17 22:49:35
11:15:05,11.22,0.0,1,1122,卖盘,603162,2025-10-17 22:49:35
11:15:08,11.22,0.0,30,33660,卖盘,603162,2025-10-17 22:49:35
11:15:41,11.22,0.0,30,33660,卖盘,603162,2025-10-17 22:49:35
11:15:47,11.22,0.0,23,25806,卖盘,603162,2025-10-17 22:49:35
11:16:19,11.22,0.0,9,10098,卖盘,603162,2025-10-17 22:49:35
11:16:44,11.22,0.0,20,22440,卖盘,603162,2025-10-17 22:49:35
11:16:52,11.22,0.0,50,56100,卖盘,603162,2025-10-17 22:49:35
11:17:29,11.22,0.0,13,14586,卖盘,603162,2025-10-17 22:49:35
11:17:34,11.22,0.0,1,1122,卖盘,603162,2025-10-17 22:49:35
11:17:37,11.22,0.0,1,1122,卖盘,603162,2025-10-17 22:49:35
11:18:44,11.22,0.0,5,5610,卖盘,603162,2025-10-17 22:49:35
11:18:47,11.22,0.0,1,1122,卖盘,603162,2025-10-17 22:49:35
11:19:04,11.22,0.0,2,2244,卖盘,603162,2025-10-17 22:49:35
11:19:17,11.22,0.0,1,1122,卖盘,603162,2025-10-17 22:49:35
11:19:23,11.22,0.0,3,3164,卖盘,603162,2025-10-17 22:49:35
11:19:26,11.22,0.0,2020,2266440,卖盘,603162,2025-10-17 22:49:35
11:19:32,11.22,0.0,2,2244,卖盘,603162,2025-10-17 22:49:35
11:19:38,11.22,0.0,15,16830,卖盘,603162,2025-10-17 22:49:35
11:19:44,11.22,0.0,571,640662,卖盘,603162,2025-10-17 22:49:35
11:19:46,11.22,0.0,77,86394,卖盘,603162,2025-10-17 22:49:35
11:19:53,11.22,0.0,2,2244,卖盘,603162,2025-10-17 22:49:35
11:20:14,11.22,0.0,2,2244,卖盘,603162,2025-10-17 22:49:35
11:20:25,11.22,0.0,20,22440,卖盘,603162,2025-10-17 22:49:35
11:20:34,11.22,0.0,45,50490,卖盘,603162,2025-10-17 22:49:35
11:20:41,11.22,0.0,26,29172,卖盘,603162,2025-10-17 22:49:35
11:20:50,11.22,0.0,15,16830,卖盘,603162,2025-10-17 22:49:35
11:20:53,11.22,0.0,2,2244,卖盘,603162,2025-10-17 22:49:35
11:21:38,11.22,0.0,2,2132,卖盘,603162,2025-10-17 22:49:35
11:22:04,11.22,0.0,3,3209,卖盘,603162,2025-10-17 22:49:35
11:22:07,11.22,0.0,10,11220,卖盘,603162,2025-10-17 22:49:35
11:22:11,11.22,0.0,2,2244,卖盘,603162,2025-10-17 22:49:35
11:22:14,11.22,0.0,1,1122,卖盘,603162,2025-10-17 22:49:35
11:22:19,11.22,0.0,2,2244,卖盘,603162,2025-10-17 22:49:35
11:22:22,11.22,0.0,330,370260,卖盘,603162,2025-10-17 22:49:35
11:22:32,11.22,0.0,6,6732,卖盘,603162,2025-10-17 22:49:35
11:22:35,11.22,0.0,135,151470,卖盘,603162,2025-10-17 22:49:35
11:22:53,11.22,0.0,2,2244,卖盘,603162,2025-10-17 22:49:35
11:23:25,11.22,0.0,2,2244,卖盘,603162,2025-10-17 22:49:35
11:23:28,11.22,0.0,17,19074,卖盘,603162,2025-10-17 22:49:35
11:23:32,11.22,0.0,4,4488,卖盘,603162,2025-10-17 22:49:35
11:23:56,11.22,0.0,1,1122,卖盘,603162,2025-10-17 22:49:35
11:24:11,11.22,0.0,2,2244,卖盘,603162,2025-10-17 22:49:35
11:24:25,11.22,0.0,1,1122,卖盘,603162,2025-10-17 22:49:35
11:24:41,11.22,0.0,2,2244,卖盘,603162,2025-10-17 22:49:35
11:24:49,11.22,0.0,6,6732,卖盘,603162,2025-10-17 22:49:35
11:24:53,11.22,0.0,1,1122,卖盘,603162,2025-10-17 22:49:35
11:24:56,11.22,0.0,4,4488,卖盘,603162,2025-10-17 22:49:35
11:25:08,11.22,0.0,1,1122,卖盘,603162,2025-10-17 22:49:35
11:25:29,11.22,0.0,77,86170,卖盘,603162,2025-10-17 22:49:35
11:25:46,11.22,0.0,2,2244,卖盘,603162,2025-10-17 22:49:35
11:25:50,11.22,0.0,19,21587,卖盘,603162,2025-10-17 22:49:35
11:25:55,11.22,0.0,4,4488,卖盘,603162,2025-10-17 22:49:35
11:26:08,11.22,0.0,1,1122,卖盘,603162,2025-10-17 22:49:35
11:26:20,11.22,0.0,14,15708,卖盘,603162,2025-10-17 22:49:35
11:26:23,11.22,0.0,1,1122,卖盘,603162,2025-10-17 22:49:35
11:26:34,11.22,0.0,29,32538,卖盘,603162,2025-10-17 22:49:35
11:26:44,11.22,0.0,2,2244,卖盘,603162,2025-10-17 22:49:35
11:27:04,11.22,0.0,3,3366,卖盘,603162,2025-10-17 22:49:35
11:27:08,11.22,0.0,1,1122,卖盘,603162,2025-10-17 22:49:35
11:27:20,11.22,0.0,1,1122,卖盘,603162,2025-10-17 22:49:35
11:27:23,11.22,0.0,1,1122,卖盘,603162,2025-10-17 22:49:35
11:27:29,11.22,0.0,31,34782,卖盘,603162,2025-10-17 22:49:35
11:27:35,11.22,0.0,2,2244,卖盘,603162,2025-10-17 22:49:35
11:27:47,11.22,0.0,1,1122,卖盘,603162,2025-10-17 22:49:35
11:27:50,11.22,0.0,19,21318,卖盘,603162,2025-10-17 22:49:35
11:27:52,11.22,0.0,6,6732,卖盘,603162,2025-10-17 22:49:35
11:27:58,11.22,0.0,44,49368,卖盘,603162,2025-10-17 22:49:35
11:28:01,11.22,0.0,6,6732,卖盘,603162,2025-10-17 22:49:35
11:28:14,11.22,0.0,1,1122,卖盘,603162,2025-10-17 22:49:35
11:28:26,11.22,0.0,2,2244,卖盘,603162,2025-10-17 22:49:35
11:28:37,11.22,0.0,1,1122,卖盘,603162,2025-10-17 22:49:35
11:28:49,11.22,0.0,2,2244,卖盘,603162,2025-10-17 22:49:35
11:28:58,11.22,0.0,30,33660,卖盘,603162,2025-10-17 22:49:35
11:29:26,11.22,0.0,9,10322,卖盘,603162,2025-10-17 22:49:35
11:29:32,11.22,0.0,5,5610,卖盘,603162,2025-10-17 22:49:35
11:29:53,11.22,0.0,15,16830,卖盘,603162,2025-10-17 22:49:35
11:30:01,11.22,0.0,1,1122,卖盘,603162,2025-10-17 22:49:35
13:00:02,11.22,0.0,32,35904,卖盘,603162,2025-10-17 22:49:35
13:00:05,11.22,0.0,658,738680,卖盘,603162,2025-10-17 22:49:35
13:00:08,11.22,0.0,669,750282,卖盘,603162,2025-10-17 22:49:35
13:00:11,11.22,0.0,346,387830,卖盘,603162,2025-10-17 22:49:35
13:00:13,11.22,0.0,261,292337,卖盘,603162,2025-10-17 22:49:35
13:00:19,11.22,0.0,1,1122,卖盘,603162,2025-10-17 22:49:35
13:00:32,11.22,0.0,3,3366,卖盘,603162,2025-10-17 22:49:35
13:00:40,11.22,0.0,549,615978,卖盘,603162,2025-10-17 22:49:35
13:00:53,11.22,0.0,12,13464,卖盘,603162,2025-10-17 22:49:35
13:00:56,11.22,0.0,404,453288,卖盘,603162,2025-10-17 22:49:35
13:01:11,11.22,0.0,15,16830,卖盘,603162,2025-10-17 22:49:35
13:01:19,11.22,0.0,53,59466,卖盘,603162,2025-10-17 22:49:35
13:01:23,11.22,0.0,11,12342,卖盘,603162,2025-10-17 22:49:35
13:01:29,11.22,0.0,13,14586,卖盘,603162,2025-10-17 22:49:35
13:01:31,11.22,0.0,4,4488,卖盘,603162,2025-10-17 22:49:35
13:01:44,11.22,0.0,10,11220,卖盘,603162,2025-10-17 22:49:35
13:01:46,11.22,0.0,903,1013166,卖盘,603162,2025-10-17 22:49:35
13:01:50,11.22,0.0,7,7854,卖盘,603162,2025-10-17 22:49:35
13:02:02,11.22,0.0,15,16696,卖盘,603162,2025-10-17 22:49:35
13:02:04,11.22,0.0,12,13464,卖盘,603162,2025-10-17 22:49:35
13:02:08,11.22,0.0,637,714714,卖盘,603162,2025-10-17 22:49:35
13:02:10,11.22,0.0,3,3366,卖盘,603162,2025-10-17 22:49:35
13:02:14,11.22,0.0,50,56100,卖盘,603162,2025-10-17 22:49:35
13:02:28,11.22,0.0,2,2244,卖盘,603162,2025-10-17 22:49:35
13:02:34,11.22,0.0,2,2244,卖盘,603162,2025-10-17 22:49:35
13:02:50,11.22,0.0,11,12342,卖盘,603162,2025-10-17 22:49:35
13:02:53,11.22,0.0,80,89760,卖盘,603162,2025-10-17 22:49:35
13:03:01,11.22,0.0,10,11220,卖盘,603162,2025-10-17 22:49:35
13:03:10,11.22,0.0,7,7674,卖盘,603162,2025-10-17 22:49:35
13:03:14,11.22,0.0,240,269280,卖盘,603162,2025-10-17 22:49:35
13:03:16,11.22,0.0,3,3366,卖盘,603162,2025-10-17 22:49:35
13:03:25,11.22,0.0,241,270402,卖盘,603162,2025-10-17 22:49:35
13:03:34,11.22,0.0,125,140250,卖盘,603162,2025-10-17 22:49:35
13:03:38,11.22,0.0,20,22440,卖盘,603162,2025-10-17 22:49:35
13:03:47,11.22,0.0,20,22440,卖盘,603162,2025-10-17 22:49:35
13:03:58,11.22,0.0,3,3366,卖盘,603162,2025-10-17 22:49:35
13:04:04,11.22,0.0,9,10098,卖盘,603162,2025-10-17 22:49:35
13:04:07,11.22,0.0,2,2244,卖盘,603162,2025-10-17 22:49:35
13:04:10,11.22,0.0,2,2244,卖盘,603162,2025-10-17 22:49:35
13:04:14,11.22,0.0,9,10098,卖盘,603162,2025-10-17 22:49:35
13:04:20,11.22,0.0,1,1122,卖盘,603162,2025-10-17 22:49:35
13:04:25,11.22,0.0,1,1122,卖盘,603162,2025-10-17 22:49:35
13:04:34,11.22,0.0,52,58793,卖盘,603162,2025-10-17 22:49:35
13:04:41,11.22,0.0,90,100868,卖盘,603162,2025-10-17 22:49:35
13:04:44,11.22,0.0,39,43758,卖盘,603162,2025-10-17 22:49:35
13:04:50,11.22,0.0,3,3366,卖盘,603162,2025-10-17 22:49:35
13:04:53,11.22,0.0,3,3366,卖盘,603162,2025-10-17 22:49:35
13:05:04,11.22,0.0,2,2244,卖盘,603162,2025-10-17 22:49:35
13:05:11,11.22,0.0,12,13464,卖盘,603162,2025-10-17 22:49:35
13:05:16,11.22,0.0,20,22440,卖盘,603162,2025-10-17 22:49:35
13:05:19,11.22,0.0,151,169422,卖盘,603162,2025-10-17 22:49:35
13:05:23,11.22,0.0,19,21318,卖盘,603162,2025-10-17 22:49:35
13:05:25,11.22,0.0,22,24684,卖盘,603162,2025-10-17 22:49:35
13:05:34,11.22,0.0,2,2244,卖盘,603162,2025-10-17 22:49:35
13:05:49,11.22,0.0,2,2244,卖盘,603162,2025-10-17 22:49:35
13:05:52,11.22,0.0,6,6732,卖盘,603162,2025-10-17 22:49:35
13:05:58,11.22,0.0,60,67320,卖盘,603162,2025-10-17 22:49:35
13:06:02,11.22,0.0,1,1122,卖盘,603162,2025-10-17 22:49:35
13:06:05,11.22,0.0,15,17278,卖盘,603162,2025-10-17 22:49:35
13:06:16,11.22,0.0,100,112313,卖盘,603162,2025-10-17 22:49:35
13:06:22,11.22,0.0,102,114444,卖盘,603162,2025-10-17 22:49:35
13:06:25,11.22,0.0,20,22440,卖盘,603162,2025-10-17 22:49:35
13:06:28,11.22,0.0,4,4488,卖盘,603162,2025-10-17 22:49:35
13:06:40,11.22,0.0,7,7753,卖盘,603162,2025-10-17 22:49:35
13:06:46,11.22,0.0,12,13464,卖盘,603162,2025-10-17 22:49:35
13:06:58,11.22,0.0,50,56100,卖盘,603162,2025-10-17 22:49:35
13:07:01,11.22,0.0,2,2244,卖盘,603162,2025-10-17 22:49:35
13:07:08,11.22,0.0,12,13464,卖盘,603162,2025-10-17 22:49:35
13:07:10,11.22,0.0,12,13464,卖盘,603162,2025-10-17 22:49:35
13:07:20,11.22,0.0,8,8976,卖盘,603162,2025-10-17 22:49:35
13:07:37,11.22,0.0,17,19074,卖盘,603162,2025-10-17 22:49:35
13:07:44,11.22,0.0,17,19074,卖盘,603162,2025-10-17 22:49:35
13:07:46,11.22,0.0,2,2244,卖盘,603162,2025-10-17 22:49:35
13:07:52,11.22,0.0,3,3366,卖盘,603162,2025-10-17 22:49:35
13:07:59,11.22,0.0,35,39270,卖盘,603162,2025-10-17 22:49:35
13:08:02,11.22,0.0,23,25806,卖盘,603162,2025-10-17 22:49:35
13:08:11,11.22,0.0,14,15708,卖盘,603162,2025-10-17 22:49:35
13:08:14,11.22,0.0,1,1122,卖盘,603162,2025-10-17 22:49:35
13:08:16,11.22,0.0,14,15708,卖盘,603162,2025-10-17 22:49:35
13:08:19,11.22,0.0,201,225522,卖盘,603162,2025-10-17 22:49:35
13:08:22,11.22,0.0,31,34782,卖盘,603162,2025-10-17 22:49:35
13:08:25,11.22,0.0,17,19074,卖盘,603162,2025-10-17 22:49:35
13:08:35,11.22,0.0,10,11220,卖盘,603162,2025-10-17 22:49:35
13:08:38,11.22,0.0,44,49368,卖盘,603162,2025-10-17 22:49:35
13:08:40,11.22,0.0,13,14586,卖盘,603162,2025-10-17 22:49:35
13:08:46,11.22,0.0,12,13464,卖盘,603162,2025-10-17 22:49:35
13:08:50,11.22,0.0,1,1122,卖盘,603162,2025-10-17 22:49:35
13:09:02,11.22,0.0,51,57222,卖盘,603162,2025-10-17 22:49:35
13:09:05,11.22,0.0,10,11220,卖盘,603162,2025-10-17 22:49:35
13:09:08,11.22,0.0,2,2244,卖盘,603162,2025-10-17 22:49:35
13:09:19,11.22,0.0,35,39270,卖盘,603162,2025-10-17 22:49:35
13:09:22,11.22,0.0,1,751,卖盘,603162,2025-10-17 22:49:35
13:09:29,11.22,0.0,10,11220,卖盘,603162,2025-10-17 22:49:35
13:09:38,11.22,0.0,4,4488,卖盘,603162,2025-10-17 22:49:35
13:09:50,11.22,0.0,30,33660,卖盘,603162,2025-10-17 22:49:35
13:09:55,11.22,0.0,122,136884,卖盘,603162,2025-10-17 22:49:35
13:09:58,11.22,0.0,1,1122,卖盘,603162,2025-10-17 22:49:35
13:10:02,11.22,0.0,5,5610,卖盘,603162,2025-10-17 22:49:35
13:10:07,11.22,0.0,130,145860,卖盘,603162,2025-10-17 22:49:35
13:10:11,11.22,0.0,12,13464,卖盘,603162,2025-10-17 22:49:35
13:10:14,11.22,0.0,8,8976,卖盘,603162,2025-10-17 22:49:35
13:10:17,11.22,0.0,50,56100,卖盘,603162,2025-10-17 22:49:35
13:10:23,11.22,0.0,41,46002,卖盘,603162,2025-10-17 22:49:35
13:10:25,11.22,0.0,30,33660,卖盘,603162,2025-10-17 22:49:35
13:10:29,11.22,0.0,57,63954,卖盘,603162,2025-10-17 22:49:35
13:10:32,11.22,0.0,36,40392,卖盘,603162,2025-10-17 22:49:35
13:10:49,11.22,0.0,10,11220,卖盘,603162,2025-10-17 22:49:35
13:11:10,11.22,0.0,10,11220,卖盘,603162,2025-10-17 22:49:35
13:11:16,11.22,0.0,11,12342,卖盘,603162,2025-10-17 22:49:35
13:11:19,11.22,0.0,3,3366,卖盘,603162,2025-10-17 22:49:35
13:11:34,11.22,0.0,10,11220,卖盘,603162,2025-10-17 22:49:35
13:11:38,11.22,0.0,2,2244,卖盘,603162,2025-10-17 22:49:35
13:11:44,11.22,0.0,5,5610,卖盘,603162,2025-10-17 22:49:35
13:11:47,11.22,0.0,83,93126,卖盘,603162,2025-10-17 22:49:35
13:11:50,11.22,0.0,3,3366,卖盘,603162,2025-10-17 22:49:35
13:11:58,11.22,0.0,210,235620,卖盘,603162,2025-10-17 22:49:35
13:12:01,11.22,0.0,23,25582,卖盘,603162,2025-10-17 22:49:35
13:12:11,11.22,0.0,4,4488,卖盘,603162,2025-10-17 22:49:35
13:12:20,11.22,0.0,1,1122,卖盘,603162,2025-10-17 22:49:35
13:12:25,11.22,0.0,4,4488,卖盘,603162,2025-10-17 22:49:35
13:12:31,11.22,0.0,11,12342,卖盘,603162,2025-10-17 22:49:35
13:12:35,11.22,0.0,31,34782,卖盘,603162,2025-10-17 22:49:35
13:12:41,11.22,0.0,15,16606,卖盘,603162,2025-10-17 22:49:35
13:12:43,11.22,0.0,1,1122,卖盘,603162,2025-10-17 22:49:35
13:12:46,11.22,0.0,4,4488,卖盘,603162,2025-10-17 22:49:35
13:12:49,11.22,0.0,921,1033362,卖盘,603162,2025-10-17 22:49:35
13:12:52,11.22,0.0,9,10098,卖盘,603162,2025-10-17 22:49:35
13:12:59,11.22,0.0,1,1122,卖盘,603162,2025-10-17 22:49:35
13:13:02,11.22,0.0,4,4488,卖盘,603162,2025-10-17 22:49:35
13:13:05,11.22,0.0,29,33076,卖盘,603162,2025-10-17 22:49:35
13:13:07,11.22,0.0,20,22440,卖盘,603162,2025-10-17 22:49:35
13:13:10,11.22,0.0,15,16830,卖盘,603162,2025-10-17 22:49:35
13:13:16,11.22,0.0,22,24684,卖盘,603162,2025-10-17 22:49:35
13:13:20,11.22,0.0,7,8303,卖盘,603162,2025-10-17 22:49:35
13:13:25,11.22,0.0,14,15708,卖盘,603162,2025-10-17 22:49:35
13:13:31,11.22,0.0,1,1122,卖盘,603162,2025-10-17 22:49:35
13:13:40,11.22,0.0,2,2244,卖盘,603162,2025-10-17 22:49:35
13:13:44,11.22,0.0,52,58344,卖盘,603162,2025-10-17 22:49:35
13:13:46,11.22,0.0,21,23562,卖盘,603162,2025-10-17 22:49:35
13:13:53,11.22,0.0,13,14911,卖盘,603162,2025-10-17 22:49:35
13:13:58,11.22,0.0,2,2244,卖盘,603162,2025-10-17 22:49:35
13:14:08,11.22,0.0,107,120054,卖盘,603162,2025-10-17 22:49:35
13:14:16,11.22,0.0,49,55192,卖盘,603162,2025-10-17 22:49:35
13:14:37,11.22,0.0,12,13464,卖盘,603162,2025-10-17 22:49:35
13:14:43,11.22,0.0,151,169422,卖盘,603162,2025-10-17 22:49:35
13:14:47,11.22,0.0,11,12342,卖盘,603162,2025-10-17 22:49:35
13:14:53,11.22,0.0,3,3366,卖盘,603162,2025-10-17 22:49:35
13:14:59,11.22,0.0,36,40392,卖盘,603162,2025-10-17 22:49:35
13:15:04,11.22,0.0,2,2244,卖盘,603162,2025-10-17 22:49:35
13:15:13,11.22,0.0,35,39270,卖盘,603162,2025-10-17 22:49:35
13:15:17,11.22,0.0,70,78540,卖盘,603162,2025-10-17 22:49:35
13:15:25,11.22,0.0,53,59466,卖盘,603162,2025-10-17 22:49:35
13:15:29,11.22,0.0,29,32538,卖盘,603162,2025-10-17 22:49:35
13:15:40,11.22,0.0,10,11220,卖盘,603162,2025-10-17 22:49:35
13:15:49,11.22,0.0,8,8976,卖盘,603162,2025-10-17 22:49:35
13:15:52,11.22,0.0,100,112200,卖盘,603162,2025-10-17 22:49:35
13:15:55,11.22,0.0,2,2244,卖盘,603162,2025-10-17 22:49:35
13:15:58,11.22,0.0,35,39270,卖盘,603162,2025-10-17 22:49:35
13:16:02,11.22,0.0,8,8976,卖盘,603162,2025-10-17 22:49:35
13:16:14,11.22,0.0,2,2244,卖盘,603162,2025-10-17 22:49:35
13:16:17,11.22,0.0,5,5610,卖盘,603162,2025-10-17 22:49:35
13:16:25,11.22,0.0,50,56100,卖盘,603162,2025-10-17 22:49:35
13:16:41,11.22,0.0,5,5610,卖盘,603162,2025-10-17 22:49:35
13:16:46,11.22,0.0,10,11220,卖盘,603162,2025-10-17 22:49:35
13:16:52,11.22,0.0,4,4488,卖盘,603162,2025-10-17 22:49:35
13:17:11,11.22,0.0,70,78540,卖盘,603162,2025-10-17 22:49:35
13:17:20,11.22,0.0,2,2244,卖盘,603162,2025-10-17 22:49:35
13:17:22,11.22,0.0,1,1122,卖盘,603162,2025-10-17 22:49:35
13:17:26,11.22,0.0,2,2244,卖盘,603162,2025-10-17 22:49:35
13:17:31,11.22,0.0,2,2244,卖盘,603162,2025-10-17 22:49:35
13:17:34,11.22,0.0,22,24684,卖盘,603162,2025-10-17 22:49:35
13:17:43,11.22,0.0,51,57222,卖盘,603162,2025-10-17 22:49:35
13:17:58,11.22,0.0,39,43758,卖盘,603162,2025-10-17 22:49:35
13:18:29,11.22,0.0,20,22440,卖盘,603162,2025-10-17 22:49:35
13:18:31,11.22,0.0,3,3590,卖盘,603162,2025-10-17 22:49:35
13:18:38,11.22,0.0,103,115566,卖盘,603162,2025-10-17 22:49:35
13:18:43,11.22,0.0,101,113322,卖盘,603162,2025-10-17 22:49:35
13:18:50,11.22,0.0,10,11220,卖盘,603162,2025-10-17 22:49:35
13:18:55,11.22,0.0,10,11220,卖盘,603162,2025-10-17 22:49:35
13:18:58,11.22,0.0,104,116688,卖盘,603162,2025-10-17 22:49:35
13:19:08,11.22,0.0,67,75174,卖盘,603162,2025-10-17 22:49:35
13:19:14,11.22,0.0,10,11220,卖盘,603162,2025-10-17 22:49:35
13:19:16,11.22,0.0,10,11220,卖盘,603162,2025-10-17 22:49:35
13:19:31,11.22,0.0,16,17952,卖盘,603162,2025-10-17 22:49:35
13:19:35,11.22,0.0,8,9335,卖盘,603162,2025-10-17 22:49:35
13:19:43,11.22,0.0,9,10098,卖盘,603162,2025-10-17 22:49:35
13:19:47,11.22,0.0,4,4488,卖盘,603162,2025-10-17 22:49:35
13:20:02,11.22,0.0,18,20196,卖盘,603162,2025-10-17 22:49:35
13:20:10,11.22,0.0,15,16830,卖盘,603162,2025-10-17 22:49:35
13:20:16,11.22,0.0,61,68442,卖盘,603162,2025-10-17 22:49:35
13:20:19,11.22,0.0,30,33660,卖盘,603162,2025-10-17 22:49:35
13:20:25,11.22,0.0,71,79662,卖盘,603162,2025-10-17 22:49:35
13:20:43,11.22,0.0,96,107712,卖盘,603162,2025-10-17 22:49:35
13:20:49,11.22,0.0,1,1122,卖盘,603162,2025-10-17 22:49:35
13:20:52,11.22,0.0,2,2244,卖盘,603162,2025-10-17 22:49:35
13:20:55,11.22,0.0,8,8976,卖盘,603162,2025-10-17 22:49:35
13:21:05,11.22,0.0,5,5610,卖盘,603162,2025-10-17 22:49:35
13:21:11,11.22,0.0,2,2244,卖盘,603162,2025-10-17 22:49:35
13:21:28,11.22,0.0,35,39270,卖盘,603162,2025-10-17 22:49:35
13:21:41,11.22,0.0,11,12241,卖盘,603162,2025-10-17 22:49:35
13:21:43,11.22,0.0,10,11220,卖盘,603162,2025-10-17 22:49:35
13:22:01,11.22,0.0,6,6732,卖盘,603162,2025-10-17 22:49:35
13:22:05,11.22,0.0,7,7674,卖盘,603162,2025-10-17 22:49:35
13:22:07,11.22,0.0,10,11220,卖盘,603162,2025-10-17 22:49:35
13:22:10,11.22,0.0,20,22440,卖盘,603162,2025-10-17 22:49:35
13:22:23,11.22,0.0,5,5610,卖盘,603162,2025-10-17 22:49:35
13:22:50,11.22,0.0,33,36892,卖盘,603162,2025-10-17 22:49:35
13:23:02,11.22,0.0,1005,1127610,卖盘,603162,2025-10-17 22:49:35
13:23:11,11.22,0.0,2,2244,卖盘,603162,2025-10-17 22:49:35
13:23:17,11.22,0.0,117,131274,卖盘,603162,2025-10-17 22:49:35
13:23:25,11.22,0.0,6,6732,卖盘,603162,2025-10-17 22:49:35
13:23:28,11.22,0.0,6,6732,卖盘,603162,2025-10-17 22:49:35
13:23:31,11.22,0.0,12,13464,卖盘,603162,2025-10-17 22:49:35
13:23:44,11.22,0.0,131,146982,卖盘,603162,2025-10-17 22:49:35
13:23:50,11.22,0.0,150,168300,卖盘,603162,2025-10-17 22:49:35
13:23:52,11.22,0.0,1,1122,卖盘,603162,2025-10-17 22:49:35
13:23:56,11.22,0.0,10,11220,卖盘,603162,2025-10-17 22:49:35
13:24:08,11.22,0.0,30,33660,卖盘,603162,2025-10-17 22:49:35
13:24:11,11.22,0.0,31,34782,卖盘,603162,2025-10-17 22:49:35
13:24:14,11.22,0.0,12,13464,卖盘,603162,2025-10-17 22:49:35
13:24:17,11.22,0.0,45,50490,卖盘,603162,2025-10-17 22:49:35
13:24:23,11.22,0.0,2,2244,卖盘,603162,2025-10-17 22:49:35
13:24:25,11.22,0.0,20,22440,卖盘,603162,2025-10-17 22:49:35
13:24:29,11.22,0.0,2,2244,卖盘,603162,2025-10-17 22:49:35
13:24:41,11.22,0.0,18,20196,卖盘,603162,2025-10-17 22:49:35
13:24:47,11.22,0.0,73,81906,卖盘,603162,2025-10-17 22:49:35
13:25:01,11.22,0.0,10,11220,卖盘,603162,2025-10-17 22:49:35
13:25:07,11.22,0.0,29,33076,卖盘,603162,2025-10-17 22:49:35
13:25:22,11.22,0.0,2,2244,卖盘,603162,2025-10-17 22:49:35
13:25:26,11.22,0.0,6,6732,卖盘,603162,2025-10-17 22:49:35
13:25:29,11.22,0.0,371,416161,卖盘,603162,2025-10-17 22:49:35
13:25:31,11.22,0.0,14,15708,卖盘,603162,2025-10-17 22:49:35
13:25:38,11.22,0.0,3,3366,卖盘,603162,2025-10-17 22:49:35
13:25:44,11.22,0.0,3,3366,卖盘,603162,2025-10-17 22:49:35
13:25:46,11.22,0.0,28,31416,卖盘,603162,2025-10-17 22:49:35
13:25:53,11.22,0.0,10,10816,卖盘,603162,2025-10-17 22:49:35
13:25:55,11.22,0.0,118,132396,卖盘,603162,2025-10-17 22:49:35
13:26:05,11.22,0.0,102,114444,卖盘,603162,2025-10-17 22:49:35
13:26:07,11.22,0.0,10,11220,卖盘,603162,2025-10-17 22:49:35
13:26:17,11.22,0.0,29,32538,卖盘,603162,2025-10-17 22:49:35
13:26:23,11.22,0.0,5,5610,卖盘,603162,2025-10-17 22:49:35
13:26:28,11.22,0.0,10,11220,卖盘,603162,2025-10-17 22:49:35
13:26:31,11.22,0.0,1,1122,卖盘,603162,2025-10-17 22:49:35
13:26:35,11.22,0.0,2,2244,卖盘,603162,2025-10-17 22:49:35
13:26:37,11.22,0.0,36,40392,卖盘,603162,2025-10-17 22:49:35
13:26:44,11.22,0.0,2,2244,卖盘,603162,2025-10-17 22:49:35
13:26:46,11.22,0.0,6,6732,卖盘,603162,2025-10-17 22:49:35
13:26:56,11.22,0.0,500,561000,卖盘,603162,2025-10-17 22:49:35
13:26:58,11.22,0.0,76,85272,卖盘,603162,2025-10-17 22:49:35
13:27:01,11.22,0.0,41,45666,卖盘,603162,2025-10-17 22:49:35
13:27:08,11.22,0.0,3,3366,卖盘,603162,2025-10-17 22:49:35
13:27:11,11.22,0.0,20,22440,卖盘,603162,2025-10-17 22:49:35
13:27:16,11.22,0.0,42,47012,卖盘,603162,2025-10-17 22:49:35
13:27:20,11.22,0.0,1,1122,卖盘,603162,2025-10-17 22:49:35
13:27:26,11.22,0.0,12,13228,卖盘,603162,2025-10-17 22:49:35
13:27:29,11.22,0.0,201,225410,卖盘,603162,2025-10-17 22:49:35
13:27:32,11.22,0.0,1,1122,卖盘,603162,2025-10-17 22:49:35
13:27:44,11.22,0.0,22,24583,卖盘,603162,2025-10-17 22:49:35
13:27:50,11.22,0.0,4,4488,卖盘,603162,2025-10-17 22:49:35
13:27:53,11.22,0.0,2,2244,卖盘,603162,2025-10-17 22:49:35
13:27:58,11.22,0.0,2,2244,卖盘,603162,2025-10-17 22:49:35
13:28:08,11.22,0.0,20,22440,卖盘,603162,2025-10-17 22:49:35
13:28:14,11.22,0.0,59,66198,卖盘,603162,2025-10-17 22:49:35
13:28:20,11.22,0.0,2,2244,卖盘,603162,2025-10-17 22:49:35
13:28:29,11.22,0.0,10,11220,卖盘,603162,2025-10-17 22:49:35
13:28:31,11.22,0.0,25,27938,卖盘,603162,2025-10-17 22:49:35
13:28:37,11.22,0.0,49,54978,卖盘,603162,2025-10-17 22:49:35
13:28:40,11.22,0.0,81,90882,卖盘,603162,2025-10-17 22:49:35
13:28:43,11.22,0.0,4,4936,卖盘,603162,2025-10-17 22:49:35
13:28:58,11.22,0.0,2,2244,卖盘,603162,2025-10-17 22:49:35
13:29:02,11.22,0.0,5,5610,卖盘,603162,2025-10-17 22:49:35
13:29:08,11.22,0.0,35,39270,卖盘,603162,2025-10-17 22:49:35
13:29:14,11.22,0.0,11,12342,卖盘,603162,2025-10-17 22:49:35
13:29:26,11.22,0.0,3,3366,卖盘,603162,2025-10-17 22:49:35
13:29:55,11.22,0.0,20,22440,卖盘,603162,2025-10-17 22:49:35
13:30:05,11.22,0.0,200,224400,卖盘,603162,2025-10-17 22:49:35
13:30:08,11.22,0.0,2,2244,卖盘,603162,2025-10-17 22:49:35
13:30:10,11.22,0.0,1,1122,卖盘,603162,2025-10-17 22:49:35
13:30:13,11.22,0.0,13,14586,卖盘,603162,2025-10-17 22:49:35
13:30:35,11.22,0.0,18,20196,卖盘,603162,2025-10-17 22:49:35
13:30:41,11.22,0.0,8,8842,卖盘,603162,2025-10-17 22:49:35
13:30:50,11.22,0.0,2,2244,卖盘,603162,2025-10-17 22:49:35
13:30:59,11.22,0.0,2,2244,卖盘,603162,2025-10-17 22:49:35
13:31:19,11.22,0.0,2,2244,卖盘,603162,2025-10-17 22:49:35
13:31:32,11.22,0.0,5,5610,卖盘,603162,2025-10-17 22:49:35
13:31:35,11.22,0.0,11,12342,卖盘,603162,2025-10-17 22:49:35
13:31:37,11.22,0.0,20,22440,卖盘,603162,2025-10-17 22:49:35
13:31:44,11.22,0.0,5,5610,卖盘,603162,2025-10-17 22:49:35
13:31:55,11.22,0.0,75,84150,卖盘,603162,2025-10-17 22:49:35
13:32:17,11.22,0.0,2,2244,卖盘,603162,2025-10-17 22:49:35
13:32:25,11.22,0.0,3,3366,卖盘,603162,2025-10-17 22:49:35
13:32:29,11.22,0.0,10,11220,卖盘,603162,2025-10-17 22:49:35
13:32:37,11.22,0.0,2,2244,卖盘,603162,2025-10-17 22:49:35
13:32:43,11.22,0.0,5,5610,卖盘,603162,2025-10-17 22:49:35
13:32:52,11.22,0.0,10,11220,卖盘,603162,2025-10-17 22:49:35
13:33:05,11.22,0.0,1,1122,卖盘,603162,2025-10-17 22:49:35
13:33:07,11.22,0.0,20,22440,卖盘,603162,2025-10-17 22:49:35
13:33:29,11.22,0.0,1,1122,卖盘,603162,2025-10-17 22:49:35
13:33:32,11.22,0.0,50,56100,卖盘,603162,2025-10-17 22:49:35
13:33:35,11.22,0.0,2,2244,卖盘,603162,2025-10-17 22:49:35
13:33:41,11.22,0.0,5,5610,卖盘,603162,2025-10-17 22:49:35
13:33:43,11.22,0.0,9,10053,卖盘,603162,2025-10-17 22:49:35
13:33:50,11.22,0.0,5,5610,卖盘,603162,2025-10-17 22:49:35
13:33:53,11.22,0.0,10,11220,卖盘,603162,2025-10-17 22:49:35
13:34:10,11.22,0.0,21,23562,卖盘,603162,2025-10-17 22:49:35
13:34:47,11.22,0.0,8,8976,卖盘,603162,2025-10-17 22:49:35
13:34:52,11.22,0.0,4,4488,卖盘,603162,2025-10-17 22:49:35
13:35:02,11.22,0.0,50,56100,卖盘,603162,2025-10-17 22:49:35
13:35:14,11.22,0.0,6,6732,卖盘,603162,2025-10-17 22:49:35
13:35:29,11.22,0.0,19,21318,卖盘,603162,2025-10-17 22:49:35
13:35:34,11.22,0.0,1,1122,卖盘,603162,2025-10-17 22:49:35
13:35:37,11.22,0.0,4,4488,卖盘,603162,2025-10-17 22:49:35
13:35:40,11.22,0.0,1,1122,卖盘,603162,2025-10-17 22:49:35
13:35:59,11.22,0.0,2,2244,卖盘,603162,2025-10-17 22:49:35
13:36:02,11.22,0.0,5,5610,卖盘,603162,2025-10-17 22:49:35
13:36:07,11.22,0.0,10,11220,卖盘,603162,2025-10-17 22:49:35
13:36:13,11.22,0.0,30,33660,卖盘,603162,2025-10-17 22:49:35
13:36:23,11.22,0.0,9,10592,卖盘,603162,2025-10-17 22:49:35
13:36:32,11.22,0.0,2,2244,卖盘,603162,2025-10-17 22:49:35
13:36:38,11.22,0.0,2,2244,卖盘,603162,2025-10-17 22:49:35
13:36:46,11.22,0.0,23,25806,卖盘,603162,2025-10-17 22:49:35
13:36:52,11.22,0.0,4,4981,卖盘,603162,2025-10-17 22:49:35
13:37:04,11.22,0.0,2,2244,卖盘,603162,2025-10-17 22:49:35
13:37:11,11.22,0.0,5,5610,卖盘,603162,2025-10-17 22:49:35
13:37:22,11.22,0.0,50,56100,卖盘,603162,2025-10-17 22:49:35
13:37:29,11.22,0.0,704,789888,卖盘,603162,2025-10-17 22:49:35
13:37:35,11.22,0.0,1,1122,卖盘,603162,2025-10-17 22:49:35
13:37:49,11.22,0.0,15,16830,卖盘,603162,2025-10-17 22:49:35
13:38:10,11.22,0.0,30,33660,卖盘,603162,2025-10-17 22:49:35
13:38:16,11.22,0.0,2,2244,卖盘,603162,2025-10-17 22:49:35
13:38:46,11.22,0.0,1,1122,卖盘,603162,2025-10-17 22:49:35
13:38:52,11.22,0.0,780,875160,卖盘,603162,2025-10-17 22:49:35
13:39:13,11.22,0.0,58,65076,卖盘,603162,2025-10-17 22:49:35
13:39:16,11.22,0.0,4,4488,卖盘,603162,2025-10-17 22:49:35
13:39:20,11.22,0.0,1,1122,卖盘,603162,2025-10-17 22:49:35
13:39:23,11.22,0.0,2,2244,卖盘,603162,2025-10-17 22:49:35
13:39:37,11.22,0.0,7,7854,卖盘,603162,2025-10-17 22:49:35
13:39:40,11.22,0.0,10,11220,卖盘,603162,2025-10-17 22:49:35
13:39:43,11.22,0.0,20,22440,卖盘,603162,2025-10-17 22:49:35
13:39:58,11.22,0.0,50,56100,卖盘,603162,2025-10-17 22:49:35
13:40:02,11.22,0.0,2,2244,卖盘,603162,2025-10-17 22:49:35
13:40:10,11.22,0.0,28,31416,卖盘,603162,2025-10-17 22:49:35
13:40:23,11.22,0.0,12,12971,卖盘,603162,2025-10-17 22:49:35
13:40:26,11.22,0.0,1,1122,卖盘,603162,2025-10-17 22:49:35
13:40:31,11.22,0.0,130,146084,卖盘,603162,2025-10-17 22:49:35
13:40:34,11.22,0.0,3,3366,卖盘,603162,2025-10-17 22:49:35
13:40:41,11.22,0.0,3,3366,卖盘,603162,2025-10-17 22:49:35
13:40:47,11.22,0.0,4,4488,卖盘,603162,2025-10-17 22:49:35
13:40:53,11.22,0.0,2515,2821830,卖盘,603162,2025-10-17 22:49:35
13:40:56,11.22,0.0,14,15708,卖盘,603162,2025-10-17 22:49:35
13:41:07,11.22,0.0,206,231132,卖盘,603162,2025-10-17 22:49:35
13:41:11,11.22,0.0,10,11220,卖盘,603162,2025-10-17 22:49:35
13:41:16,11.22,0.0,2381,2671482,卖盘,603162,2025-10-17 22:49:35
13:41:19,11.22,0.0,291,326390,卖盘,603162,2025-10-17 22:49:35
13:41:23,11.22,0.0,12,13464,卖盘,603162,2025-10-17 22:49:35
13:41:25,11.22,0.0,8,8976,卖盘,603162,2025-10-17 22:49:35
13:41:29,11.22,0.0,22,24572,卖盘,603162,2025-10-17 22:49:35
13:41:31,11.22,0.0,72,80784,卖盘,603162,2025-10-17 22:49:35
13:41:34,11.22,0.0,73,81906,卖盘,603162,2025-10-17 22:49:35
13:41:41,11.22,0.0,2,2244,卖盘,603162,2025-10-17 22:49:35
13:41:47,11.22,0.0,3,3366,卖盘,603162,2025-10-17 22:49:35
13:41:50,11.22,0.0,20,22440,卖盘,603162,2025-10-17 22:49:35
13:41:55,11.22,0.0,1,1122,卖盘,603162,2025-10-17 22:49:35
13:41:58,11.22,0.0,10,11220,卖盘,603162,2025-10-17 22:49:35
13:42:01,11.22,0.0,164,184008,卖盘,603162,2025-10-17 22:49:35
13:42:05,11.22,0.0,5,5610,卖盘,603162,2025-10-17 22:49:35
13:42:08,11.22,0.0,0,448,卖盘,603162,2025-10-17 22:49:35
13:42:16,11.22,0.0,8,8976,卖盘,603162,2025-10-17 22:49:35
13:42:23,11.22,0.0,63,70686,卖盘,603162,2025-10-17 22:49:35
13:42:25,11.22,0.0,1,1122,卖盘,603162,2025-10-17 22:49:35
13:42:29,11.22,0.0,10,11220,卖盘,603162,2025-10-17 22:49:35
13:42:37,11.22,0.0,25,28050,卖盘,603162,2025-10-17 22:49:35
13:42:49,11.22,0.0,0,337,卖盘,603162,2025-10-17 22:49:35
13:42:52,11.22,0.0,2,2244,卖盘,603162,2025-10-17 22:49:35
13:42:55,11.22,0.0,1,1122,卖盘,603162,2025-10-17 22:49:35
13:43:23,11.22,0.0,101,113322,卖盘,603162,2025-10-17 22:49:35
13:43:31,11.22,0.0,33,37026,卖盘,603162,2025-10-17 22:49:35
13:43:40,11.22,0.0,1,1122,卖盘,603162,2025-10-17 22:49:35
13:43:44,11.22,0.0,15,16830,卖盘,603162,2025-10-17 22:49:35
13:43:46,11.22,0.0,1,1122,卖盘,603162,2025-10-17 22:49:35
13:44:05,11.22,0.0,2,2244,卖盘,603162,2025-10-17 22:49:35
13:44:07,11.22,0.0,50,56100,卖盘,603162,2025-10-17 22:49:35
13:44:16,11.22,0.0,6,6508,卖盘,603162,2025-10-17 22:49:35
13:44:26,11.22,0.0,10,11220,卖盘,603162,2025-10-17 22:49:35
13:44:29,11.22,0.0,9,10098,卖盘,603162,2025-10-17 22:49:35
13:44:34,11.22,0.0,17,19074,卖盘,603162,2025-10-17 22:49:35
13:44:40,11.22,0.0,10,11220,卖盘,603162,2025-10-17 22:49:35
13:44:56,11.22,0.0,36,40392,卖盘,603162,2025-10-17 22:49:35
13:44:58,11.22,0.0,26,29172,卖盘,603162,2025-10-17 22:49:35
13:45:10,11.22,0.0,42,47124,卖盘,603162,2025-10-17 22:49:35
13:45:14,11.22,0.0,10,11220,卖盘,603162,2025-10-17 22:49:35
13:45:16,11.22,0.0,1,1122,卖盘,603162,2025-10-17 22:49:35
13:45:23,11.22,0.0,10,11220,卖盘,603162,2025-10-17 22:49:35
13:45:26,11.22,0.0,16,17952,卖盘,603162,2025-10-17 22:49:35
13:45:35,11.22,0.0,5,5610,卖盘,603162,2025-10-17 22:49:35
13:45:41,11.22,0.0,72,80784,卖盘,603162,2025-10-17 22:49:35
13:45:43,11.22,0.0,30,33660,卖盘,603162,2025-10-17 22:49:35
13:45:53,11.22,0.0,34,38148,卖盘,603162,2025-10-17 22:49:35
13:45:55,11.22,0.0,307,344341,卖盘,603162,2025-10-17 22:49:35
13:46:05,11.22,0.0,26,29172,卖盘,603162,2025-10-17 22:49:35
13:46:07,11.22,0.0,1,1122,卖盘,603162,2025-10-17 22:49:35
13:46:10,11.22,0.0,11,12342,卖盘,603162,2025-10-17 22:49:35
13:46:23,11.22,0.0,14,15708,卖盘,603162,2025-10-17 22:49:35
13:46:40,11.22,0.0,51,57222,卖盘,603162,2025-10-17 22:49:35
13:46:49,11.22,0.0,31,34782,卖盘,603162,2025-10-17 22:49:35
13:46:52,11.22,0.0,75,84150,卖盘,603162,2025-10-17 22:49:35
13:46:55,11.22,0.0,44,49368,卖盘,603162,2025-10-17 22:49:35
13:46:58,11.22,0.0,9,10098,卖盘,603162,2025-10-17 22:49:35
13:47:02,11.22,0.0,19,21318,卖盘,603162,2025-10-17 22:49:35
13:47:07,11.22,0.0,5,5610,卖盘,603162,2025-10-17 22:49:35
13:47:28,11.22,0.0,2,2244,卖盘,603162,2025-10-17 22:49:35
13:47:41,11.22,0.0,6,6732,卖盘,603162,2025-10-17 22:49:35
13:47:53,11.22,0.0,1,1122,卖盘,603162,2025-10-17 22:49:35
13:47:55,11.22,0.0,1,1122,卖盘,603162,2025-10-17 22:49:35
13:48:23,11.22,0.0,6,6732,卖盘,603162,2025-10-17 22:49:35
13:48:37,11.22,0.0,2,2244,卖盘,603162,2025-10-17 22:49:35
13:48:41,11.22,0.0,22,24684,卖盘,603162,2025-10-17 22:49:35
13:48:50,11.22,0.0,1,1122,卖盘,603162,2025-10-17 22:49:35
13:48:53,11.22,0.0,22,24572,卖盘,603162,2025-10-17 22:49:35
13:48:59,11.22,0.0,10,11220,卖盘,603162,2025-10-17 22:49:35
13:49:05,11.22,0.0,11,12342,卖盘,603162,2025-10-17 22:49:35
13:49:19,11.22,0.0,11,12342,卖盘,603162,2025-10-17 22:49:35
13:49:23,11.22,0.0,24,26928,卖盘,603162,2025-10-17 22:49:35
13:49:25,11.22,0.0,22,24572,卖盘,603162,2025-10-17 22:49:35
13:49:28,11.22,0.0,10,11220,卖盘,603162,2025-10-17 22:49:35
13:49:32,11.22,0.0,3,3366,卖盘,603162,2025-10-17 22:49:35
13:49:35,11.22,0.0,26,29172,卖盘,603162,2025-10-17 22:49:35
13:49:47,11.22,0.0,2,2244,卖盘,603162,2025-10-17 22:49:35
13:49:50,11.22,0.0,7,7854,卖盘,603162,2025-10-17 22:49:35
13:50:14,11.22,0.0,52,58344,卖盘,603162,2025-10-17 22:49:35
13:50:26,11.22,0.0,10,11220,卖盘,603162,2025-10-17 22:49:35
13:50:29,11.22,0.0,38,42636,卖盘,603162,2025-10-17 22:49:35
13:50:34,11.22,0.0,42,47124,卖盘,603162,2025-10-17 22:49:35
13:50:38,11.22,0.0,1,1122,卖盘,603162,2025-10-17 22:49:35
13:50:59,11.22,0.0,2,2244,卖盘,603162,2025-10-17 22:49:35
13:51:01,11.22,0.0,4,4488,卖盘,603162,2025-10-17 22:49:35
13:51:32,11.22,0.0,25,28050,卖盘,603162,2025-10-17 22:49:35
13:51:59,11.22,0.0,3,3366,卖盘,603162,2025-10-17 22:49:35
13:52:11,11.22,0.0,2,2244,卖盘,603162,2025-10-17 22:49:35
13:52:17,11.22,0.0,34,38148,卖盘,603162,2025-10-17 22:49:35
13:52:35,11.22,0.0,57,63741,卖盘,603162,2025-10-17 22:49:35
13:52:43,11.22,0.0,65,72604,卖盘,603162,2025-10-17 22:49:35
13:52:49,11.22,0.0,22,24684,卖盘,603162,2025-10-17 22:49:35
13:52:53,11.22,0.0,15,16830,卖盘,603162,2025-10-17 22:49:35
13:52:59,11.22,0.0,1,1122,卖盘,603162,2025-10-17 22:49:35
13:53:02,11.22,0.0,163,182886,卖盘,603162,2025-10-17 22:49:35
13:53:05,11.22,0.0,2,2244,卖盘,603162,2025-10-17 22:49:35
13:53:13,11.22,0.0,1,1122,卖盘,603162,2025-10-17 22:49:35
13:53:17,11.22,0.0,2,2244,卖盘,603162,2025-10-17 22:49:35
13:53:32,11.22,0.0,20,22440,卖盘,603162,2025-10-17 22:49:35
13:53:46,11.22,0.0,100,112200,卖盘,603162,2025-10-17 22:49:35
13:53:50,11.22,0.0,21,23562,卖盘,603162,2025-10-17 22:49:35
13:53:53,11.22,0.0,100,112200,卖盘,603162,2025-10-17 22:49:35
13:53:56,11.22,0.0,1,1122,卖盘,603162,2025-10-17 22:49:35
13:53:58,11.22,0.0,9,10098,卖盘,603162,2025-10-17 22:49:35
13:54:02,11.22,0.0,38,42636,卖盘,603162,2025-10-17 22:49:35
13:54:07,11.22,0.0,20,22440,卖盘,603162,2025-10-17 22:49:35
13:54:17,11.22,0.0,4,4488,卖盘,603162,2025-10-17 22:49:35
13:54:23,11.22,0.0,4,4982,卖盘,603162,2025-10-17 22:49:35
13:54:26,11.22,0.0,2,2244,卖盘,603162,2025-10-17 22:49:35
13:54:44,11.22,0.0,38,42636,卖盘,603162,2025-10-17 22:49:35
13:54:47,11.22,0.0,5,5610,卖盘,603162,2025-10-17 22:49:35
13:54:50,11.22,0.0,2,2244,卖盘,603162,2025-10-17 22:49:35
13:54:52,11.22,0.0,8,8976,卖盘,603162,2025-10-17 22:49:35
13:55:20,11.22,0.0,3,3366,卖盘,603162,2025-10-17 22:49:35
13:55:26,11.22,0.0,2,2244,卖盘,603162,2025-10-17 22:49:35
13:55:29,11.22,0.0,11,12342,卖盘,603162,2025-10-17 22:49:35
13:55:34,11.22,0.0,2,2244,卖盘,603162,2025-10-17 22:49:35
13:55:37,11.22,0.0,43,48246,卖盘,603162,2025-10-17 22:49:35
13:55:41,11.22,0.0,4,4488,卖盘,603162,2025-10-17 22:49:35
13:55:47,11.22,0.0,3,3366,卖盘,603162,2025-10-17 22:49:35
13:55:53,11.22,0.0,4,4488,卖盘,603162,2025-10-17 22:49:35
13:56:01,11.22,0.0,28,31416,卖盘,603162,2025-10-17 22:49:35
13:56:07,11.22,0.0,50,56100,卖盘,603162,2025-10-17 22:49:35
13:56:23,11.22,0.0,50,56100,卖盘,603162,2025-10-17 22:49:35
13:56:26,11.22,0.0,1,1122,卖盘,603162,2025-10-17 22:49:35
13:56:28,11.22,0.0,40,44880,卖盘,603162,2025-10-17 22:49:35
13:56:44,11.22,0.0,15,16830,卖盘,603162,2025-10-17 22:49:35
13:56:47,11.22,0.0,2,2244,卖盘,603162,2025-10-17 22:49:35
13:57:02,11.22,0.0,8,8976,卖盘,603162,2025-10-17 22:49:35
13:57:17,11.22,0.0,4,4488,卖盘,603162,2025-10-17 22:49:35
13:57:22,11.22,0.0,10,11220,卖盘,603162,2025-10-17 22:49:35
13:57:25,11.22,0.0,11,12342,卖盘,603162,2025-10-17 22:49:35
13:57:29,11.22,0.0,7,7753,卖盘,603162,2025-10-17 22:49:35
13:57:46,11.22,0.0,73,81906,卖盘,603162,2025-10-17 22:49:35
13:57:53,11.22,0.0,2,2244,卖盘,603162,2025-10-17 22:49:35
13:57:55,11.22,0.0,1,1122,卖盘,603162,2025-10-17 22:49:35
13:58:02,11.22,0.0,3,3366,卖盘,603162,2025-10-17 22:49:35
13:58:04,11.22,0.0,19,21318,卖盘,603162,2025-10-17 22:49:35
13:58:11,11.22,0.0,3,3366,卖盘,603162,2025-10-17 22:49:35
13:58:23,11.22,0.0,1,1122,卖盘,603162,2025-10-17 22:49:35
13:58:25,11.22,0.0,60,67320,卖盘,603162,2025-10-17 22:49:35
13:58:29,11.22,0.0,20,22440,卖盘,603162,2025-10-17 22:49:35
13:58:32,11.22,0.0,1,1122,卖盘,603162,2025-10-17 22:49:35
13:58:37,11.22,0.0,4,4488,卖盘,603162,2025-10-17 22:49:35
13:58:50,11.22,0.0,7,7854,卖盘,603162,2025-10-17 22:49:35
13:58:55,11.22,0.0,5,5610,卖盘,603162,2025-10-17 22:49:35
13:59:02,11.22,0.0,2,2244,卖盘,603162,2025-10-17 22:49:35
13:59:07,11.22,0.0,388,435336,卖盘,603162,2025-10-17 22:49:35
13:59:11,11.22,0.0,4,4488,卖盘,603162,2025-10-17 22:49:35
13:59:20,11.22,0.0,13,14586,卖盘,603162,2025-10-17 22:49:35
13:59:25,11.22,0.0,11,12342,卖盘,603162,2025-10-17 22:49:35
13:59:38,11.22,0.0,10,11220,卖盘,603162,2025-10-17 22:49:35
13:59:52,11.22,0.0,37,41514,卖盘,603162,2025-10-17 22:49:35
13:59:59,11.22,0.0,10,11220,卖盘,603162,2025-10-17 22:49:35
14:00:14,11.22,0.0,2,2244,卖盘,603162,2025-10-17 22:49:35
14:00:29,11.22,0.0,11,12342,卖盘,603162,2025-10-17 22:49:35
14:00:35,11.22,0.0,2,2244,卖盘,603162,2025-10-17 22:49:35
14:00:41,11.22,0.0,22,24684,卖盘,603162,2025-10-17 22:49:35
14:00:55,11.22,0.0,1,1122,卖盘,603162,2025-10-17 22:49:35
14:01:05,11.22,0.0,50,56100,卖盘,603162,2025-10-17 22:49:35
14:01:17,11.22,0.0,21,23562,卖盘,603162,2025-10-17 22:49:35
14:01:23,11.22,0.0,32,35904,卖盘,603162,2025-10-17 22:49:35
14:01:26,11.22,0.0,3,3366,卖盘,603162,2025-10-17 22:49:35
14:01:38,11.22,0.0,22,24572,卖盘,603162,2025-10-17 22:49:35
14:01:50,11.22,0.0,24,26928,卖盘,603162,2025-10-17 22:49:35
14:01:56,11.22,0.0,3,3366,卖盘,603162,2025-10-17 22:49:35
14:02:23,11.22,0.0,40,44880,卖盘,603162,2025-10-17 22:49:35
14:02:26,11.22,0.0,714,800603,卖盘,603162,2025-10-17 22:49:35
14:02:28,11.22,0.0,4,4488,卖盘,603162,2025-10-17 22:49:35
14:02:32,11.22,0.0,2,2244,卖盘,603162,2025-10-17 22:49:35
14:02:35,11.22,0.0,3,3366,卖盘,603162,2025-10-17 22:49:35
14:02:41,11.22,0.0,81,90882,卖盘,603162,2025-10-17 22:49:35
14:02:44,11.22,0.0,40,44880,卖盘,603162,2025-10-17 22:49:35
14:02:50,11.22,0.0,4,4488,卖盘,603162,2025-10-17 22:49:35
14:02:53,11.22,0.0,1,1122,卖盘,603162,2025-10-17 22:49:35
14:02:56,11.22,0.0,18,20196,卖盘,603162,2025-10-17 22:49:35
14:03:02,11.22,0.0,302,338844,卖盘,603162,2025-10-17 22:49:35
14:03:07,11.22,0.0,25,28050,卖盘,603162,2025-10-17 22:49:35
14:03:13,11.22,0.0,203,227766,卖盘,603162,2025-10-17 22:49:35
14:03:16,11.22,0.0,1,1122,卖盘,603162,2025-10-17 22:49:35
14:03:26,11.22,0.0,11,12342,卖盘,603162,2025-10-17 22:49:35
14:03:29,11.22,0.0,65,72930,卖盘,603162,2025-10-17 22:49:35
14:03:35,11.22,0.0,18,20196,卖盘,603162,2025-10-17 22:49:35
14:03:41,11.22,0.0,2,2244,卖盘,603162,2025-10-17 22:49:35
14:03:44,11.22,0.0,55,61710,卖盘,603162,2025-10-17 22:49:35
14:03:47,11.22,0.0,355,398310,卖盘,603162,2025-10-17 22:49:35
14:03:49,11.22,0.0,22,24684,卖盘,603162,2025-10-17 22:49:35
14:04:02,11.22,0.0,31,34782,卖盘,603162,2025-10-17 22:49:35
14:04:14,11.22,0.0,117,131487,卖盘,603162,2025-10-17 22:49:35
14:04:20,11.22,0.0,28,31416,卖盘,603162,2025-10-17 22:49:35
14:04:23,11.22,0.0,1,1122,卖盘,603162,2025-10-17 22:49:35
14:04:26,11.22,0.0,50,56100,卖盘,603162,2025-10-17 22:49:35
14:04:35,11.22,0.0,68,76296,卖盘,603162,2025-10-17 22:49:35
14:04:38,11.22,0.0,85,95034,卖盘,603162,2025-10-17 22:49:35
14:04:41,11.22,0.0,20,22440,卖盘,603162,2025-10-17 22:49:35
14:04:44,11.22,0.0,4,4488,卖盘,603162,2025-10-17 22:49:35
14:04:50,11.22,0.0,19,21318,卖盘,603162,2025-10-17 22:49:35
14:04:56,11.22,0.0,5,5610,卖盘,603162,2025-10-17 22:49:35
14:05:11,11.22,0.0,20,22440,卖盘,603162,2025-10-17 22:49:35
14:05:14,11.22,0.0,46,51612,卖盘,603162,2025-10-17 22:49:35
14:05:20,11.22,0.0,26,29172,卖盘,603162,2025-10-17 22:49:35
14:05:23,11.22,0.0,55,61710,卖盘,603162,2025-10-17 22:49:35
14:05:32,11.22,0.0,91,102102,卖盘,603162,2025-10-17 22:49:35
14:05:35,11.22,0.0,918,1029996,卖盘,603162,2025-10-17 22:49:35
14:05:38,11.22,0.0,6,6732,卖盘,603162,2025-10-17 22:49:35
14:05:41,11.22,0.0,82,92004,卖盘,603162,2025-10-17 22:49:35
14:05:44,11.22,0.0,4,4488,卖盘,603162,2025-10-17 22:49:35
14:05:52,11.22,0.0,8,8976,卖盘,603162,2025-10-17 22:49:35
14:06:02,11.22,0.0,30,33660,卖盘,603162,2025-10-17 22:49:35
14:06:23,11.22,0.0,46,51612,卖盘,603162,2025-10-17 22:49:35
14:06:26,11.22,0.0,11,12342,卖盘,603162,2025-10-17 22:49:35
14:06:29,11.22,0.0,26,29059,卖盘,603162,2025-10-17 22:49:35
14:06:44,11.22,0.0,56,62832,卖盘,603162,2025-10-17 22:49:35
14:06:50,11.22,0.0,20,22440,卖盘,603162,2025-10-17 22:49:35
14:06:53,11.22,0.0,58,65076,卖盘,603162,2025-10-17 22:49:35
14:06:55,11.22,0.0,51,57222,卖盘,603162,2025-10-17 22:49:35
14:06:59,11.22,0.0,20,22440,卖盘,603162,2025-10-17 22:49:35
14:07:05,11.22,0.0,17,19074,卖盘,603162,2025-10-17 22:49:35
14:07:08,11.22,0.0,103,115566,卖盘,603162,2025-10-17 22:49:35
14:07:17,11.22,0.0,56,62832,卖盘,603162,2025-10-17 22:49:35
14:07:38,11.22,0.0,48,53856,卖盘,603162,2025-10-17 22:49:35
14:08:17,11.22,0.0,2,2244,卖盘,603162,2025-10-17 22:49:35
14:08:26,11.22,0.0,17,19097,卖盘,603162,2025-10-17 22:49:35
14:08:28,11.22,0.0,40,44880,卖盘,603162,2025-10-17 22:49:35
14:08:31,11.22,0.0,1,1122,卖盘,603162,2025-10-17 22:49:35
14:08:35,11.22,0.0,1,1122,卖盘,603162,2025-10-17 22:49:35
14:08:44,11.22,0.0,21,23562,卖盘,603162,2025-10-17 22:49:35
14:08:47,11.22,0.0,21,23562,卖盘,603162,2025-10-17 22:49:35
14:08:52,11.22,0.0,900,1009800,卖盘,603162,2025-10-17 22:49:35
14:08:56,11.22,0.0,5,5610,卖盘,603162,2025-10-17 22:49:35
14:08:59,11.22,0.0,9,10098,卖盘,603162,2025-10-17 22:49:35
14:09:02,11.22,0.0,168,188496,卖盘,603162,2025-10-17 22:49:35
14:09:32,11.22,0.0,2,2244,卖盘,603162,2025-10-17 22:49:35
14:09:38,11.22,0.0,33,37026,卖盘,603162,2025-10-17 22:49:35
14:09:43,11.22,0.0,47,52734,卖盘,603162,2025-10-17 22:49:35
14:09:47,11.22,0.0,4,4488,卖盘,603162,2025-10-17 22:49:35
14:09:50,11.22,0.0,1,1122,卖盘,603162,2025-10-17 22:49:35
14:10:02,11.22,0.0,5,5610,卖盘,603162,2025-10-17 22:49:35
14:10:07,11.22,0.0,10,11220,卖盘,603162,2025-10-17 22:49:35
14:10:23,11.22,0.0,29,32538,卖盘,603162,2025-10-17 22:49:35
14:10:25,11.22,0.0,20,22866,卖盘,603162,2025-10-17 22:49:35
14:10:29,11.22,0.0,2,2244,卖盘,603162,2025-10-17 22:49:35
14:10:35,11.22,0.0,1,1122,卖盘,603162,2025-10-17 22:49:35
14:10:38,11.22,0.0,2,2244,卖盘,603162,2025-10-17 22:49:35
14:10:41,11.22,0.0,82,91892,卖盘,603162,2025-10-17 22:49:35
14:10:47,11.22,0.0,10,11220,卖盘,603162,2025-10-17 22:49:35
