时间,成交价,价格变动,成交量,成交额,买卖盘性质,股票代码,采集时间
09:25:03,10.89,0.0,764,831996,卖盘,603101,2025-10-17 22:54:01
09:30:00,10.81,-0.08,4,4324,中性盘,603101,2025-10-17 22:54:01
09:30:03,10.8,-0.01,42,45427,卖盘,603101,2025-10-17 22:54:01
09:30:06,10.87,0.07,85,91921,中性盘,603101,2025-10-17 22:54:01
09:30:09,10.89,0.02,803,875838,买盘,603101,2025-10-17 22:54:01
09:30:12,10.82,-0.07,120,130182,卖盘,603101,2025-10-17 22:54:01
09:30:15,10.82,0.0,191,207345,卖盘,603101,2025-10-17 22:54:01
09:30:18,10.8,-0.02,157,170119,卖盘,603101,2025-10-17 22:54:01
09:30:21,10.91,0.11,579,631045,买盘,603101,2025-10-17 22:54:01
09:30:24,10.95,0.04,776,847800,买盘,603101,2025-10-17 22:54:01
09:30:27,11.01,0.06,1238,1360091,买盘,603101,2025-10-17 22:54:01
09:30:30,11.06,0.05,206,227548,买盘,603101,2025-10-17 22:54:01
09:30:33,11.1,0.04,583,646808,买盘,603101,2025-10-17 22:54:01
09:30:36,11.11,0.01,610,678061,买盘,603101,2025-10-17 22:54:01
09:30:39,11.13,0.02,955,1063916,买盘,603101,2025-10-17 22:54:01
09:30:42,11.14,0.01,327,364791,买盘,603101,2025-10-17 22:54:01
09:30:45,11.19,0.05,364,406757,买盘,603101,2025-10-17 22:54:01
09:30:48,11.2,0.01,1006,1126929,买盘,603101,2025-10-17 22:54:01
09:30:51,11.22,0.02,858,962425,中性盘,603101,2025-10-17 22:54:01
09:30:54,11.2,-0.02,2225,2499000,卖盘,603101,2025-10-17 22:54:01
09:30:57,11.22,0.02,977,1097253,卖盘,603101,2025-10-17 22:54:01
09:31:00,11.22,0.0,1178,1322189,买盘,603101,2025-10-17 22:54:01
09:31:03,11.23,0.01,1017,1142878,买盘,603101,2025-10-17 22:54:01
09:31:06,11.23,0.0,1009,1133732,卖盘,603101,2025-10-17 22:54:01
09:31:09,11.25,0.02,865,972136,买盘,603101,2025-10-17 22:54:01
09:31:12,11.22,-0.03,1712,1926174,卖盘,603101,2025-10-17 22:54:01
09:31:15,11.22,0.0,647,726556,卖盘,603101,2025-10-17 22:54:01
09:31:18,11.21,-0.01,488,547239,中性盘,603101,2025-10-17 22:54:01
09:31:21,11.2,-0.01,476,532838,卖盘,603101,2025-10-17 22:54:01
09:31:24,11.17,-0.03,32,35733,卖盘,603101,2025-10-17 22:54:01
09:31:27,11.18,0.01,477,532704,买盘,603101,2025-10-17 22:54:01
09:31:30,11.12,-0.06,313,348417,卖盘,603101,2025-10-17 22:54:01
09:31:33,11.12,0.0,3229,3611354,卖盘,603101,2025-10-17 22:54:01
09:31:36,11.15,0.03,734,818336,买盘,603101,2025-10-17 22:54:01
09:31:39,11.13,-0.02,644,719555,卖盘,603101,2025-10-17 22:54:01
09:31:42,11.15,0.02,655,731089,买盘,603101,2025-10-17 22:54:01
09:31:45,11.22,0.07,2021,2268785,买盘,603101,2025-10-17 22:54:01
09:31:48,11.22,0.0,1637,1832247,卖盘,603101,2025-10-17 22:54:01
09:31:51,11.32,0.1,1837,2075681,买盘,603101,2025-10-17 22:54:01
09:31:54,11.38,0.06,1174,1332157,买盘,603101,2025-10-17 22:54:01
09:31:57,11.42,0.04,872,993428,买盘,603101,2025-10-17 22:54:01
09:32:00,11.44,0.02,1331,1522707,买盘,603101,2025-10-17 22:54:01
09:32:03,11.5,0.06,1292,1482259,买盘,603101,2025-10-17 22:54:01
09:32:06,11.49,-0.01,1620,1860376,卖盘,603101,2025-10-17 22:54:01
09:32:09,11.49,0.0,1060,1219111,卖盘,603101,2025-10-17 22:54:01
09:32:12,11.4,-0.09,1087,1244717,卖盘,603101,2025-10-17 22:54:01
09:32:15,11.38,-0.02,581,661892,卖盘,603101,2025-10-17 22:54:01
09:32:18,11.36,-0.02,1427,1618876,卖盘,603101,2025-10-17 22:54:01
09:32:21,11.42,0.06,1580,1803021,买盘,603101,2025-10-17 22:54:01
09:32:24,11.43,0.01,601,687714,中性盘,603101,2025-10-17 22:54:01
09:32:27,11.43,0.0,437,501069,卖盘,603101,2025-10-17 22:54:01
09:32:30,11.45,0.02,693,793579,中性盘,603101,2025-10-17 22:54:01
09:32:33,11.46,0.01,882,1011035,中性盘,603101,2025-10-17 22:54:01
09:32:36,11.54,0.08,3871,4450860,买盘,603101,2025-10-17 22:54:01
09:32:39,11.56,0.02,2164,2503470,买盘,603101,2025-10-17 22:54:01
09:32:42,11.64,0.08,1219,1414065,买盘,603101,2025-10-17 22:54:01
09:32:45,11.78,0.14,2561,2990859,买盘,603101,2025-10-17 22:54:01
09:32:48,11.64,-0.14,2519,2943101,卖盘,603101,2025-10-17 22:54:01
09:32:51,11.78,0.14,866,1017541,买盘,603101,2025-10-17 22:54:01
09:32:54,11.66,-0.12,1174,1381403,中性盘,603101,2025-10-17 22:54:01
09:32:57,11.67,0.01,851,1000728,中性盘,603101,2025-10-17 22:54:01
09:33:00,11.67,0.0,922,1076583,卖盘,603101,2025-10-17 22:54:01
09:33:03,11.7,0.03,1756,2061845,买盘,603101,2025-10-17 22:54:01
09:33:06,11.7,0.0,1649,1927584,买盘,603101,2025-10-17 22:54:01
09:33:09,11.72,0.02,462,541522,卖盘,603101,2025-10-17 22:54:01
09:33:12,11.72,0.0,449,526123,卖盘,603101,2025-10-17 22:54:01
09:33:15,11.72,0.0,706,827239,买盘,603101,2025-10-17 22:54:01
09:33:18,11.75,0.03,1468,1721337,买盘,603101,2025-10-17 22:54:01
09:33:21,11.74,-0.01,3418,4005989,卖盘,603101,2025-10-17 22:54:01
09:33:24,11.76,0.02,792,930975,买盘,603101,2025-10-17 22:54:01
09:33:27,11.75,-0.01,2034,2393526,卖盘,603101,2025-10-17 22:54:01
09:33:30,11.77,0.02,1404,1653096,买盘,603101,2025-10-17 22:54:01
09:33:33,11.77,0.0,1449,1706361,卖盘,603101,2025-10-17 22:54:01
09:33:36,11.84,0.07,3435,4052730,买盘,603101,2025-10-17 22:54:01
09:33:39,11.86,0.02,15668,18578827,买盘,603101,2025-10-17 22:54:01
09:33:42,11.86,0.0,1757,2083802,卖盘,603101,2025-10-17 22:54:01
09:33:45,11.86,0.0,1496,1774256,卖盘,603101,2025-10-17 22:54:01
09:33:48,11.86,0.0,2228,2642966,卖盘,603101,2025-10-17 22:54:01
09:33:51,11.86,0.0,1374,1629552,卖盘,603101,2025-10-17 22:54:01
09:33:54,11.86,0.0,3667,4349062,卖盘,603101,2025-10-17 22:54:01
09:33:57,11.86,0.0,2351,2788286,卖盘,603101,2025-10-17 22:54:01
09:34:00,11.86,0.0,833,987938,卖盘,603101,2025-10-17 22:54:01
09:34:03,11.86,0.0,1146,1359156,卖盘,603101,2025-10-17 22:54:01
09:34:06,11.86,0.0,1474,1748164,卖盘,603101,2025-10-17 22:54:01
09:34:09,11.86,0.0,1020,1209708,卖盘,603101,2025-10-17 22:54:01
09:34:12,11.86,0.0,4828,5726008,卖盘,603101,2025-10-17 22:54:01
09:34:15,11.86,0.0,2647,3139342,卖盘,603101,2025-10-17 22:54:01
09:34:18,11.86,0.0,632,749552,卖盘,603101,2025-10-17 22:54:01
09:34:21,11.86,0.0,308,365288,卖盘,603101,2025-10-17 22:54:01
09:34:24,11.86,0.0,1973,2339966,卖盘,603101,2025-10-17 22:54:01
09:34:27,11.86,0.0,431,511166,卖盘,603101,2025-10-17 22:54:01
09:34:30,11.86,0.0,345,409170,卖盘,603101,2025-10-17 22:54:01
09:34:33,11.86,0.0,906,1074516,卖盘,603101,2025-10-17 22:54:01
09:34:36,11.86,0.0,254,301244,卖盘,603101,2025-10-17 22:54:01
09:34:39,11.86,0.0,586,694996,卖盘,603101,2025-10-17 22:54:01
09:34:42,11.86,0.0,904,1072144,卖盘,603101,2025-10-17 22:54:01
09:34:45,11.86,0.0,245,290570,卖盘,603101,2025-10-17 22:54:01
09:34:48,11.86,0.0,177,209922,卖盘,603101,2025-10-17 22:54:01
09:34:51,11.86,0.0,551,653486,卖盘,603101,2025-10-17 22:54:01
09:34:54,11.86,0.0,394,467284,卖盘,603101,2025-10-17 22:54:01
09:34:57,11.86,0.0,216,256176,卖盘,603101,2025-10-17 22:54:01
09:35:00,11.86,0.0,149,176714,卖盘,603101,2025-10-17 22:54:01
09:35:03,11.86,0.0,301,356986,卖盘,603101,2025-10-17 22:54:01
09:35:06,11.86,0.0,309,366474,卖盘,603101,2025-10-17 22:54:01
09:35:09,11.86,0.0,168,199248,卖盘,603101,2025-10-17 22:54:01
09:35:12,11.86,0.0,149,176714,卖盘,603101,2025-10-17 22:54:01
09:35:15,11.86,0.0,85,100810,卖盘,603101,2025-10-17 22:54:01
09:35:18,11.86,0.0,152,180272,卖盘,603101,2025-10-17 22:54:01
09:35:21,11.86,0.0,163,193318,卖盘,603101,2025-10-17 22:54:01
09:35:24,11.86,0.0,210,249060,卖盘,603101,2025-10-17 22:54:01
09:35:27,11.86,0.0,170,201620,卖盘,603101,2025-10-17 22:54:01
09:35:30,11.86,0.0,155,183830,卖盘,603101,2025-10-17 22:54:01
09:35:33,11.86,0.0,375,444750,卖盘,603101,2025-10-17 22:54:01
09:35:36,11.86,0.0,619,733648,卖盘,603101,2025-10-17 22:54:01
09:35:39,11.86,0.0,260,308360,卖盘,603101,2025-10-17 22:54:01
09:35:42,11.86,0.0,395,468470,卖盘,603101,2025-10-17 22:54:01
09:35:45,11.86,0.0,331,392566,卖盘,603101,2025-10-17 22:54:01
09:35:48,11.86,0.0,515,610790,卖盘,603101,2025-10-17 22:54:01
09:35:51,11.86,0.0,1074,1273764,卖盘,603101,2025-10-17 22:54:01
09:35:54,11.86,0.0,150,177900,卖盘,603101,2025-10-17 22:54:01
09:35:57,11.86,0.0,205,243130,卖盘,603101,2025-10-17 22:54:01
09:36:00,11.86,0.0,205,243130,卖盘,603101,2025-10-17 22:54:01
09:36:03,11.86,0.0,203,240758,卖盘,603101,2025-10-17 22:54:01
09:36:06,11.86,0.0,256,303616,卖盘,603101,2025-10-17 22:54:01
09:36:09,11.86,0.0,99,117414,卖盘,603101,2025-10-17 22:54:01
09:36:12,11.86,0.0,118,139948,卖盘,603101,2025-10-17 22:54:01
09:36:15,11.86,0.0,251,297686,卖盘,603101,2025-10-17 22:54:01
09:36:18,11.86,0.0,116,137576,卖盘,603101,2025-10-17 22:54:01
09:36:21,11.86,0.0,308,365288,卖盘,603101,2025-10-17 22:54:01
09:36:24,11.86,0.0,249,295314,卖盘,603101,2025-10-17 22:54:01
09:36:27,11.86,0.0,68,80648,卖盘,603101,2025-10-17 22:54:01
09:36:30,11.86,0.0,217,257362,卖盘,603101,2025-10-17 22:54:01
09:36:33,11.86,0.0,744,882384,卖盘,603101,2025-10-17 22:54:01
09:36:36,11.86,0.0,37,43882,卖盘,603101,2025-10-17 22:54:01
09:36:39,11.86,0.0,283,335638,卖盘,603101,2025-10-17 22:54:01
09:36:42,11.86,0.0,174,206364,卖盘,603101,2025-10-17 22:54:01
09:36:45,11.86,0.0,234,277524,卖盘,603101,2025-10-17 22:54:01
09:36:48,11.86,0.0,191,226526,卖盘,603101,2025-10-17 22:54:01
09:36:51,11.86,0.0,136,161296,卖盘,603101,2025-10-17 22:54:01
09:36:54,11.86,0.0,128,151808,卖盘,603101,2025-10-17 22:54:01
09:36:57,11.86,0.0,147,174342,卖盘,603101,2025-10-17 22:54:01
09:37:00,11.86,0.0,13,15418,卖盘,603101,2025-10-17 22:54:01
09:37:03,11.86,0.0,170,201620,卖盘,603101,2025-10-17 22:54:01
09:37:06,11.86,0.0,390,462540,卖盘,603101,2025-10-17 22:54:01
09:37:09,11.86,0.0,122,144692,卖盘,603101,2025-10-17 22:54:01
09:37:12,11.86,0.0,134,158924,卖盘,603101,2025-10-17 22:54:01
09:37:15,11.86,0.0,172,203992,卖盘,603101,2025-10-17 22:54:01
09:37:18,11.86,0.0,317,375867,卖盘,603101,2025-10-17 22:54:01
09:37:21,11.86,0.0,68,80648,卖盘,603101,2025-10-17 22:54:01
09:37:24,11.86,0.0,78,92508,卖盘,603101,2025-10-17 22:54:01
09:37:27,11.86,0.0,37,43882,卖盘,603101,2025-10-17 22:54:01
09:37:30,11.86,0.0,200,237200,卖盘,603101,2025-10-17 22:54:01
09:37:33,11.86,0.0,31,36766,卖盘,603101,2025-10-17 22:54:01
09:37:36,11.86,0.0,97,115042,卖盘,603101,2025-10-17 22:54:01
09:37:39,11.86,0.0,245,290570,卖盘,603101,2025-10-17 22:54:01
09:37:42,11.86,0.0,248,294128,卖盘,603101,2025-10-17 22:54:01
09:37:45,11.86,0.0,75,88950,卖盘,603101,2025-10-17 22:54:01
09:37:48,11.86,0.0,184,218224,卖盘,603101,2025-10-17 22:54:01
09:37:51,11.86,0.0,72,85392,卖盘,603101,2025-10-17 22:54:01
09:37:54,11.86,0.0,93,110298,卖盘,603101,2025-10-17 22:54:01
09:37:57,11.86,0.0,300,355800,卖盘,603101,2025-10-17 22:54:01
09:38:00,11.86,0.0,114,135204,卖盘,603101,2025-10-17 22:54:01
09:38:03,11.86,0.0,189,224154,卖盘,603101,2025-10-17 22:54:01
09:38:06,11.86,0.0,49,58114,卖盘,603101,2025-10-17 22:54:01
09:38:09,11.86,0.0,53,62858,卖盘,603101,2025-10-17 22:54:01
09:38:12,11.86,0.0,130,154180,卖盘,603101,2025-10-17 22:54:01
09:38:15,11.86,0.0,79,93694,卖盘,603101,2025-10-17 22:54:01
09:38:18,11.86,0.0,301,356986,卖盘,603101,2025-10-17 22:54:01
09:38:21,11.86,0.0,134,158924,卖盘,603101,2025-10-17 22:54:01
09:38:24,11.86,0.0,36,42696,卖盘,603101,2025-10-17 22:54:01
09:38:27,11.86,0.0,41,48626,卖盘,603101,2025-10-17 22:54:01
09:38:30,11.86,0.0,2,2372,卖盘,603101,2025-10-17 22:54:01
09:38:33,11.86,0.0,19,22534,卖盘,603101,2025-10-17 22:54:01
09:38:36,11.86,0.0,22,26092,卖盘,603101,2025-10-17 22:54:01
09:38:39,11.86,0.0,62,73532,卖盘,603101,2025-10-17 22:54:01
09:38:42,11.86,0.0,56,66416,卖盘,603101,2025-10-17 22:54:01
09:38:45,11.86,0.0,129,152994,卖盘,603101,2025-10-17 22:54:01
09:38:48,11.86,0.0,202,239572,卖盘,603101,2025-10-17 22:54:01
09:38:51,11.86,0.0,22,26092,卖盘,603101,2025-10-17 22:54:01
09:38:54,11.86,0.0,161,190946,卖盘,603101,2025-10-17 22:54:01
09:38:57,11.86,0.0,86,101996,卖盘,603101,2025-10-17 22:54:01
09:39:00,11.86,0.0,32,37952,卖盘,603101,2025-10-17 22:54:01
09:39:03,11.86,0.0,26,30836,卖盘,603101,2025-10-17 22:54:01
09:39:06,11.86,0.0,101,119786,卖盘,603101,2025-10-17 22:54:01
09:39:09,11.86,0.0,19,22534,卖盘,603101,2025-10-17 22:54:01
09:39:12,11.86,0.0,126,149436,卖盘,603101,2025-10-17 22:54:01
09:39:15,11.86,0.0,20,23720,卖盘,603101,2025-10-17 22:54:01
09:39:18,11.86,0.0,55,65230,卖盘,603101,2025-10-17 22:54:01
09:39:21,11.86,0.0,106,125716,卖盘,603101,2025-10-17 22:54:01
09:39:24,11.86,0.0,80,94880,卖盘,603101,2025-10-17 22:54:01
09:39:27,11.86,0.0,128,151808,卖盘,603101,2025-10-17 22:54:01
09:39:30,11.86,0.0,5,5930,卖盘,603101,2025-10-17 22:54:01
09:39:33,11.86,0.0,18,21348,卖盘,603101,2025-10-17 22:54:01
09:39:36,11.86,0.0,122,144692,卖盘,603101,2025-10-17 22:54:01
09:39:42,11.86,0.0,20,23720,卖盘,603101,2025-10-17 22:54:01
09:39:45,11.86,0.0,59,69974,卖盘,603101,2025-10-17 22:54:01
09:39:48,11.86,0.0,77,91322,卖盘,603101,2025-10-17 22:54:01
09:39:51,11.86,0.0,267,316662,卖盘,603101,2025-10-17 22:54:01
09:39:54,11.86,0.0,56,66416,卖盘,603101,2025-10-17 22:54:01
09:39:57,11.86,0.0,829,983194,卖盘,603101,2025-10-17 22:54:01
09:40:00,11.86,0.0,17,20162,卖盘,603101,2025-10-17 22:54:01
09:40:03,11.86,0.0,282,334452,卖盘,603101,2025-10-17 22:54:01
09:40:06,11.86,0.0,43,50998,卖盘,603101,2025-10-17 22:54:01
09:40:09,11.86,0.0,134,158924,卖盘,603101,2025-10-17 22:54:01
09:40:12,11.86,0.0,72,85392,卖盘,603101,2025-10-17 22:54:01
09:40:15,11.86,0.0,67,79462,卖盘,603101,2025-10-17 22:54:01
09:40:18,11.86,0.0,28,33208,卖盘,603101,2025-10-17 22:54:01
09:40:21,11.86,0.0,52,61672,卖盘,603101,2025-10-17 22:54:01
09:40:24,11.86,0.0,49,58114,卖盘,603101,2025-10-17 22:54:01
09:40:27,11.86,0.0,50,59300,卖盘,603101,2025-10-17 22:54:01
09:40:30,11.86,0.0,27,32022,卖盘,603101,2025-10-17 22:54:01
09:40:33,11.86,0.0,19,22534,卖盘,603101,2025-10-17 22:54:01
09:40:36,11.86,0.0,46,54556,卖盘,603101,2025-10-17 22:54:01
09:40:39,11.86,0.0,46,54556,卖盘,603101,2025-10-17 22:54:01
09:40:42,11.86,0.0,54,64044,卖盘,603101,2025-10-17 22:54:01
09:40:45,11.86,0.0,71,84206,卖盘,603101,2025-10-17 22:54:01
09:40:48,11.86,0.0,18,21348,卖盘,603101,2025-10-17 22:54:01
09:40:51,11.86,0.0,169,200434,卖盘,603101,2025-10-17 22:54:01
09:40:54,11.86,0.0,42,49812,卖盘,603101,2025-10-17 22:54:01
09:40:57,11.86,0.0,41,48626,卖盘,603101,2025-10-17 22:54:01
09:41:00,11.86,0.0,102,120972,卖盘,603101,2025-10-17 22:54:01
09:41:03,11.86,0.0,19,22534,卖盘,603101,2025-10-17 22:54:01
09:41:06,11.86,0.0,75,88950,卖盘,603101,2025-10-17 22:54:01
09:41:09,11.86,0.0,61,72346,卖盘,603101,2025-10-17 22:54:01
09:41:12,11.86,0.0,30,35580,卖盘,603101,2025-10-17 22:54:01
09:41:15,11.86,0.0,41,48626,卖盘,603101,2025-10-17 22:54:01
09:41:18,11.86,0.0,110,130460,卖盘,603101,2025-10-17 22:54:01
09:41:21,11.86,0.0,61,72346,卖盘,603101,2025-10-17 22:54:01
09:41:24,11.86,0.0,38,45068,卖盘,603101,2025-10-17 22:54:01
09:41:27,11.86,0.0,25,29650,卖盘,603101,2025-10-17 22:54:01
09:41:30,11.86,0.0,68,80648,卖盘,603101,2025-10-17 22:54:01
09:41:33,11.86,0.0,37,43882,卖盘,603101,2025-10-17 22:54:01
09:41:36,11.86,0.0,23,27278,卖盘,603101,2025-10-17 22:54:01
09:41:39,11.86,0.0,14,16604,卖盘,603101,2025-10-17 22:54:01
09:41:42,11.86,0.0,13,15418,卖盘,603101,2025-10-17 22:54:01
09:41:45,11.86,0.0,4,4744,卖盘,603101,2025-10-17 22:54:01
09:41:48,11.86,0.0,61,72346,卖盘,603101,2025-10-17 22:54:01
09:41:51,11.86,0.0,2,2372,卖盘,603101,2025-10-17 22:54:01
09:41:54,11.86,0.0,190,225340,卖盘,603101,2025-10-17 22:54:01
09:41:57,11.86,0.0,77,91322,卖盘,603101,2025-10-17 22:54:01
09:42:00,11.86,0.0,60,71160,卖盘,603101,2025-10-17 22:54:01
09:42:03,11.86,0.0,45,53370,卖盘,603101,2025-10-17 22:54:01
09:42:06,11.86,0.0,83,98438,卖盘,603101,2025-10-17 22:54:01
09:42:09,11.86,0.0,33,39138,卖盘,603101,2025-10-17 22:54:01
09:42:12,11.86,0.0,37,43882,卖盘,603101,2025-10-17 22:54:01
09:42:15,11.86,0.0,13,15418,卖盘,603101,2025-10-17 22:54:01
09:42:18,11.86,0.0,106,125716,卖盘,603101,2025-10-17 22:54:01
09:42:21,11.86,0.0,34,40324,卖盘,603101,2025-10-17 22:54:01
09:42:24,11.86,0.0,31,36766,卖盘,603101,2025-10-17 22:54:01
09:42:27,11.86,0.0,62,73532,卖盘,603101,2025-10-17 22:54:01
09:42:30,11.86,0.0,74,87764,卖盘,603101,2025-10-17 22:54:01
09:42:33,11.86,0.0,62,73532,卖盘,603101,2025-10-17 22:54:01
09:42:36,11.86,0.0,68,80648,卖盘,603101,2025-10-17 22:54:01
09:42:39,11.86,0.0,193,228898,卖盘,603101,2025-10-17 22:54:01
09:42:42,11.86,0.0,100,118600,卖盘,603101,2025-10-17 22:54:01
09:42:45,11.86,0.0,90,106740,卖盘,603101,2025-10-17 22:54:01
09:42:48,11.86,0.0,72,85392,卖盘,603101,2025-10-17 22:54:01
09:42:51,11.86,0.0,42,49812,卖盘,603101,2025-10-17 22:54:01
09:42:54,11.86,0.0,33,39138,卖盘,603101,2025-10-17 22:54:01
09:42:57,11.86,0.0,39,46254,卖盘,603101,2025-10-17 22:54:01
09:43:00,11.86,0.0,97,115042,卖盘,603101,2025-10-17 22:54:01
09:43:03,11.86,0.0,236,279896,卖盘,603101,2025-10-17 22:54:01
09:43:06,11.86,0.0,16,18976,卖盘,603101,2025-10-17 22:54:01
09:43:09,11.86,0.0,90,106740,卖盘,603101,2025-10-17 22:54:01
09:43:12,11.86,0.0,25,29650,卖盘,603101,2025-10-17 22:54:01
09:43:15,11.86,0.0,226,268036,卖盘,603101,2025-10-17 22:54:01
09:43:18,11.86,0.0,5,5930,卖盘,603101,2025-10-17 22:54:01
09:43:21,11.86,0.0,23,27278,卖盘,603101,2025-10-17 22:54:01
09:43:24,11.86,0.0,78,92508,卖盘,603101,2025-10-17 22:54:01
09:43:27,11.86,0.0,1,1186,卖盘,603101,2025-10-17 22:54:01
09:43:30,11.86,0.0,2,2372,卖盘,603101,2025-10-17 22:54:01
09:43:33,11.86,0.0,16,18976,卖盘,603101,2025-10-17 22:54:01
09:43:36,11.86,0.0,211,250246,卖盘,603101,2025-10-17 22:54:01
09:43:39,11.86,0.0,5,5930,卖盘,603101,2025-10-17 22:54:01
09:43:42,11.86,0.0,755,895430,卖盘,603101,2025-10-17 22:54:01
09:43:45,11.86,0.0,44,52184,卖盘,603101,2025-10-17 22:54:01
09:43:48,11.86,0.0,7,8302,卖盘,603101,2025-10-17 22:54:01
09:43:51,11.86,0.0,39,46254,卖盘,603101,2025-10-17 22:54:01
09:43:54,11.86,0.0,15,17790,卖盘,603101,2025-10-17 22:54:01
09:43:57,11.86,0.0,270,320220,卖盘,603101,2025-10-17 22:54:01
09:44:00,11.86,0.0,24,28464,卖盘,603101,2025-10-17 22:54:01
09:44:03,11.86,0.0,33,39138,卖盘,603101,2025-10-17 22:54:01
09:44:06,11.86,0.0,20,23720,卖盘,603101,2025-10-17 22:54:01
09:44:09,11.86,0.0,23,27278,卖盘,603101,2025-10-17 22:54:01
09:44:12,11.86,0.0,37,43882,卖盘,603101,2025-10-17 22:54:01
09:44:15,11.86,0.0,30,35580,卖盘,603101,2025-10-17 22:54:01
09:44:18,11.86,0.0,3,3558,卖盘,603101,2025-10-17 22:54:01
09:44:21,11.86,0.0,7,8302,卖盘,603101,2025-10-17 22:54:01
09:44:24,11.86,0.0,34,40324,卖盘,603101,2025-10-17 22:54:01
09:44:27,11.86,0.0,67,79462,卖盘,603101,2025-10-17 22:54:01
09:44:30,11.86,0.0,27,32022,卖盘,603101,2025-10-17 22:54:01
09:44:33,11.86,0.0,1,1186,卖盘,603101,2025-10-17 22:54:01
09:44:36,11.86,0.0,32,37952,卖盘,603101,2025-10-17 22:54:01
09:44:39,11.86,0.0,3,3558,卖盘,603101,2025-10-17 22:54:01
09:44:42,11.86,0.0,165,195690,卖盘,603101,2025-10-17 22:54:01
09:44:45,11.86,0.0,366,434076,卖盘,603101,2025-10-17 22:54:01
09:44:48,11.86,0.0,74,87764,卖盘,603101,2025-10-17 22:54:01
09:44:51,11.86,0.0,118,139948,卖盘,603101,2025-10-17 22:54:01
09:44:54,11.86,0.0,43,50998,卖盘,603101,2025-10-17 22:54:01
09:44:57,11.86,0.0,262,310732,卖盘,603101,2025-10-17 22:54:01
09:45:00,11.86,0.0,542,642812,卖盘,603101,2025-10-17 22:54:01
09:45:03,11.86,0.0,351,416286,卖盘,603101,2025-10-17 22:54:01
09:45:06,11.86,0.0,151,179086,卖盘,603101,2025-10-17 22:54:01
09:45:09,11.86,0.0,266,315476,卖盘,603101,2025-10-17 22:54:01
09:45:12,11.86,0.0,583,691438,卖盘,603101,2025-10-17 22:54:01
09:45:15,11.86,0.0,65,77090,卖盘,603101,2025-10-17 22:54:01
09:45:18,11.86,0.0,185,219410,卖盘,603101,2025-10-17 22:54:01
09:45:21,11.86,0.0,721,855106,卖盘,603101,2025-10-17 22:54:01
09:45:24,11.86,0.0,1027,1218022,卖盘,603101,2025-10-17 22:54:01
09:45:27,11.86,0.0,148,175528,卖盘,603101,2025-10-17 22:54:01
09:45:30,11.86,0.0,115,136390,卖盘,603101,2025-10-17 22:54:01
09:45:33,11.86,0.0,467,553862,卖盘,603101,2025-10-17 22:54:01
09:45:36,11.86,0.0,181,214666,卖盘,603101,2025-10-17 22:54:01
09:45:39,11.86,0.0,155,183830,卖盘,603101,2025-10-17 22:54:01
09:45:42,11.86,0.0,32,37952,卖盘,603101,2025-10-17 22:54:01
09:45:45,11.86,0.0,130,154180,卖盘,603101,2025-10-17 22:54:01
09:45:48,11.86,0.0,722,856280,卖盘,603101,2025-10-17 22:54:01
09:45:51,11.86,0.0,292,346312,卖盘,603101,2025-10-17 22:54:01
09:45:54,11.86,0.0,40,47440,卖盘,603101,2025-10-17 22:54:01
09:45:57,11.86,0.0,227,269222,卖盘,603101,2025-10-17 22:54:01
09:46:00,11.86,0.0,70,83020,卖盘,603101,2025-10-17 22:54:01
09:46:03,11.86,0.0,52,61672,卖盘,603101,2025-10-17 22:54:01
09:46:06,11.86,0.0,249,295314,卖盘,603101,2025-10-17 22:54:01
09:46:09,11.86,0.0,111,131646,卖盘,603101,2025-10-17 22:54:01
09:46:12,11.86,0.0,110,130460,卖盘,603101,2025-10-17 22:54:01
09:46:15,11.86,0.0,339,402054,卖盘,603101,2025-10-17 22:54:01
09:46:18,11.86,0.0,225,266850,卖盘,603101,2025-10-17 22:54:01
09:46:21,11.86,0.0,239,283454,卖盘,603101,2025-10-17 22:54:01
09:46:24,11.86,0.0,188,222968,卖盘,603101,2025-10-17 22:54:01
09:46:27,11.86,0.0,98,116228,卖盘,603101,2025-10-17 22:54:01
09:46:30,11.86,0.0,115,136390,卖盘,603101,2025-10-17 22:54:01
09:46:33,11.86,0.0,488,578768,卖盘,603101,2025-10-17 22:54:01
09:46:36,11.86,0.0,135,160110,卖盘,603101,2025-10-17 22:54:01
09:46:39,11.86,0.0,163,193318,卖盘,603101,2025-10-17 22:54:01
09:46:42,11.86,0.0,304,360544,卖盘,603101,2025-10-17 22:54:01
09:46:45,11.86,0.0,97,115042,卖盘,603101,2025-10-17 22:54:01
09:46:48,11.86,0.0,45,53370,卖盘,603101,2025-10-17 22:54:01
09:46:51,11.86,0.0,546,647556,卖盘,603101,2025-10-17 22:54:01
09:46:54,11.86,0.0,50,59300,卖盘,603101,2025-10-17 22:54:01
09:46:57,11.86,0.0,103,122158,卖盘,603101,2025-10-17 22:54:01
09:47:00,11.86,0.0,41,48626,卖盘,603101,2025-10-17 22:54:01
09:47:03,11.86,0.0,319,378334,卖盘,603101,2025-10-17 22:54:01
09:47:06,11.86,0.0,16,18976,卖盘,603101,2025-10-17 22:54:01
09:47:09,11.86,0.0,104,123344,卖盘,603101,2025-10-17 22:54:01
09:47:12,11.86,0.0,71,84206,卖盘,603101,2025-10-17 22:54:01
09:47:15,11.86,0.0,203,240758,卖盘,603101,2025-10-17 22:54:01
09:47:18,11.86,0.0,41,48626,卖盘,603101,2025-10-17 22:54:01
09:47:21,11.86,0.0,35,41510,卖盘,603101,2025-10-17 22:54:01
09:47:24,11.86,0.0,13,15418,卖盘,603101,2025-10-17 22:54:01
09:47:27,11.86,0.0,52,61672,卖盘,603101,2025-10-17 22:54:01
09:47:30,11.86,0.0,654,775644,卖盘,603101,2025-10-17 22:54:01
09:47:33,11.86,0.0,190,225340,卖盘,603101,2025-10-17 22:54:01
09:47:36,11.86,0.0,115,136390,卖盘,603101,2025-10-17 22:54:01
09:47:39,11.86,0.0,34,40324,卖盘,603101,2025-10-17 22:54:01
09:47:42,11.86,0.0,46,54556,卖盘,603101,2025-10-17 22:54:01
09:47:45,11.86,0.0,15,17790,卖盘,603101,2025-10-17 22:54:01
09:47:48,11.86,0.0,6,7116,卖盘,603101,2025-10-17 22:54:01
09:47:51,11.86,0.0,70,83020,卖盘,603101,2025-10-17 22:54:01
09:47:54,11.86,0.0,119,141134,卖盘,603101,2025-10-17 22:54:01
09:47:57,11.86,0.0,72,85392,卖盘,603101,2025-10-17 22:54:01
09:48:00,11.86,0.0,20,23720,卖盘,603101,2025-10-17 22:54:01
09:48:03,11.86,0.0,65,77090,卖盘,603101,2025-10-17 22:54:01
09:48:06,11.86,0.0,23,27278,卖盘,603101,2025-10-17 22:54:01
09:48:09,11.86,0.0,3,3558,卖盘,603101,2025-10-17 22:54:01
09:48:12,11.86,0.0,24,28464,卖盘,603101,2025-10-17 22:54:01
09:48:15,11.86,0.0,71,84206,卖盘,603101,2025-10-17 22:54:01
09:48:18,11.86,0.0,28,33208,卖盘,603101,2025-10-17 22:54:01
09:48:21,11.86,0.0,174,206364,卖盘,603101,2025-10-17 22:54:01
09:48:24,11.86,0.0,52,61672,卖盘,603101,2025-10-17 22:54:01
09:48:27,11.86,0.0,37,43882,卖盘,603101,2025-10-17 22:54:01
09:48:30,11.86,0.0,23,27278,卖盘,603101,2025-10-17 22:54:01
09:48:33,11.86,0.0,6,7116,卖盘,603101,2025-10-17 22:54:01
09:48:36,11.86,0.0,173,205178,卖盘,603101,2025-10-17 22:54:01
09:48:39,11.86,0.0,84,99624,卖盘,603101,2025-10-17 22:54:01
09:48:42,11.86,0.0,71,84206,卖盘,603101,2025-10-17 22:54:01
09:48:45,11.86,0.0,62,73532,卖盘,603101,2025-10-17 22:54:01
09:48:48,11.86,0.0,24,28464,卖盘,603101,2025-10-17 22:54:01
09:48:51,11.86,0.0,26,30836,卖盘,603101,2025-10-17 22:54:01
09:48:54,11.86,0.0,43,50998,卖盘,603101,2025-10-17 22:54:01
09:48:57,11.86,0.0,32,37952,卖盘,603101,2025-10-17 22:54:01
09:49:00,11.86,0.0,7,8302,卖盘,603101,2025-10-17 22:54:01
09:49:03,11.86,0.0,52,61672,卖盘,603101,2025-10-17 22:54:01
09:49:06,11.86,0.0,30,35580,卖盘,603101,2025-10-17 22:54:01
09:49:09,11.86,0.0,103,122158,卖盘,603101,2025-10-17 22:54:01
09:49:15,11.86,0.0,69,81834,卖盘,603101,2025-10-17 22:54:01
09:49:18,11.86,0.0,289,342754,卖盘,603101,2025-10-17 22:54:01
09:49:21,11.86,0.0,20,23720,卖盘,603101,2025-10-17 22:54:01
09:49:24,11.86,0.0,16,18976,卖盘,603101,2025-10-17 22:54:01
09:49:27,11.86,0.0,83,98438,卖盘,603101,2025-10-17 22:54:01
09:49:30,11.86,0.0,16,18976,卖盘,603101,2025-10-17 22:54:01
09:49:33,11.86,0.0,11491,13628326,卖盘,603101,2025-10-17 22:54:01
09:49:36,11.86,0.0,189,224154,卖盘,603101,2025-10-17 22:54:01
09:49:39,11.86,0.0,749,888314,卖盘,603101,2025-10-17 22:54:01
09:49:42,11.86,0.0,354,419844,卖盘,603101,2025-10-17 22:54:01
09:49:45,11.86,0.0,1272,1508592,卖盘,603101,2025-10-17 22:54:01
09:49:48,11.86,0.0,575,681950,卖盘,603101,2025-10-17 22:54:01
09:49:51,11.86,0.0,1221,1448106,卖盘,603101,2025-10-17 22:54:01
09:49:54,11.86,0.0,721,855106,卖盘,603101,2025-10-17 22:54:01
09:49:57,11.86,0.0,781,926266,卖盘,603101,2025-10-17 22:54:01
09:50:00,11.86,0.0,304,360544,卖盘,603101,2025-10-17 22:54:01
09:50:03,11.86,0.0,212,251432,卖盘,603101,2025-10-17 22:54:01
09:50:06,11.86,0.0,1933,2292538,卖盘,603101,2025-10-17 22:54:01
09:50:09,11.86,0.0,1587,1882182,卖盘,603101,2025-10-17 22:54:01
09:50:12,11.86,0.0,1217,1443362,卖盘,603101,2025-10-17 22:54:01
09:50:15,11.86,0.0,2997,3554442,卖盘,603101,2025-10-17 22:54:01
09:50:18,11.86,0.0,3946,4679956,卖盘,603101,2025-10-17 22:54:01
09:50:21,11.86,0.0,1404,1665144,卖盘,603101,2025-10-17 22:54:01
09:50:24,11.86,0.0,3369,3995634,卖盘,603101,2025-10-17 22:54:01
09:50:27,11.86,0.0,2742,3252012,卖盘,603101,2025-10-17 22:54:01
09:50:30,11.86,0.0,2210,2621060,卖盘,603101,2025-10-17 22:54:01
09:50:33,11.86,0.0,2816,3339776,卖盘,603101,2025-10-17 22:54:01
09:50:36,11.86,0.0,1737,2060082,卖盘,603101,2025-10-17 22:54:01
09:50:39,11.86,0.0,1645,1950970,卖盘,603101,2025-10-17 22:54:01
09:50:42,11.86,0.0,1067,1265462,卖盘,603101,2025-10-17 22:54:01
09:50:45,11.86,0.0,1893,2245098,卖盘,603101,2025-10-17 22:54:01
09:50:48,11.86,0.0,1026,1216836,卖盘,603101,2025-10-17 22:54:01
09:50:51,11.86,0.0,805,954730,卖盘,603101,2025-10-17 22:54:01
09:50:54,11.86,0.0,852,1010472,卖盘,603101,2025-10-17 22:54:01
09:50:57,11.86,0.0,1362,1615332,卖盘,603101,2025-10-17 22:54:01
09:51:00,11.86,0.0,217,257362,卖盘,603101,2025-10-17 22:54:01
09:51:03,11.86,0.0,500,593000,卖盘,603101,2025-10-17 22:54:01
09:51:06,11.86,0.0,2074,2459764,卖盘,603101,2025-10-17 22:54:01
09:51:09,11.86,0.0,35,41510,卖盘,603101,2025-10-17 22:54:01
09:51:12,11.86,0.0,653,774458,卖盘,603101,2025-10-17 22:54:01
09:51:15,11.86,0.0,400,474400,卖盘,603101,2025-10-17 22:54:01
09:51:18,11.86,0.0,76,90136,卖盘,603101,2025-10-17 22:54:01
09:51:21,11.86,0.0,403,477958,卖盘,603101,2025-10-17 22:54:01
09:51:24,11.86,0.0,102,120972,卖盘,603101,2025-10-17 22:54:01
09:51:27,11.86,0.0,78,92508,卖盘,603101,2025-10-17 22:54:01
09:51:30,11.86,0.0,487,577582,卖盘,603101,2025-10-17 22:54:01
09:51:33,11.86,0.0,188,222968,卖盘,603101,2025-10-17 22:54:01
09:51:36,11.86,0.0,482,571652,卖盘,603101,2025-10-17 22:54:01
09:51:39,11.86,0.0,108,128088,卖盘,603101,2025-10-17 22:54:01
09:51:42,11.86,0.0,137,162482,卖盘,603101,2025-10-17 22:54:01
09:51:45,11.86,0.0,252,298872,卖盘,603101,2025-10-17 22:54:01
09:51:48,11.86,0.0,296,351056,卖盘,603101,2025-10-17 22:54:01
09:51:51,11.86,0.0,26,30836,卖盘,603101,2025-10-17 22:54:01
09:51:54,11.86,0.0,73,86578,卖盘,603101,2025-10-17 22:54:01
09:51:57,11.86,0.0,57,67602,卖盘,603101,2025-10-17 22:54:01
09:52:00,11.86,0.0,162,192132,卖盘,603101,2025-10-17 22:54:01
09:52:03,11.86,0.0,70,83020,卖盘,603101,2025-10-17 22:54:01
09:52:06,11.86,0.0,129,152994,卖盘,603101,2025-10-17 22:54:01
09:52:09,11.86,0.0,390,462540,卖盘,603101,2025-10-17 22:54:01
09:52:12,11.86,0.0,188,222968,卖盘,603101,2025-10-17 22:54:01
09:52:15,11.86,0.0,68,80648,卖盘,603101,2025-10-17 22:54:01
09:52:18,11.86,0.0,237,281082,卖盘,603101,2025-10-17 22:54:01
09:52:21,11.86,0.0,226,268036,卖盘,603101,2025-10-17 22:54:01
09:52:24,11.86,0.0,195,231270,卖盘,603101,2025-10-17 22:54:01
09:52:27,11.86,0.0,274,324964,卖盘,603101,2025-10-17 22:54:01
09:52:30,11.86,0.0,91,107926,卖盘,603101,2025-10-17 22:54:01
09:52:33,11.86,0.0,331,392566,卖盘,603101,2025-10-17 22:54:01
09:52:36,11.86,0.0,83,98438,卖盘,603101,2025-10-17 22:54:01
09:52:39,11.86,0.0,174,206364,卖盘,603101,2025-10-17 22:54:01
09:52:42,11.86,0.0,201,238386,卖盘,603101,2025-10-17 22:54:01
09:52:45,11.86,0.0,162,192132,卖盘,603101,2025-10-17 22:54:01
09:52:48,11.86,0.0,95,112670,卖盘,603101,2025-10-17 22:54:01
09:52:51,11.86,0.0,134,158924,卖盘,603101,2025-10-17 22:54:01
09:52:54,11.86,0.0,88,104368,卖盘,603101,2025-10-17 22:54:01
09:52:57,11.86,0.0,53,62858,卖盘,603101,2025-10-17 22:54:01
09:53:00,11.86,0.0,75,88950,卖盘,603101,2025-10-17 22:54:01
09:53:03,11.86,0.0,218,258548,卖盘,603101,2025-10-17 22:54:01
09:53:06,11.86,0.0,239,283454,卖盘,603101,2025-10-17 22:54:01
09:53:09,11.86,0.0,110,130460,卖盘,603101,2025-10-17 22:54:01
09:53:12,11.86,0.0,90,106740,卖盘,603101,2025-10-17 22:54:01
09:53:15,11.86,0.0,200,237200,卖盘,603101,2025-10-17 22:54:01
09:53:18,11.86,0.0,263,311918,卖盘,603101,2025-10-17 22:54:01
09:53:21,11.86,0.0,715,847990,卖盘,603101,2025-10-17 22:54:01
09:53:24,11.86,0.0,389,461354,卖盘,603101,2025-10-17 22:54:01
09:53:27,11.86,0.0,319,378334,卖盘,603101,2025-10-17 22:54:01
09:53:30,11.86,0.0,1072,1271392,卖盘,603101,2025-10-17 22:54:01
09:53:33,11.86,0.0,252,298872,卖盘,603101,2025-10-17 22:54:01
09:53:36,11.86,0.0,668,792248,卖盘,603101,2025-10-17 22:54:01
09:53:39,11.86,0.0,212,251432,卖盘,603101,2025-10-17 22:54:01
09:53:42,11.86,0.0,500,593000,卖盘,603101,2025-10-17 22:54:01
09:53:45,11.86,0.0,162,192132,卖盘,603101,2025-10-17 22:54:01
09:53:48,11.86,0.0,324,384264,卖盘,603101,2025-10-17 22:54:01
09:53:51,11.86,0.0,120,142320,卖盘,603101,2025-10-17 22:54:01
09:53:54,11.86,0.0,839,995054,卖盘,603101,2025-10-17 22:54:01
09:53:57,11.86,0.0,237,281082,卖盘,603101,2025-10-17 22:54:01
09:54:00,11.86,0.0,717,850362,卖盘,603101,2025-10-17 22:54:01
09:54:03,11.86,0.0,535,634510,卖盘,603101,2025-10-17 22:54:01
09:54:06,11.86,0.0,512,607232,卖盘,603101,2025-10-17 22:54:01
09:54:09,11.86,0.0,1568,1859648,卖盘,603101,2025-10-17 22:54:01
09:54:12,11.82,-0.04,2336,2768496,卖盘,603101,2025-10-17 22:54:01
09:54:15,11.75,-0.07,957,1126195,卖盘,603101,2025-10-17 22:54:01
09:54:18,11.73,-0.02,396,465241,卖盘,603101,2025-10-17 22:54:01
09:54:21,11.73,0.0,273,320293,卖盘,603101,2025-10-17 22:54:01
09:54:24,11.72,-0.01,564,661907,卖盘,603101,2025-10-17 22:54:01
09:54:27,11.72,0.0,967,1132456,卖盘,603101,2025-10-17 22:54:01
09:54:30,11.73,0.01,1179,1384732,买盘,603101,2025-10-17 22:54:01
09:54:33,11.77,0.04,950,1114826,买盘,603101,2025-10-17 22:54:01
09:54:36,11.77,0.0,249,292171,买盘,603101,2025-10-17 22:54:01
09:54:39,11.79,0.02,680,800885,买盘,603101,2025-10-17 22:54:01
09:54:42,11.79,0.0,310,365006,买盘,603101,2025-10-17 22:54:01
09:54:45,11.76,-0.03,379,446538,卖盘,603101,2025-10-17 22:54:01
09:54:48,11.78,0.02,399,470089,买盘,603101,2025-10-17 22:54:01
09:54:51,11.75,-0.03,1531,1801791,卖盘,603101,2025-10-17 22:54:01
09:54:54,11.73,-0.02,249,292529,卖盘,603101,2025-10-17 22:54:01
09:54:57,11.71,-0.02,208,243885,卖盘,603101,2025-10-17 22:54:01
09:55:00,11.7,-0.01,124,145233,卖盘,603101,2025-10-17 22:54:01
09:55:03,11.7,0.0,1226,1435608,卖盘,603101,2025-10-17 22:54:01
09:55:06,11.69,-0.01,578,675962,卖盘,603101,2025-10-17 22:54:01
09:55:09,11.71,0.02,2522,2953754,买盘,603101,2025-10-17 22:54:01
09:55:12,11.72,0.01,1796,2108731,卖盘,603101,2025-10-17 22:54:01
09:55:15,11.75,0.03,739,868319,卖盘,603101,2025-10-17 22:54:01
09:55:18,11.8,0.05,184,216544,买盘,603101,2025-10-17 22:54:01
09:55:21,11.81,0.01,257,302854,买盘,603101,2025-10-17 22:54:01
09:55:24,11.81,0.0,1044,1231241,买盘,603101,2025-10-17 22:54:01
09:55:27,11.77,-0.04,897,1056917,卖盘,603101,2025-10-17 22:54:01
09:55:30,11.75,-0.02,497,584762,中性盘,603101,2025-10-17 22:54:01
09:55:33,11.72,-0.03,185,217598,卖盘,603101,2025-10-17 22:54:01
09:55:36,11.72,0.0,357,418798,卖盘,603101,2025-10-17 22:54:01
09:55:39,11.74,0.02,200,234326,买盘,603101,2025-10-17 22:54:01
09:55:42,11.73,-0.01,377,441610,买盘,603101,2025-10-17 22:54:01
09:55:45,11.72,-0.01,660,773548,中性盘,603101,2025-10-17 22:54:01
09:55:48,11.75,0.03,508,596740,买盘,603101,2025-10-17 22:54:01
09:55:51,11.77,0.02,479,563350,买盘,603101,2025-10-17 22:54:01
09:55:54,11.75,-0.02,147,172908,卖盘,603101,2025-10-17 22:54:01
09:55:57,11.75,0.0,542,637950,卖盘,603101,2025-10-17 22:54:01
09:56:00,11.78,0.03,351,412889,买盘,603101,2025-10-17 22:54:01
09:56:03,11.78,0.0,979,1152422,中性盘,603101,2025-10-17 22:54:01
09:56:06,11.78,0.0,787,927379,卖盘,603101,2025-10-17 22:54:01
09:56:09,11.79,0.01,718,845244,卖盘,603101,2025-10-17 22:54:01
09:56:12,11.78,-0.01,141,166099,卖盘,603101,2025-10-17 22:54:01
09:56:15,11.77,-0.01,418,492735,卖盘,603101,2025-10-17 22:54:01
09:56:18,11.77,0.0,250,294310,卖盘,603101,2025-10-17 22:54:01
09:56:21,11.77,0.0,253,297671,买盘,603101,2025-10-17 22:54:01
09:56:24,11.76,-0.01,185,217668,卖盘,603101,2025-10-17 22:54:01
09:56:27,11.78,0.02,1531,1803270,买盘,603101,2025-10-17 22:54:01
09:56:30,11.81,0.03,2547,3006577,买盘,603101,2025-10-17 22:54:01
09:56:33,11.86,0.05,8378,9934839,买盘,603101,2025-10-17 22:54:01
09:56:36,11.86,0.0,1158,1373388,卖盘,603101,2025-10-17 22:54:01
09:56:39,11.86,0.0,271,321406,卖盘,603101,2025-10-17 22:54:01
09:56:42,11.86,0.0,745,883570,卖盘,603101,2025-10-17 22:54:01
09:56:45,11.86,0.0,591,700926,卖盘,603101,2025-10-17 22:54:01
09:56:48,11.86,0.0,625,741250,卖盘,603101,2025-10-17 22:54:01
09:56:51,11.86,0.0,2138,2535668,卖盘,603101,2025-10-17 22:54:01
09:56:54,11.85,-0.01,6448,7647061,卖盘,603101,2025-10-17 22:54:01
09:56:57,11.85,0.0,455,539359,卖盘,603101,2025-10-17 22:54:01
09:57:00,11.86,0.01,2414,2862909,买盘,603101,2025-10-17 22:54:01
09:57:03,11.86,0.0,979,1161094,卖盘,603101,2025-10-17 22:54:01
09:57:06,11.86,0.0,710,842060,卖盘,603101,2025-10-17 22:54:01
09:57:09,11.86,0.0,960,1138560,卖盘,603101,2025-10-17 22:54:01
09:57:12,11.86,0.0,681,807666,卖盘,603101,2025-10-17 22:54:01
09:57:15,11.86,0.0,740,877640,卖盘,603101,2025-10-17 22:54:01
09:57:18,11.86,0.0,541,641626,卖盘,603101,2025-10-17 22:54:01
09:57:21,11.86,0.0,218,258548,卖盘,603101,2025-10-17 22:54:01
09:57:24,11.86,0.0,623,738878,卖盘,603101,2025-10-17 22:54:01
09:57:27,11.86,0.0,1176,1394736,卖盘,603101,2025-10-17 22:54:01
09:57:30,11.86,0.0,831,985566,卖盘,603101,2025-10-17 22:54:01
09:57:33,11.85,-0.01,1162,1378057,卖盘,603101,2025-10-17 22:54:01
09:57:36,11.86,0.01,155,183807,买盘,603101,2025-10-17 22:54:01
09:57:39,11.85,-0.01,313,371096,卖盘,603101,2025-10-17 22:54:01
09:57:42,11.86,0.01,4081,4839935,买盘,603101,2025-10-17 22:54:01
09:57:45,11.86,0.0,851,1009286,卖盘,603101,2025-10-17 22:54:01
09:57:48,11.86,0.0,587,696182,卖盘,603101,2025-10-17 22:54:01
09:57:51,11.86,0.0,355,421030,卖盘,603101,2025-10-17 22:54:01
09:57:54,11.86,0.0,334,396124,卖盘,603101,2025-10-17 22:54:01
09:57:57,11.86,0.0,255,302430,卖盘,603101,2025-10-17 22:54:01
09:58:00,11.86,0.0,406,481516,卖盘,603101,2025-10-17 22:54:01
09:58:03,11.86,0.0,119,141134,卖盘,603101,2025-10-17 22:54:01
09:58:06,11.86,0.0,91,107926,卖盘,603101,2025-10-17 22:54:01
09:58:09,11.86,0.0,52,61672,卖盘,603101,2025-10-17 22:54:01
09:58:12,11.86,0.0,73,86578,卖盘,603101,2025-10-17 22:54:01
09:58:15,11.86,0.0,197,233642,卖盘,603101,2025-10-17 22:54:01
09:58:18,11.86,0.0,51,60486,卖盘,603101,2025-10-17 22:54:01
09:58:21,11.86,0.0,38,45068,卖盘,603101,2025-10-17 22:54:01
09:58:24,11.86,0.0,537,636882,卖盘,603101,2025-10-17 22:54:01
09:58:27,11.86,0.0,35,41510,卖盘,603101,2025-10-17 22:54:01
09:58:30,11.86,0.0,97,115042,卖盘,603101,2025-10-17 22:54:01
09:58:33,11.86,0.0,20,23720,卖盘,603101,2025-10-17 22:54:01
09:58:36,11.86,0.0,16,18976,卖盘,603101,2025-10-17 22:54:01
09:58:39,11.86,0.0,98,116228,卖盘,603101,2025-10-17 22:54:01
09:58:42,11.86,0.0,27,32022,卖盘,603101,2025-10-17 22:54:01
09:58:45,11.86,0.0,78,92508,卖盘,603101,2025-10-17 22:54:01
09:58:48,11.86,0.0,49,58114,卖盘,603101,2025-10-17 22:54:01
09:58:51,11.86,0.0,16,18976,卖盘,603101,2025-10-17 22:54:01
09:58:54,11.86,0.0,31,36766,卖盘,603101,2025-10-17 22:54:01
09:58:57,11.86,0.0,2,2372,卖盘,603101,2025-10-17 22:54:01
09:59:00,11.86,0.0,40,47440,卖盘,603101,2025-10-17 22:54:01
09:59:03,11.86,0.0,25,29650,卖盘,603101,2025-10-17 22:54:01
09:59:06,11.86,0.0,16,18976,卖盘,603101,2025-10-17 22:54:01
09:59:09,11.86,0.0,38,45068,卖盘,603101,2025-10-17 22:54:01
09:59:12,11.86,0.0,38,45068,卖盘,603101,2025-10-17 22:54:01
09:59:15,11.86,0.0,131,155366,卖盘,603101,2025-10-17 22:54:01
09:59:18,11.86,0.0,1,1186,卖盘,603101,2025-10-17 22:54:01
09:59:21,11.86,0.0,446,528956,卖盘,603101,2025-10-17 22:54:01
09:59:24,11.86,0.0,9,10674,卖盘,603101,2025-10-17 22:54:01
09:59:27,11.86,0.0,56,66416,卖盘,603101,2025-10-17 22:54:01
09:59:30,11.86,0.0,109,129274,卖盘,603101,2025-10-17 22:54:01
09:59:33,11.86,0.0,195,231270,卖盘,603101,2025-10-17 22:54:01
09:59:36,11.86,0.0,34,40324,卖盘,603101,2025-10-17 22:54:01
09:59:39,11.86,0.0,52,61672,卖盘,603101,2025-10-17 22:54:01
09:59:42,11.86,0.0,245,290570,卖盘,603101,2025-10-17 22:54:01
09:59:45,11.86,0.0,22,26092,卖盘,603101,2025-10-17 22:54:01
09:59:48,11.86,0.0,6,7116,卖盘,603101,2025-10-17 22:54:01
09:59:51,11.86,0.0,19,22534,卖盘,603101,2025-10-17 22:54:01
09:59:54,11.86,0.0,24,28464,卖盘,603101,2025-10-17 22:54:01
09:59:57,11.86,0.0,219,259734,卖盘,603101,2025-10-17 22:54:01
10:00:00,11.86,0.0,159,188574,卖盘,603101,2025-10-17 22:54:01
10:00:03,11.86,0.0,65,77090,卖盘,603101,2025-10-17 22:54:01
10:00:06,11.86,0.0,19,22534,卖盘,603101,2025-10-17 22:54:01
10:00:09,11.86,0.0,122,144692,卖盘,603101,2025-10-17 22:54:01
10:00:12,11.86,0.0,1,1186,卖盘,603101,2025-10-17 22:54:01
10:00:15,11.86,0.0,424,502864,卖盘,603101,2025-10-17 22:54:01
10:00:18,11.86,0.0,2,2372,卖盘,603101,2025-10-17 22:54:01
10:00:21,11.86,0.0,26,30836,卖盘,603101,2025-10-17 22:54:01
10:00:24,11.86,0.0,90,106740,卖盘,603101,2025-10-17 22:54:01
10:00:27,11.86,0.0,153,181458,卖盘,603101,2025-10-17 22:54:01
10:00:30,11.86,0.0,25,29650,卖盘,603101,2025-10-17 22:54:01
10:00:33,11.86,0.0,54,64044,卖盘,603101,2025-10-17 22:54:01
10:00:36,11.86,0.0,7,8302,卖盘,603101,2025-10-17 22:54:01
10:00:39,11.86,0.0,11,13046,卖盘,603101,2025-10-17 22:54:01
10:00:42,11.86,0.0,46,54556,卖盘,603101,2025-10-17 22:54:01
10:00:45,11.86,0.0,15,17790,卖盘,603101,2025-10-17 22:54:01
10:00:48,11.86,0.0,86,101996,卖盘,603101,2025-10-17 22:54:01
10:00:51,11.86,0.0,83,98438,卖盘,603101,2025-10-17 22:54:01
10:00:54,11.86,0.0,68,80648,卖盘,603101,2025-10-17 22:54:01
10:00:57,11.86,0.0,2,2372,卖盘,603101,2025-10-17 22:54:01
10:01:00,11.86,0.0,3,3558,卖盘,603101,2025-10-17 22:54:01
10:01:03,11.86,0.0,48,56928,卖盘,603101,2025-10-17 22:54:01
10:01:06,11.86,0.0,5,5930,卖盘,603101,2025-10-17 22:54:01
10:01:09,11.86,0.0,271,321406,卖盘,603101,2025-10-17 22:54:01
10:01:12,11.86,0.0,52,61672,卖盘,603101,2025-10-17 22:54:01
10:01:15,11.86,0.0,25,29650,卖盘,603101,2025-10-17 22:54:01
10:01:18,11.86,0.0,49,58114,卖盘,603101,2025-10-17 22:54:01
10:01:21,11.86,0.0,8,9488,卖盘,603101,2025-10-17 22:54:01
10:01:24,11.86,0.0,134,158924,卖盘,603101,2025-10-17 22:54:01
10:01:30,11.86,0.0,11,13046,卖盘,603101,2025-10-17 22:54:01
10:01:33,11.86,0.0,20,23720,卖盘,603101,2025-10-17 22:54:01
10:01:36,11.86,0.0,23,27278,卖盘,603101,2025-10-17 22:54:01
10:01:39,11.86,0.0,11,13046,卖盘,603101,2025-10-17 22:54:01
10:01:42,11.86,0.0,48,56928,卖盘,603101,2025-10-17 22:54:01
10:01:45,11.86,0.0,16,18976,卖盘,603101,2025-10-17 22:54:01
10:01:48,11.86,0.0,4,4744,卖盘,603101,2025-10-17 22:54:01
10:01:51,11.86,0.0,27,32022,卖盘,603101,2025-10-17 22:54:01
10:01:54,11.86,0.0,50,59300,卖盘,603101,2025-10-17 22:54:01
10:01:57,11.86,0.0,316,374776,卖盘,603101,2025-10-17 22:54:01
10:02:00,11.86,0.0,47,55742,卖盘,603101,2025-10-17 22:54:01
10:02:03,11.86,0.0,20,23720,卖盘,603101,2025-10-17 22:54:01
10:02:06,11.86,0.0,34,40324,卖盘,603101,2025-10-17 22:54:01
10:02:09,11.86,0.0,8,9488,卖盘,603101,2025-10-17 22:54:01
10:02:12,11.86,0.0,2,2372,卖盘,603101,2025-10-17 22:54:01
10:02:15,11.86,0.0,92,109112,卖盘,603101,2025-10-17 22:54:01
10:02:18,11.86,0.0,19,22534,卖盘,603101,2025-10-17 22:54:01
10:02:21,11.86,0.0,156,185016,卖盘,603101,2025-10-17 22:54:01
10:02:24,11.86,0.0,12,14232,卖盘,603101,2025-10-17 22:54:01
10:02:27,11.86,0.0,1,1186,卖盘,603101,2025-10-17 22:54:01
10:02:30,11.86,0.0,8,9488,卖盘,603101,2025-10-17 22:54:01
10:02:33,11.86,0.0,37,43882,卖盘,603101,2025-10-17 22:54:01
10:02:36,11.86,0.0,44,52184,卖盘,603101,2025-10-17 22:54:01
10:02:39,11.86,0.0,1,1186,卖盘,603101,2025-10-17 22:54:01
10:02:42,11.86,0.0,1,1186,卖盘,603101,2025-10-17 22:54:01
10:02:45,11.86,0.0,22,26092,卖盘,603101,2025-10-17 22:54:01
10:02:48,11.86,0.0,27,32022,卖盘,603101,2025-10-17 22:54:01
10:02:51,11.86,0.0,78,92508,卖盘,603101,2025-10-17 22:54:01
10:02:54,11.86,0.0,13,15418,卖盘,603101,2025-10-17 22:54:01
10:02:57,11.86,0.0,263,311918,卖盘,603101,2025-10-17 22:54:01
10:03:00,11.86,0.0,10,11860,卖盘,603101,2025-10-17 22:54:01
10:03:03,11.86,0.0,30,35580,卖盘,603101,2025-10-17 22:54:01
10:03:06,11.86,0.0,10,11860,卖盘,603101,2025-10-17 22:54:01
10:03:09,11.86,0.0,5,5930,卖盘,603101,2025-10-17 22:54:01
10:03:18,11.86,0.0,60,71160,卖盘,603101,2025-10-17 22:54:01
10:03:21,11.86,0.0,46,54556,卖盘,603101,2025-10-17 22:54:01
10:03:24,11.86,0.0,22,26092,卖盘,603101,2025-10-17 22:54:01
10:03:30,11.86,0.0,163,193318,卖盘,603101,2025-10-17 22:54:01
10:03:33,11.86,0.0,36,42696,卖盘,603101,2025-10-17 22:54:01
10:03:36,11.86,0.0,81,96066,卖盘,603101,2025-10-17 22:54:01
10:03:39,11.86,0.0,27,32022,卖盘,603101,2025-10-17 22:54:01
10:03:42,11.86,0.0,1,1186,卖盘,603101,2025-10-17 22:54:01
10:03:45,11.86,0.0,21,24906,卖盘,603101,2025-10-17 22:54:01
10:03:48,11.86,0.0,209,247874,卖盘,603101,2025-10-17 22:54:01
10:03:51,11.86,0.0,1,1186,卖盘,603101,2025-10-17 22:54:01
10:03:54,11.86,0.0,10,11860,卖盘,603101,2025-10-17 22:54:01
10:03:57,11.86,0.0,10,11860,卖盘,603101,2025-10-17 22:54:01
10:04:00,11.86,0.0,126,149436,卖盘,603101,2025-10-17 22:54:01
10:04:03,11.86,0.0,32,37952,卖盘,603101,2025-10-17 22:54:01
10:04:06,11.86,0.0,3,3558,卖盘,603101,2025-10-17 22:54:01
10:04:09,11.86,0.0,25,29650,卖盘,603101,2025-10-17 22:54:01
10:04:12,11.86,0.0,23,27278,卖盘,603101,2025-10-17 22:54:01
10:04:15,11.86,0.0,23,27278,卖盘,603101,2025-10-17 22:54:01
10:04:18,11.86,0.0,1,1186,卖盘,603101,2025-10-17 22:54:01
10:04:21,11.86,0.0,17,20162,卖盘,603101,2025-10-17 22:54:01
10:04:27,11.86,0.0,10,11860,卖盘,603101,2025-10-17 22:54:01
10:04:30,11.86,0.0,74,87764,卖盘,603101,2025-10-17 22:54:01
10:04:33,11.86,0.0,112,132832,卖盘,603101,2025-10-17 22:54:01
10:04:36,11.86,0.0,102,120972,卖盘,603101,2025-10-17 22:54:01
10:04:39,11.86,0.0,22,26092,卖盘,603101,2025-10-17 22:54:01
10:04:42,11.86,0.0,4,4744,卖盘,603101,2025-10-17 22:54:01
10:04:45,11.86,0.0,66,78276,卖盘,603101,2025-10-17 22:54:01
10:04:48,11.86,0.0,77,91322,卖盘,603101,2025-10-17 22:54:01
10:04:51,11.86,0.0,98,116228,卖盘,603101,2025-10-17 22:54:01
10:04:54,11.86,0.0,104,123344,卖盘,603101,2025-10-17 22:54:01
10:04:57,11.86,0.0,537,636882,卖盘,603101,2025-10-17 22:54:01
10:05:00,11.86,0.0,12,14232,卖盘,603101,2025-10-17 22:54:01
10:05:03,11.86,0.0,31,36766,卖盘,603101,2025-10-17 22:54:01
10:05:06,11.86,0.0,142,168412,卖盘,603101,2025-10-17 22:54:01
10:05:09,11.86,0.0,41,48626,卖盘,603101,2025-10-17 22:54:01
10:05:12,11.86,0.0,15,17790,卖盘,603101,2025-10-17 22:54:01
10:05:15,11.86,0.0,25,29650,卖盘,603101,2025-10-17 22:54:01
10:05:18,11.86,0.0,424,502864,卖盘,603101,2025-10-17 22:54:01
10:05:21,11.86,0.0,34,40324,卖盘,603101,2025-10-17 22:54:01
10:05:24,11.86,0.0,47,55742,卖盘,603101,2025-10-17 22:54:01
10:05:27,11.86,0.0,89,105554,卖盘,603101,2025-10-17 22:54:01
10:05:30,11.86,0.0,36,42696,卖盘,603101,2025-10-17 22:54:01
10:05:33,11.86,0.0,67,79462,卖盘,603101,2025-10-17 22:54:01
10:05:36,11.86,0.0,21,24906,卖盘,603101,2025-10-17 22:54:01
10:05:39,11.86,0.0,28,33208,卖盘,603101,2025-10-17 22:54:01
10:05:42,11.86,0.0,64,75904,卖盘,603101,2025-10-17 22:54:01
10:05:45,11.86,0.0,43,50998,卖盘,603101,2025-10-17 22:54:01
10:05:48,11.86,0.0,21,24906,卖盘,603101,2025-10-17 22:54:01
10:05:54,11.86,0.0,251,297686,卖盘,603101,2025-10-17 22:54:01
10:05:57,11.86,0.0,39,46254,卖盘,603101,2025-10-17 22:54:01
10:06:00,11.86,0.0,20,23720,卖盘,603101,2025-10-17 22:54:01
10:06:03,11.86,0.0,40,47440,卖盘,603101,2025-10-17 22:54:01
10:06:06,11.86,0.0,6,7116,卖盘,603101,2025-10-17 22:54:01
10:06:09,11.86,0.0,24,28464,卖盘,603101,2025-10-17 22:54:01
10:06:12,11.86,0.0,42,49812,卖盘,603101,2025-10-17 22:54:01
10:06:15,11.86,0.0,3,3558,卖盘,603101,2025-10-17 22:54:01
10:06:18,11.86,0.0,16,18976,卖盘,603101,2025-10-17 22:54:01
10:06:21,11.86,0.0,27,32022,卖盘,603101,2025-10-17 22:54:01
10:06:24,11.86,0.0,22,26092,卖盘,603101,2025-10-17 22:54:01
10:06:27,11.86,0.0,77,91322,卖盘,603101,2025-10-17 22:54:01
10:06:30,11.86,0.0,21,24906,卖盘,603101,2025-10-17 22:54:01
10:06:33,11.86,0.0,2,2372,卖盘,603101,2025-10-17 22:54:01
10:06:36,11.86,0.0,16,18976,卖盘,603101,2025-10-17 22:54:01
10:06:39,11.86,0.0,12,14232,卖盘,603101,2025-10-17 22:54:01
10:06:42,11.86,0.0,49,58114,卖盘,603101,2025-10-17 22:54:01
10:06:45,11.86,0.0,233,276338,卖盘,603101,2025-10-17 22:54:01
10:06:51,11.86,0.0,16,18976,卖盘,603101,2025-10-17 22:54:01
10:06:54,11.86,0.0,2,2372,卖盘,603101,2025-10-17 22:54:01
10:06:57,11.86,0.0,105,124530,卖盘,603101,2025-10-17 22:54:01
10:07:00,11.86,0.0,14,16604,卖盘,603101,2025-10-17 22:54:01
10:07:03,11.86,0.0,1,1186,卖盘,603101,2025-10-17 22:54:01
10:07:06,11.86,0.0,126,149436,卖盘,603101,2025-10-17 22:54:01
10:07:09,11.86,0.0,4,4744,卖盘,603101,2025-10-17 22:54:01
10:07:12,11.86,0.0,1,1186,卖盘,603101,2025-10-17 22:54:01
10:07:15,11.86,0.0,8,9488,卖盘,603101,2025-10-17 22:54:01
10:07:18,11.86,0.0,108,128088,卖盘,603101,2025-10-17 22:54:01
10:07:21,11.86,0.0,5,5930,卖盘,603101,2025-10-17 22:54:01
10:07:24,11.86,0.0,20,23720,卖盘,603101,2025-10-17 22:54:01
10:07:27,11.86,0.0,7,8302,卖盘,603101,2025-10-17 22:54:01
10:07:30,11.86,0.0,57,67602,卖盘,603101,2025-10-17 22:54:01
10:07:33,11.86,0.0,10,11860,卖盘,603101,2025-10-17 22:54:01
10:07:36,11.86,0.0,107,126902,卖盘,603101,2025-10-17 22:54:01
10:07:42,11.86,0.0,17,20162,卖盘,603101,2025-10-17 22:54:01
10:07:45,11.86,0.0,754,894244,卖盘,603101,2025-10-17 22:54:01
10:07:48,11.86,0.0,10,11860,卖盘,603101,2025-10-17 22:54:01
10:07:51,11.86,0.0,29,34394,卖盘,603101,2025-10-17 22:54:01
10:07:54,11.86,0.0,5,5930,卖盘,603101,2025-10-17 22:54:01
10:07:57,11.86,0.0,18,21348,卖盘,603101,2025-10-17 22:54:01
10:08:00,11.86,0.0,19,22534,卖盘,603101,2025-10-17 22:54:01
10:08:03,11.86,0.0,1,1186,卖盘,603101,2025-10-17 22:54:01
10:08:06,11.86,0.0,12,14232,卖盘,603101,2025-10-17 22:54:01
10:08:09,11.86,0.0,20,23720,卖盘,603101,2025-10-17 22:54:01
10:08:12,11.86,0.0,137,162482,卖盘,603101,2025-10-17 22:54:01
10:08:15,11.86,0.0,31,36766,卖盘,603101,2025-10-17 22:54:01
10:08:21,11.86,0.0,30,35580,卖盘,603101,2025-10-17 22:54:01
10:08:30,11.86,0.0,30,35580,卖盘,603101,2025-10-17 22:54:01
10:08:33,11.86,0.0,14,16604,卖盘,603101,2025-10-17 22:54:01
10:08:36,11.86,0.0,45,53370,卖盘,603101,2025-10-17 22:54:01
10:08:39,11.86,0.0,1953,2316258,卖盘,603101,2025-10-17 22:54:01
10:08:42,11.86,0.0,1,1186,卖盘,603101,2025-10-17 22:54:01
10:08:51,11.86,0.0,250,296500,卖盘,603101,2025-10-17 22:54:01
10:08:54,11.86,0.0,1360,1612960,卖盘,603101,2025-10-17 22:54:01
10:09:00,11.86,0.0,226,268036,卖盘,603101,2025-10-17 22:54:01
10:09:03,11.86,0.0,279,330894,卖盘,603101,2025-10-17 22:54:01
10:09:09,11.86,0.0,15,17790,卖盘,603101,2025-10-17 22:54:01
10:09:12,11.86,0.0,25,29650,卖盘,603101,2025-10-17 22:54:01
10:09:15,11.86,0.0,46,54556,卖盘,603101,2025-10-17 22:54:01
10:09:18,11.86,0.0,46,54556,卖盘,603101,2025-10-17 22:54:01
10:09:21,11.86,0.0,3,3558,卖盘,603101,2025-10-17 22:54:01
10:09:27,11.86,0.0,4,4744,卖盘,603101,2025-10-17 22:54:01
10:09:30,11.86,0.0,1,1186,卖盘,603101,2025-10-17 22:54:01
10:09:33,11.86,0.0,16,18976,卖盘,603101,2025-10-17 22:54:01
10:09:36,11.86,0.0,43,50998,卖盘,603101,2025-10-17 22:54:01
10:09:39,11.86,0.0,20,23720,卖盘,603101,2025-10-17 22:54:01
10:09:42,11.86,0.0,38,45068,卖盘,603101,2025-10-17 22:54:01
10:09:45,11.86,0.0,48,56928,卖盘,603101,2025-10-17 22:54:01
10:09:48,11.86,0.0,6,7116,卖盘,603101,2025-10-17 22:54:01
10:09:51,11.86,0.0,11,13046,卖盘,603101,2025-10-17 22:54:01
10:09:54,11.86,0.0,131,155366,卖盘,603101,2025-10-17 22:54:01
10:10:03,11.86,0.0,158,187388,卖盘,603101,2025-10-17 22:54:01
10:10:06,11.86,0.0,214,253804,卖盘,603101,2025-10-17 22:54:01
10:10:09,11.86,0.0,18,21348,卖盘,603101,2025-10-17 22:54:01
10:10:12,11.86,0.0,101,119786,卖盘,603101,2025-10-17 22:54:01
10:10:15,11.86,0.0,12,14232,卖盘,603101,2025-10-17 22:54:01
10:10:18,11.86,0.0,25,29650,卖盘,603101,2025-10-17 22:54:01
10:10:21,11.86,0.0,17,20162,卖盘,603101,2025-10-17 22:54:01
10:10:24,11.86,0.0,45,53370,卖盘,603101,2025-10-17 22:54:01
10:10:27,11.86,0.0,3,3558,卖盘,603101,2025-10-17 22:54:01
10:10:30,11.86,0.0,39,46254,卖盘,603101,2025-10-17 22:54:01
10:10:33,11.86,0.0,62,73532,卖盘,603101,2025-10-17 22:54:01
10:10:36,11.86,0.0,151,179086,卖盘,603101,2025-10-17 22:54:01
10:10:39,11.86,0.0,9,10674,卖盘,603101,2025-10-17 22:54:01
10:10:42,11.86,0.0,56,66416,卖盘,603101,2025-10-17 22:54:01
10:10:48,11.86,0.0,20,23720,卖盘,603101,2025-10-17 22:54:01
10:10:54,11.86,0.0,50,59300,卖盘,603101,2025-10-17 22:54:01
10:10:57,11.86,0.0,35,41510,卖盘,603101,2025-10-17 22:54:01
10:11:00,11.86,0.0,1,1186,卖盘,603101,2025-10-17 22:54:01
10:11:03,11.86,0.0,4,4744,卖盘,603101,2025-10-17 22:54:01
10:11:06,11.86,0.0,25,29650,卖盘,603101,2025-10-17 22:54:01
10:11:09,11.86,0.0,4,4744,卖盘,603101,2025-10-17 22:54:01
10:11:12,11.86,0.0,200,237200,卖盘,603101,2025-10-17 22:54:01
10:11:15,11.86,0.0,6,7116,卖盘,603101,2025-10-17 22:54:01
10:11:18,11.86,0.0,101,119786,卖盘,603101,2025-10-17 22:54:01
10:11:21,11.86,0.0,20,23720,卖盘,603101,2025-10-17 22:54:01
10:11:24,11.86,0.0,30,35580,卖盘,603101,2025-10-17 22:54:01
10:11:30,11.86,0.0,126,149436,卖盘,603101,2025-10-17 22:54:01
10:11:33,11.86,0.0,28,33208,卖盘,603101,2025-10-17 22:54:01
10:11:36,11.86,0.0,44,52172,卖盘,603101,2025-10-17 22:54:01
10:11:39,11.86,0.0,8,9488,卖盘,603101,2025-10-17 22:54:01
10:11:48,11.86,0.0,15,17790,卖盘,603101,2025-10-17 22:54:01
10:11:51,11.86,0.0,9,10674,卖盘,603101,2025-10-17 22:54:01
10:11:54,11.86,0.0,39,46254,卖盘,603101,2025-10-17 22:54:01
10:11:57,11.86,0.0,16,18976,卖盘,603101,2025-10-17 22:54:01
10:12:00,11.86,0.0,2,2372,卖盘,603101,2025-10-17 22:54:01
10:12:03,11.86,0.0,2,2372,卖盘,603101,2025-10-17 22:54:01
10:12:06,11.86,0.0,1,1186,卖盘,603101,2025-10-17 22:54:01
10:12:12,11.86,0.0,15,17790,卖盘,603101,2025-10-17 22:54:01
10:12:18,11.86,0.0,21,24906,卖盘,603101,2025-10-17 22:54:01
10:12:21,11.86,0.0,20,23720,卖盘,603101,2025-10-17 22:54:01
10:12:24,11.86,0.0,60,71160,卖盘,603101,2025-10-17 22:54:01
10:12:27,11.86,0.0,14,16604,卖盘,603101,2025-10-17 22:54:01
10:12:30,11.86,0.0,80,94880,卖盘,603101,2025-10-17 22:54:01
10:12:33,11.86,0.0,78,92508,卖盘,603101,2025-10-17 22:54:01
10:12:36,11.86,0.0,15,17790,卖盘,603101,2025-10-17 22:54:01
10:12:39,11.86,0.0,2,2372,卖盘,603101,2025-10-17 22:54:01
10:12:42,11.86,0.0,121,143506,卖盘,603101,2025-10-17 22:54:01
10:12:45,11.86,0.0,1,1186,卖盘,603101,2025-10-17 22:54:01
10:12:51,11.86,0.0,2,2372,卖盘,603101,2025-10-17 22:54:01
10:12:57,11.86,0.0,58,68788,卖盘,603101,2025-10-17 22:54:01
10:13:00,11.86,0.0,30,35580,卖盘,603101,2025-10-17 22:54:01
10:13:03,11.86,0.0,102,120972,卖盘,603101,2025-10-17 22:54:01
10:13:06,11.86,0.0,35,41510,卖盘,603101,2025-10-17 22:54:01
10:13:09,11.86,0.0,15,17790,卖盘,603101,2025-10-17 22:54:01
10:13:12,11.86,0.0,101,119786,卖盘,603101,2025-10-17 22:54:01
10:13:15,11.86,0.0,8,9488,卖盘,603101,2025-10-17 22:54:01
10:13:18,11.86,0.0,1,1186,卖盘,603101,2025-10-17 22:54:01
10:13:21,11.86,0.0,2,2372,卖盘,603101,2025-10-17 22:54:01
10:13:24,11.86,0.0,43,50998,卖盘,603101,2025-10-17 22:54:01
10:13:27,11.86,0.0,3,3558,卖盘,603101,2025-10-17 22:54:01
10:13:33,11.86,0.0,13,15418,卖盘,603101,2025-10-17 22:54:01
10:13:36,11.86,0.0,36,42696,卖盘,603101,2025-10-17 22:54:01
10:13:42,11.86,0.0,14,16604,卖盘,603101,2025-10-17 22:54:01
10:13:45,11.86,0.0,2,2372,卖盘,603101,2025-10-17 22:54:01
10:13:48,11.86,0.0,267,316662,卖盘,603101,2025-10-17 22:54:01
10:13:51,11.86,0.0,22,26092,卖盘,603101,2025-10-17 22:54:01
10:13:54,11.86,0.0,11,13046,卖盘,603101,2025-10-17 22:54:01
10:14:00,11.86,0.0,19,22534,卖盘,603101,2025-10-17 22:54:01
10:14:03,11.86,0.0,9,10674,卖盘,603101,2025-10-17 22:54:01
10:14:06,11.86,0.0,25,29650,卖盘,603101,2025-10-17 22:54:01
10:14:09,11.86,0.0,3,3558,卖盘,603101,2025-10-17 22:54:01
10:14:15,11.86,0.0,1,1186,卖盘,603101,2025-10-17 22:54:01
10:14:18,11.86,0.0,12,14232,卖盘,603101,2025-10-17 22:54:01
10:14:21,11.86,0.0,2,2372,卖盘,603101,2025-10-17 22:54:01
10:14:24,11.86,0.0,89,105554,卖盘,603101,2025-10-17 22:54:01
10:14:27,11.86,0.0,5,5930,卖盘,603101,2025-10-17 22:54:01
10:14:30,11.86,0.0,30,35580,卖盘,603101,2025-10-17 22:54:01
10:14:33,11.86,0.0,197,233642,卖盘,603101,2025-10-17 22:54:01
10:14:36,11.86,0.0,21,24906,卖盘,603101,2025-10-17 22:54:01
10:14:39,11.86,0.0,13,15418,卖盘,603101,2025-10-17 22:54:01
10:14:42,11.86,0.0,15,17790,卖盘,603101,2025-10-17 22:54:01
10:14:51,11.86,0.0,30,35580,卖盘,603101,2025-10-17 22:54:01
10:14:54,11.86,0.0,5,5930,卖盘,603101,2025-10-17 22:54:01
10:14:57,11.86,0.0,89,105554,卖盘,603101,2025-10-17 22:54:01
10:15:00,11.86,0.0,10,11860,卖盘,603101,2025-10-17 22:54:01
10:15:03,11.86,0.0,24,28464,卖盘,603101,2025-10-17 22:54:01
10:15:09,11.86,0.0,13,15418,卖盘,603101,2025-10-17 22:54:01
10:15:15,11.86,0.0,50,59300,卖盘,603101,2025-10-17 22:54:01
10:15:18,11.86,0.0,2,2372,卖盘,603101,2025-10-17 22:54:01
10:15:21,11.86,0.0,1,1186,卖盘,603101,2025-10-17 22:54:01
10:15:24,11.86,0.0,14,16604,卖盘,603101,2025-10-17 22:54:01
10:15:27,11.86,0.0,12,14232,卖盘,603101,2025-10-17 22:54:01
10:15:30,11.86,0.0,154,182644,卖盘,603101,2025-10-17 22:54:01
10:15:33,11.86,0.0,19,22534,卖盘,603101,2025-10-17 22:54:01
10:15:39,11.86,0.0,15,17790,卖盘,603101,2025-10-17 22:54:01
10:15:42,11.86,0.0,73,86578,卖盘,603101,2025-10-17 22:54:01
10:15:45,11.86,0.0,41,48626,卖盘,603101,2025-10-17 22:54:01
10:15:51,11.86,0.0,5,5930,卖盘,603101,2025-10-17 22:54:01
10:15:54,11.86,0.0,13,15418,卖盘,603101,2025-10-17 22:54:01
10:15:57,11.86,0.0,10,11860,卖盘,603101,2025-10-17 22:54:01
10:16:03,11.86,0.0,14,16604,卖盘,603101,2025-10-17 22:54:01
10:16:06,11.86,0.0,101,119786,卖盘,603101,2025-10-17 22:54:01
10:16:09,11.86,0.0,88,104368,卖盘,603101,2025-10-17 22:54:01
10:16:12,11.86,0.0,20,23720,卖盘,603101,2025-10-17 22:54:01
10:16:18,11.86,0.0,2,2372,卖盘,603101,2025-10-17 22:54:01
10:16:21,11.86,0.0,34,40324,卖盘,603101,2025-10-17 22:54:01
10:16:27,11.86,0.0,2,2372,卖盘,603101,2025-10-17 22:54:01
10:16:30,11.86,0.0,104,123344,卖盘,603101,2025-10-17 22:54:01
10:16:36,11.86,0.0,159,188574,卖盘,603101,2025-10-17 22:54:01
10:16:42,11.86,0.0,24,28464,卖盘,603101,2025-10-17 22:54:01
10:16:45,11.86,0.0,5,5835,卖盘,603101,2025-10-17 22:54:01
10:16:51,11.86,0.0,31,36766,卖盘,603101,2025-10-17 22:54:01
10:16:54,11.86,0.0,107,126902,卖盘,603101,2025-10-17 22:54:01
10:16:57,11.86,0.0,10,11860,卖盘,603101,2025-10-17 22:54:01
10:17:00,11.86,0.0,28,33208,卖盘,603101,2025-10-17 22:54:01
10:17:03,11.86,0.0,12,14232,卖盘,603101,2025-10-17 22:54:01
10:17:09,11.86,0.0,8,9488,卖盘,603101,2025-10-17 22:54:01
10:17:12,11.86,0.0,25,29650,卖盘,603101,2025-10-17 22:54:01
10:17:15,11.86,0.0,42,49812,卖盘,603101,2025-10-17 22:54:01
10:17:18,11.86,0.0,74,87764,卖盘,603101,2025-10-17 22:54:01
10:17:21,11.86,0.0,123,145878,卖盘,603101,2025-10-17 22:54:01
10:17:27,11.86,0.0,1,1186,卖盘,603101,2025-10-17 22:54:01
10:17:33,11.86,0.0,15,17790,卖盘,603101,2025-10-17 22:54:01
10:17:42,11.86,0.0,198,234828,卖盘,603101,2025-10-17 22:54:01
10:17:45,11.86,0.0,48,56928,卖盘,603101,2025-10-17 22:54:01
10:17:48,11.86,0.0,6,7116,卖盘,603101,2025-10-17 22:54:01
10:17:51,11.86,0.0,5,5930,卖盘,603101,2025-10-17 22:54:01
10:17:54,11.86,0.0,305,361730,卖盘,603101,2025-10-17 22:54:01
10:18:00,11.86,0.0,8,9488,卖盘,603101,2025-10-17 22:54:01
10:18:03,11.86,0.0,21,24906,卖盘,603101,2025-10-17 22:54:01
10:18:06,11.86,0.0,200,237200,卖盘,603101,2025-10-17 22:54:01
10:18:09,11.86,0.0,11,13046,卖盘,603101,2025-10-17 22:54:01
10:18:12,11.86,0.0,13,15418,卖盘,603101,2025-10-17 22:54:01
10:18:21,11.86,0.0,13,15418,卖盘,603101,2025-10-17 22:54:01
10:18:24,11.86,0.0,142,168412,卖盘,603101,2025-10-17 22:54:01
10:18:27,11.86,0.0,4,4744,卖盘,603101,2025-10-17 22:54:01
10:18:30,11.86,0.0,1,1186,卖盘,603101,2025-10-17 22:54:01
10:18:33,11.86,0.0,98,116228,卖盘,603101,2025-10-17 22:54:01
10:18:36,11.86,0.0,200,237200,卖盘,603101,2025-10-17 22:54:01
10:18:39,11.86,0.0,12,14232,卖盘,603101,2025-10-17 22:54:01
10:18:42,11.86,0.0,2,2372,卖盘,603101,2025-10-17 22:54:01
10:18:45,11.86,0.0,5,5930,卖盘,603101,2025-10-17 22:54:01
10:18:48,11.86,0.0,20,23720,卖盘,603101,2025-10-17 22:54:01
10:18:51,11.86,0.0,15,17790,卖盘,603101,2025-10-17 22:54:01
10:18:54,11.86,0.0,24,28464,卖盘,603101,2025-10-17 22:54:01
10:18:57,11.86,0.0,50,59300,卖盘,603101,2025-10-17 22:54:01
10:19:00,11.86,0.0,3,3558,卖盘,603101,2025-10-17 22:54:01
10:19:03,11.86,0.0,18,21348,卖盘,603101,2025-10-17 22:54:01
10:19:12,11.86,0.0,20,23720,卖盘,603101,2025-10-17 22:54:01
10:19:15,11.86,0.0,18,21348,卖盘,603101,2025-10-17 22:54:01
10:19:21,11.86,0.0,1,1186,卖盘,603101,2025-10-17 22:54:01
10:19:30,11.86,0.0,8,9488,卖盘,603101,2025-10-17 22:54:01
10:19:36,11.86,0.0,7,8302,卖盘,603101,2025-10-17 22:54:01
10:19:39,11.86,0.0,40,47440,卖盘,603101,2025-10-17 22:54:01
10:19:48,11.86,0.0,13,15418,卖盘,603101,2025-10-17 22:54:01
10:19:54,11.86,0.0,8,9488,卖盘,603101,2025-10-17 22:54:01
10:19:57,11.86,0.0,6,7116,卖盘,603101,2025-10-17 22:54:01
10:20:00,11.86,0.0,1,1186,卖盘,603101,2025-10-17 22:54:01
10:20:03,11.86,0.0,31,36766,卖盘,603101,2025-10-17 22:54:01
10:20:09,11.86,0.0,46,54556,卖盘,603101,2025-10-17 22:54:01
10:20:12,11.86,0.0,8,9488,卖盘,603101,2025-10-17 22:54:01
10:20:18,11.86,0.0,2,2372,卖盘,603101,2025-10-17 22:54:01
10:20:24,11.86,0.0,21,24906,卖盘,603101,2025-10-17 22:54:01
10:20:27,11.86,0.0,2,2372,卖盘,603101,2025-10-17 22:54:01
10:20:33,11.86,0.0,5,5930,卖盘,603101,2025-10-17 22:54:01
10:20:36,11.86,0.0,78,92508,卖盘,603101,2025-10-17 22:54:01
10:20:39,11.86,0.0,47,55742,卖盘,603101,2025-10-17 22:54:01
10:20:42,11.86,0.0,7,8302,卖盘,603101,2025-10-17 22:54:01
10:20:45,11.86,0.0,1,1186,卖盘,603101,2025-10-17 22:54:01
10:20:48,11.86,0.0,5,5930,卖盘,603101,2025-10-17 22:54:01
10:20:54,11.86,0.0,6,7116,卖盘,603101,2025-10-17 22:54:01
10:20:57,11.86,0.0,30,35580,卖盘,603101,2025-10-17 22:54:01
10:21:03,11.86,0.0,1,1186,卖盘,603101,2025-10-17 22:54:01
10:21:09,11.86,0.0,80,94880,卖盘,603101,2025-10-17 22:54:01
10:21:12,11.86,0.0,8,9488,卖盘,603101,2025-10-17 22:54:01
10:21:15,11.86,0.0,6,7105,卖盘,603101,2025-10-17 22:54:01
10:21:18,11.86,0.0,27,32022,卖盘,603101,2025-10-17 22:54:01
10:21:21,11.86,0.0,10,11860,卖盘,603101,2025-10-17 22:54:01
10:21:24,11.86,0.0,10,11860,卖盘,603101,2025-10-17 22:54:01
10:21:27,11.86,0.0,1,1186,卖盘,603101,2025-10-17 22:54:01
10:21:30,11.86,0.0,4,4744,卖盘,603101,2025-10-17 22:54:01
10:21:36,11.86,0.0,50,59300,卖盘,603101,2025-10-17 22:54:01
10:21:42,11.86,0.0,20,23720,卖盘,603101,2025-10-17 22:54:01
10:21:45,11.86,0.0,1,1186,卖盘,603101,2025-10-17 22:54:01
10:21:51,11.86,0.0,10,11860,卖盘,603101,2025-10-17 22:54:01
10:21:54,11.86,0.0,14,16604,卖盘,603101,2025-10-17 22:54:01
10:22:00,11.86,0.0,1,1186,卖盘,603101,2025-10-17 22:54:01
10:22:03,11.86,0.0,33,39138,卖盘,603101,2025-10-17 22:54:01
10:22:09,11.86,0.0,20,23720,卖盘,603101,2025-10-17 22:54:01
10:22:12,11.86,0.0,13,15418,卖盘,603101,2025-10-17 22:54:01
10:22:21,11.86,0.0,3,3558,卖盘,603101,2025-10-17 22:54:01
10:22:33,11.86,0.0,104,123344,卖盘,603101,2025-10-17 22:54:01
10:22:36,11.86,0.0,1,1186,卖盘,603101,2025-10-17 22:54:01
10:22:39,11.86,0.0,32,37952,卖盘,603101,2025-10-17 22:54:01
10:22:42,11.86,0.0,41,48626,卖盘,603101,2025-10-17 22:54:01
10:22:48,11.86,0.0,2,2372,卖盘,603101,2025-10-17 22:54:01
10:23:00,11.86,0.0,2,2372,卖盘,603101,2025-10-17 22:54:01
10:23:06,11.86,0.0,17,20162,卖盘,603101,2025-10-17 22:54:01
10:23:09,11.86,0.0,20,23720,卖盘,603101,2025-10-17 22:54:01
10:23:12,11.86,0.0,205,243130,卖盘,603101,2025-10-17 22:54:01
10:23:15,11.86,0.0,91,107926,卖盘,603101,2025-10-17 22:54:01
10:23:18,11.86,0.0,14,16604,卖盘,603101,2025-10-17 22:54:01
10:23:21,11.86,0.0,17,20162,卖盘,603101,2025-10-17 22:54:01
10:23:24,11.86,0.0,2,2372,卖盘,603101,2025-10-17 22:54:01
10:23:27,11.86,0.0,150,177900,卖盘,603101,2025-10-17 22:54:01
10:23:30,11.86,0.0,1,1186,卖盘,603101,2025-10-17 22:54:01
10:23:36,11.86,0.0,115,136390,卖盘,603101,2025-10-17 22:54:01
10:23:39,11.86,0.0,2,2372,卖盘,603101,2025-10-17 22:54:01
10:23:45,11.86,0.0,32,37952,卖盘,603101,2025-10-17 22:54:01
10:23:51,11.86,0.0,1,1186,卖盘,603101,2025-10-17 22:54:01
10:23:57,11.86,0.0,13,15406,卖盘,603101,2025-10-17 22:54:01
10:24:00,11.86,0.0,10,11860,卖盘,603101,2025-10-17 22:54:01
10:24:09,11.86,0.0,11,13046,卖盘,603101,2025-10-17 22:54:01
10:24:15,11.86,0.0,67,79462,卖盘,603101,2025-10-17 22:54:01
10:24:21,11.86,0.0,2,2372,卖盘,603101,2025-10-17 22:54:01
10:24:30,11.86,0.0,9,10674,卖盘,603101,2025-10-17 22:54:01
10:24:45,11.86,0.0,19,22534,卖盘,603101,2025-10-17 22:54:01
10:24:48,11.86,0.0,10,11860,卖盘,603101,2025-10-17 22:54:01
10:24:51,11.86,0.0,16,18976,卖盘,603101,2025-10-17 22:54:01
10:25:12,11.86,0.0,85,100810,卖盘,603101,2025-10-17 22:54:01
10:25:18,11.86,0.0,42,49812,卖盘,603101,2025-10-17 22:54:01
10:25:24,11.86,0.0,13,15418,卖盘,603101,2025-10-17 22:54:01
10:25:27,11.86,0.0,2,2372,卖盘,603101,2025-10-17 22:54:01
10:25:30,11.86,0.0,23,27278,卖盘,603101,2025-10-17 22:54:01
10:25:36,11.86,0.0,18,21348,卖盘,603101,2025-10-17 22:54:01
10:25:39,11.86,0.0,5,5930,卖盘,603101,2025-10-17 22:54:01
10:25:45,11.86,0.0,29,34394,卖盘,603101,2025-10-17 22:54:01
10:25:48,11.86,0.0,12,13947,卖盘,603101,2025-10-17 22:54:01
10:26:15,11.86,0.0,1,1186,卖盘,603101,2025-10-17 22:54:01
10:26:18,11.86,0.0,3,3558,卖盘,603101,2025-10-17 22:54:01
10:26:21,11.86,0.0,2,2372,卖盘,603101,2025-10-17 22:54:01
10:26:24,11.86,0.0,20,23720,卖盘,603101,2025-10-17 22:54:01
10:26:30,11.86,0.0,115,136390,卖盘,603101,2025-10-17 22:54:01
10:26:33,11.86,0.0,86,101996,卖盘,603101,2025-10-17 22:54:01
10:26:45,11.86,0.0,4,4744,卖盘,603101,2025-10-17 22:54:01
10:26:48,11.86,0.0,1,1186,卖盘,603101,2025-10-17 22:54:01
10:26:51,11.86,0.0,4,4744,卖盘,603101,2025-10-17 22:54:01
10:26:54,11.86,0.0,15,17790,卖盘,603101,2025-10-17 22:54:01
10:27:03,11.86,0.0,10,11860,卖盘,603101,2025-10-17 22:54:01
10:27:18,11.86,0.0,100,118600,卖盘,603101,2025-10-17 22:54:01
10:27:21,11.86,0.0,13,15418,卖盘,603101,2025-10-17 22:54:01
10:27:27,11.86,0.0,4,4744,卖盘,603101,2025-10-17 22:54:01
10:27:30,11.86,0.0,150,177900,卖盘,603101,2025-10-17 22:54:01
10:27:36,11.86,0.0,5,5930,卖盘,603101,2025-10-17 22:54:01
10:27:39,11.86,0.0,7,8302,卖盘,603101,2025-10-17 22:54:01
10:27:42,11.86,0.0,53,62858,卖盘,603101,2025-10-17 22:54:01
10:27:45,11.86,0.0,8,9488,卖盘,603101,2025-10-17 22:54:01
10:27:48,11.86,0.0,58,68788,卖盘,603101,2025-10-17 22:54:01
10:27:51,11.86,0.0,9,10674,卖盘,603101,2025-10-17 22:54:01
10:27:57,11.86,0.0,10,11860,卖盘,603101,2025-10-17 22:54:01
10:28:00,11.86,0.0,10,11860,卖盘,603101,2025-10-17 22:54:01
10:28:03,11.86,0.0,23,27278,卖盘,603101,2025-10-17 22:54:01
10:28:06,11.86,0.0,23,27278,卖盘,603101,2025-10-17 22:54:01
10:28:12,11.86,0.0,25,29650,卖盘,603101,2025-10-17 22:54:01
10:28:15,11.86,0.0,177,209922,卖盘,603101,2025-10-17 22:54:01
10:28:18,11.86,0.0,1,1186,卖盘,603101,2025-10-17 22:54:01
10:28:24,11.86,0.0,7,8302,卖盘,603101,2025-10-17 22:54:01
10:28:27,11.86,0.0,117,138762,卖盘,603101,2025-10-17 22:54:01
10:28:33,11.86,0.0,53,62858,卖盘,603101,2025-10-17 22:54:01
10:28:36,11.86,0.0,3,3558,卖盘,603101,2025-10-17 22:54:01
10:28:39,11.86,0.0,2,2372,卖盘,603101,2025-10-17 22:54:01
10:28:45,11.86,0.0,1,1186,卖盘,603101,2025-10-17 22:54:01
10:28:51,11.86,0.0,2,2372,卖盘,603101,2025-10-17 22:54:01
10:28:57,11.86,0.0,1,1186,卖盘,603101,2025-10-17 22:54:01
10:29:18,11.86,0.0,2,2372,卖盘,603101,2025-10-17 22:54:01
10:29:21,11.86,0.0,2,2372,卖盘,603101,2025-10-17 22:54:01
10:29:24,11.86,0.0,8,9488,卖盘,603101,2025-10-17 22:54:01
10:29:27,11.86,0.0,1,1186,卖盘,603101,2025-10-17 22:54:01
10:29:39,11.86,0.0,104,123344,卖盘,603101,2025-10-17 22:54:01
10:29:42,11.86,0.0,10,11860,卖盘,603101,2025-10-17 22:54:01
10:29:51,11.86,0.0,54,64044,卖盘,603101,2025-10-17 22:54:01
10:29:54,11.86,0.0,1,1186,卖盘,603101,2025-10-17 22:54:01
10:29:57,11.86,0.0,10,11860,卖盘,603101,2025-10-17 22:54:01
10:30:06,11.86,0.0,13,15418,卖盘,603101,2025-10-17 22:54:01
10:30:09,11.86,0.0,42,49812,卖盘,603101,2025-10-17 22:54:01
10:30:15,11.86,0.0,2,2372,卖盘,603101,2025-10-17 22:54:01
10:30:21,11.86,0.0,30,35580,卖盘,603101,2025-10-17 22:54:01
10:30:27,11.86,0.0,10,11860,卖盘,603101,2025-10-17 22:54:01
10:30:33,11.86,0.0,20,23720,卖盘,603101,2025-10-17 22:54:01
10:30:36,11.86,0.0,9,10674,卖盘,603101,2025-10-17 22:54:01
10:30:57,11.86,0.0,27,32022,卖盘,603101,2025-10-17 22:54:01
10:31:03,11.86,0.0,6,7116,卖盘,603101,2025-10-17 22:54:01
10:31:06,11.86,0.0,6,7116,卖盘,603101,2025-10-17 22:54:01
10:31:18,11.86,0.0,5,5930,卖盘,603101,2025-10-17 22:54:01
10:31:21,11.86,0.0,10,11860,卖盘,603101,2025-10-17 22:54:01
10:31:27,11.86,0.0,18,21348,卖盘,603101,2025-10-17 22:54:01
10:31:33,11.86,0.0,10,11860,卖盘,603101,2025-10-17 22:54:01
10:31:39,11.86,0.0,6,7116,卖盘,603101,2025-10-17 22:54:01
10:31:42,11.86,0.0,13,15418,卖盘,603101,2025-10-17 22:54:01
10:31:45,11.86,0.0,1,1186,卖盘,603101,2025-10-17 22:54:01
10:31:48,11.86,0.0,10,11860,卖盘,603101,2025-10-17 22:54:01
10:31:57,11.86,0.0,200,237200,卖盘,603101,2025-10-17 22:54:01
10:32:03,11.86,0.0,4,4744,卖盘,603101,2025-10-17 22:54:01
10:32:09,11.86,0.0,12,14232,卖盘,603101,2025-10-17 22:54:01
10:32:15,11.86,0.0,1,1186,卖盘,603101,2025-10-17 22:54:01
10:32:21,11.86,0.0,10,11860,卖盘,603101,2025-10-17 22:54:01
10:32:27,11.86,0.0,20,23720,卖盘,603101,2025-10-17 22:54:01
10:32:33,11.86,0.0,10,11860,卖盘,603101,2025-10-17 22:54:01
10:32:57,11.86,0.0,12,14232,卖盘,603101,2025-10-17 22:54:01
10:33:00,11.86,0.0,2,2372,卖盘,603101,2025-10-17 22:54:01
10:33:12,11.86,0.0,5,5930,卖盘,603101,2025-10-17 22:54:01
10:33:15,11.86,0.0,3,3558,卖盘,603101,2025-10-17 22:54:01
10:33:21,11.86,0.0,18,21348,卖盘,603101,2025-10-17 22:54:01
10:33:24,11.86,0.0,20,23720,卖盘,603101,2025-10-17 22:54:01
10:33:30,11.86,0.0,1,1186,卖盘,603101,2025-10-17 22:54:01
10:33:36,11.86,0.0,10,11860,卖盘,603101,2025-10-17 22:54:01
10:33:39,11.86,0.0,4,4744,卖盘,603101,2025-10-17 22:54:01
10:33:57,11.86,0.0,5,5930,卖盘,603101,2025-10-17 22:54:01
10:34:03,11.86,0.0,1,1186,卖盘,603101,2025-10-17 22:54:01
10:34:09,11.86,0.0,5,5930,卖盘,603101,2025-10-17 22:54:01
10:34:12,11.86,0.0,10,11860,卖盘,603101,2025-10-17 22:54:01
10:34:18,11.86,0.0,21,24906,卖盘,603101,2025-10-17 22:54:01
10:34:21,11.86,0.0,2,2372,卖盘,603101,2025-10-17 22:54:01
10:34:27,11.86,0.0,4,4744,卖盘,603101,2025-10-17 22:54:01
10:34:30,11.86,0.0,40,47440,卖盘,603101,2025-10-17 22:54:01
10:34:57,11.86,0.0,37,43882,卖盘,603101,2025-10-17 22:54:01
10:35:03,11.86,0.0,11,13046,卖盘,603101,2025-10-17 22:54:01
10:35:15,11.86,0.0,52,61672,卖盘,603101,2025-10-17 22:54:01
10:35:21,11.86,0.0,2,2372,卖盘,603101,2025-10-17 22:54:01
10:35:39,11.86,0.0,3,3558,卖盘,603101,2025-10-17 22:54:01
10:35:42,11.86,0.0,3,3558,卖盘,603101,2025-10-17 22:54:01
10:35:48,11.86,0.0,8,9488,卖盘,603101,2025-10-17 22:54:01
10:35:54,11.86,0.0,5,5930,卖盘,603101,2025-10-17 22:54:01
10:35:57,11.86,0.0,3,3558,卖盘,603101,2025-10-17 22:54:01
10:36:15,11.86,0.0,2,2372,卖盘,603101,2025-10-17 22:54:01
10:36:30,11.86,0.0,1,1186,卖盘,603101,2025-10-17 22:54:01
10:36:33,11.86,0.0,30,35580,卖盘,603101,2025-10-17 22:54:01
10:36:42,11.86,0.0,35,41510,卖盘,603101,2025-10-17 22:54:01
10:36:48,11.86,0.0,5,5930,卖盘,603101,2025-10-17 22:54:01
10:36:54,11.86,0.0,4,4744,卖盘,603101,2025-10-17 22:54:01
10:37:18,11.86,0.0,30,35580,卖盘,603101,2025-10-17 22:54:01
10:37:30,11.86,0.0,5,5930,卖盘,603101,2025-10-17 22:54:01
10:37:36,11.86,0.0,100,118600,卖盘,603101,2025-10-17 22:54:01
10:37:42,11.86,0.0,1,1186,卖盘,603101,2025-10-17 22:54:01
10:37:48,11.86,0.0,1,1186,卖盘,603101,2025-10-17 22:54:01
10:37:51,11.86,0.0,5,5930,卖盘,603101,2025-10-17 22:54:01
10:38:06,11.86,0.0,15,17790,卖盘,603101,2025-10-17 22:54:01
10:38:12,11.86,0.0,13,15418,卖盘,603101,2025-10-17 22:54:01
10:38:27,11.86,0.0,11,13046,卖盘,603101,2025-10-17 22:54:01
10:38:48,11.86,0.0,4,4744,卖盘,603101,2025-10-17 22:54:01
10:38:54,11.86,0.0,1,1186,卖盘,603101,2025-10-17 22:54:01
10:38:57,11.86,0.0,1,1186,卖盘,603101,2025-10-17 22:54:01
10:39:15,11.86,0.0,22,26092,卖盘,603101,2025-10-17 22:54:01
10:39:21,11.86,0.0,9,10674,卖盘,603101,2025-10-17 22:54:01
10:39:24,11.86,0.0,4,4744,卖盘,603101,2025-10-17 22:54:01
10:39:27,11.86,0.0,8,9488,卖盘,603101,2025-10-17 22:54:01
10:39:30,11.86,0.0,8,9488,卖盘,603101,2025-10-17 22:54:01
10:39:36,11.86,0.0,17,20162,卖盘,603101,2025-10-17 22:54:01
10:39:42,11.86,0.0,50,59300,卖盘,603101,2025-10-17 22:54:01
10:39:51,11.86,0.0,7,8302,卖盘,603101,2025-10-17 22:54:01
10:39:57,11.86,0.0,45,53370,卖盘,603101,2025-10-17 22:54:01
10:40:00,11.86,0.0,15,17790,卖盘,603101,2025-10-17 22:54:01
10:40:12,11.86,0.0,1,1186,卖盘,603101,2025-10-17 22:54:01
10:40:33,11.86,0.0,8,9488,卖盘,603101,2025-10-17 22:54:01
10:40:36,11.86,0.0,5,5930,卖盘,603101,2025-10-17 22:54:01
10:40:39,11.86,0.0,5,5930,卖盘,603101,2025-10-17 22:54:01
10:40:45,11.86,0.0,37,43882,卖盘,603101,2025-10-17 22:54:01
10:40:48,11.86,0.0,9,10674,卖盘,603101,2025-10-17 22:54:01
10:40:51,11.86,0.0,7,8302,卖盘,603101,2025-10-17 22:54:01
10:41:12,11.86,0.0,11,13046,卖盘,603101,2025-10-17 22:54:01
10:41:24,11.86,0.0,1,1186,卖盘,603101,2025-10-17 22:54:01
10:41:27,11.86,0.0,1,1186,卖盘,603101,2025-10-17 22:54:01
10:41:30,11.86,0.0,30,35580,卖盘,603101,2025-10-17 22:54:01
10:41:36,11.86,0.0,20,23720,卖盘,603101,2025-10-17 22:54:01
10:41:48,11.86,0.0,5,5930,卖盘,603101,2025-10-17 22:54:01
10:42:03,11.86,0.0,27,32022,卖盘,603101,2025-10-17 22:54:01
10:42:21,11.86,0.0,2,2372,卖盘,603101,2025-10-17 22:54:01
10:42:27,11.86,0.0,50,59300,卖盘,603101,2025-10-17 22:54:01
10:42:36,11.86,0.0,14,16604,卖盘,603101,2025-10-17 22:54:01
10:42:42,11.86,0.0,1,1186,卖盘,603101,2025-10-17 22:54:01
10:42:48,11.86,0.0,64,75904,卖盘,603101,2025-10-17 22:54:01
10:42:51,11.86,0.0,1,1186,卖盘,603101,2025-10-17 22:54:01
10:42:54,11.86,0.0,28,33208,卖盘,603101,2025-10-17 22:54:01
10:43:15,11.86,0.0,20,23720,卖盘,603101,2025-10-17 22:54:01
10:43:33,11.86,0.0,1,1186,卖盘,603101,2025-10-17 22:54:01
10:44:00,11.86,0.0,1,1186,卖盘,603101,2025-10-17 22:54:01
10:44:09,11.86,0.0,8,9488,卖盘,603101,2025-10-17 22:54:01
10:44:12,11.86,0.0,5,5930,卖盘,603101,2025-10-17 22:54:01
10:44:39,11.86,0.0,110,130460,卖盘,603101,2025-10-17 22:54:01
10:44:42,11.86,0.0,97,115042,卖盘,603101,2025-10-17 22:54:01
10:44:51,11.86,0.0,2,2372,卖盘,603101,2025-10-17 22:54:01
10:45:12,11.86,0.0,1,1186,卖盘,603101,2025-10-17 22:54:01
10:45:15,11.86,0.0,1,1186,卖盘,603101,2025-10-17 22:54:01
10:45:24,11.86,0.0,2,2372,卖盘,603101,2025-10-17 22:54:01
10:45:30,11.86,0.0,10,11860,卖盘,603101,2025-10-17 22:54:01
10:45:39,11.86,0.0,2,2372,卖盘,603101,2025-10-17 22:54:01
10:45:42,11.86,0.0,10,11860,卖盘,603101,2025-10-17 22:54:01
10:45:45,11.86,0.0,2,2372,卖盘,603101,2025-10-17 22:54:01
10:45:57,11.86,0.0,5,5930,卖盘,603101,2025-10-17 22:54:01
10:46:00,11.86,0.0,5,5930,卖盘,603101,2025-10-17 22:54:01
10:46:12,11.86,0.0,20,23720,卖盘,603101,2025-10-17 22:54:01
10:46:15,11.86,0.0,14,16604,卖盘,603101,2025-10-17 22:54:01
10:46:21,11.86,0.0,3,3558,卖盘,603101,2025-10-17 22:54:01
10:46:36,11.86,0.0,5,5930,卖盘,603101,2025-10-17 22:54:01
10:46:42,11.86,0.0,11,13046,卖盘,603101,2025-10-17 22:54:01
10:46:48,11.86,0.0,3,3558,卖盘,603101,2025-10-17 22:54:01
10:46:51,11.86,0.0,19,22534,卖盘,603101,2025-10-17 22:54:01
10:47:00,11.86,0.0,2,2372,卖盘,603101,2025-10-17 22:54:01
10:47:09,11.86,0.0,12,14232,卖盘,603101,2025-10-17 22:54:01
10:47:15,11.86,0.0,2,2372,卖盘,603101,2025-10-17 22:54:01
10:47:27,11.86,0.0,20,23720,卖盘,603101,2025-10-17 22:54:01
10:47:48,11.86,0.0,10,11860,卖盘,603101,2025-10-17 22:54:01
10:47:57,11.86,0.0,1,1186,卖盘,603101,2025-10-17 22:54:01
10:48:18,11.86,0.0,3,3558,卖盘,603101,2025-10-17 22:54:01
10:48:24,11.86,0.0,39,46254,卖盘,603101,2025-10-17 22:54:01
10:48:42,11.86,0.0,2,2372,卖盘,603101,2025-10-17 22:54:01
10:48:48,11.86,0.0,15,17790,卖盘,603101,2025-10-17 22:54:01
10:49:00,11.86,0.0,4,4744,卖盘,603101,2025-10-17 22:54:01
10:49:18,11.86,0.0,1,1186,卖盘,603101,2025-10-17 22:54:01
10:49:24,11.86,0.0,7,8302,卖盘,603101,2025-10-17 22:54:01
10:49:48,11.86,0.0,10,11860,卖盘,603101,2025-10-17 22:54:01
10:49:51,11.86,0.0,13,15418,卖盘,603101,2025-10-17 22:54:01
10:49:54,11.86,0.0,5,5930,卖盘,603101,2025-10-17 22:54:01
10:50:15,11.86,0.0,3,3558,卖盘,603101,2025-10-17 22:54:01
10:50:33,11.86,0.0,21,24906,卖盘,603101,2025-10-17 22:54:01
10:50:39,11.86,0.0,1,1186,卖盘,603101,2025-10-17 22:54:01
10:51:51,11.86,0.0,1,1186,卖盘,603101,2025-10-17 22:54:01
10:51:57,11.86,0.0,4,4744,卖盘,603101,2025-10-17 22:54:01
10:52:00,11.86,0.0,20,23720,卖盘,603101,2025-10-17 22:54:01
10:52:03,11.86,0.0,5,5930,卖盘,603101,2025-10-17 22:54:01
10:52:06,11.86,0.0,40,47440,卖盘,603101,2025-10-17 22:54:01
10:52:18,11.86,0.0,2,2372,卖盘,603101,2025-10-17 22:54:01
10:52:27,11.86,0.0,2,2372,卖盘,603101,2025-10-17 22:54:01
10:52:54,11.86,0.0,1,1186,卖盘,603101,2025-10-17 22:54:01
10:53:06,11.86,0.0,1,1186,卖盘,603101,2025-10-17 22:54:01
10:53:15,11.86,0.0,1,1186,卖盘,603101,2025-10-17 22:54:01
10:53:18,11.86,0.0,19,22534,卖盘,603101,2025-10-17 22:54:01
10:53:27,11.86,0.0,24,28464,卖盘,603101,2025-10-17 22:54:01
10:53:36,11.86,0.0,30,35580,卖盘,603101,2025-10-17 22:54:01
10:53:51,11.86,0.0,2,2372,卖盘,603101,2025-10-17 22:54:01
10:54:00,11.86,0.0,10,11860,卖盘,603101,2025-10-17 22:54:01
10:54:06,11.86,0.0,1,1186,卖盘,603101,2025-10-17 22:54:01
10:54:09,11.86,0.0,2,2372,卖盘,603101,2025-10-17 22:54:01
10:54:15,11.86,0.0,3,3558,卖盘,603101,2025-10-17 22:54:01
10:54:39,11.86,0.0,1,1186,卖盘,603101,2025-10-17 22:54:01
10:54:54,11.86,0.0,5,5930,卖盘,603101,2025-10-17 22:54:01
10:55:15,11.86,0.0,10,11860,卖盘,603101,2025-10-17 22:54:01
10:55:27,11.86,0.0,4,4744,卖盘,603101,2025-10-17 22:54:01
10:55:30,11.86,0.0,2,2372,卖盘,603101,2025-10-17 22:54:01
10:55:36,11.86,0.0,6,7116,卖盘,603101,2025-10-17 22:54:01
10:56:00,11.86,0.0,20,23720,卖盘,603101,2025-10-17 22:54:01
10:56:06,11.86,0.0,1,1186,卖盘,603101,2025-10-17 22:54:01
10:56:09,11.86,0.0,1,1186,卖盘,603101,2025-10-17 22:54:01
10:56:12,11.86,0.0,3,3558,卖盘,603101,2025-10-17 22:54:01
10:56:24,11.86,0.0,8,9488,卖盘,603101,2025-10-17 22:54:01
10:56:30,11.86,0.0,1,1186,卖盘,603101,2025-10-17 22:54:01
10:56:39,11.86,0.0,1,1186,卖盘,603101,2025-10-17 22:54:01
10:57:06,11.86,0.0,1,1186,卖盘,603101,2025-10-17 22:54:01
10:57:12,11.86,0.0,3,3558,卖盘,603101,2025-10-17 22:54:01
10:57:24,11.86,0.0,11,13046,卖盘,603101,2025-10-17 22:54:01
10:57:39,11.86,0.0,7,8302,卖盘,603101,2025-10-17 22:54:01
10:57:48,11.86,0.0,23,27278,卖盘,603101,2025-10-17 22:54:01
10:57:57,11.86,0.0,5,5930,卖盘,603101,2025-10-17 22:54:01
10:58:15,11.86,0.0,6,7116,卖盘,603101,2025-10-17 22:54:01
10:58:30,11.86,0.0,2,2372,卖盘,603101,2025-10-17 22:54:01
10:58:33,11.86,0.0,1,1186,卖盘,603101,2025-10-17 22:54:01
10:58:36,11.86,0.0,7,8302,卖盘,603101,2025-10-17 22:54:01
10:58:48,11.86,0.0,1,1186,卖盘,603101,2025-10-17 22:54:01
10:58:54,11.86,0.0,2,2372,卖盘,603101,2025-10-17 22:54:01
10:59:09,11.86,0.0,3,3558,卖盘,603101,2025-10-17 22:54:01
10:59:15,11.86,0.0,5,5930,卖盘,603101,2025-10-17 22:54:01
10:59:18,11.86,0.0,2,2372,卖盘,603101,2025-10-17 22:54:01
10:59:33,11.86,0.0,11,13046,卖盘,603101,2025-10-17 22:54:01
10:59:36,11.86,0.0,10,11860,卖盘,603101,2025-10-17 22:54:01
10:59:51,11.86,0.0,6,7116,卖盘,603101,2025-10-17 22:54:01
10:59:54,11.86,0.0,6,7116,卖盘,603101,2025-10-17 22:54:01
11:00:03,11.86,0.0,6,6974,卖盘,603101,2025-10-17 22:54:01
11:00:06,11.86,0.0,5,5930,卖盘,603101,2025-10-17 22:54:01
11:00:24,11.86,0.0,1,1186,卖盘,603101,2025-10-17 22:54:01
11:00:27,11.86,0.0,3,3558,卖盘,603101,2025-10-17 22:54:01
11:00:39,11.86,0.0,1,1186,卖盘,603101,2025-10-17 22:54:01
11:00:51,11.86,0.0,22,26092,卖盘,603101,2025-10-17 22:54:01
11:01:03,11.86,0.0,5,5930,卖盘,603101,2025-10-17 22:54:01
11:01:06,11.86,0.0,1,1186,卖盘,603101,2025-10-17 22:54:01
11:01:27,11.86,0.0,1,1186,卖盘,603101,2025-10-17 22:54:01
11:01:30,11.86,0.0,100,118600,卖盘,603101,2025-10-17 22:54:01
11:01:33,11.86,0.0,25,29650,卖盘,603101,2025-10-17 22:54:01
11:01:36,11.86,0.0,5,5930,卖盘,603101,2025-10-17 22:54:01
11:01:39,11.86,0.0,4,4744,卖盘,603101,2025-10-17 22:54:01
11:02:00,11.86,0.0,40,47440,卖盘,603101,2025-10-17 22:54:01
11:02:18,11.86,0.0,1,1186,卖盘,603101,2025-10-17 22:54:01
11:02:33,11.86,0.0,1,1186,卖盘,603101,2025-10-17 22:54:01
11:02:54,11.86,0.0,5,5930,卖盘,603101,2025-10-17 22:54:01
11:03:00,11.86,0.0,1,1186,卖盘,603101,2025-10-17 22:54:01
11:03:03,11.86,0.0,10,11860,卖盘,603101,2025-10-17 22:54:01
11:03:30,11.86,0.0,10,11860,卖盘,603101,2025-10-17 22:54:01
11:03:36,11.86,0.0,11,13046,卖盘,603101,2025-10-17 22:54:01
11:03:39,11.86,0.0,20,23720,卖盘,603101,2025-10-17 22:54:01
11:03:42,11.86,0.0,1,1186,卖盘,603101,2025-10-17 22:54:01
11:03:45,11.86,0.0,2,2372,卖盘,603101,2025-10-17 22:54:01
11:04:03,11.86,0.0,250,296500,卖盘,603101,2025-10-17 22:54:01
11:04:12,11.86,0.0,4,4744,卖盘,603101,2025-10-17 22:54:01
11:04:39,11.86,0.0,3,3558,卖盘,603101,2025-10-17 22:54:01
11:04:48,11.86,0.0,10,11860,卖盘,603101,2025-10-17 22:54:01
11:04:51,11.86,0.0,1,1186,卖盘,603101,2025-10-17 22:54:01
11:04:54,11.86,0.0,53,62858,卖盘,603101,2025-10-17 22:54:01
11:05:15,11.86,0.0,1,1186,卖盘,603101,2025-10-17 22:54:01
11:05:27,11.86,0.0,1,1186,卖盘,603101,2025-10-17 22:54:01
11:05:30,11.86,0.0,2,2372,卖盘,603101,2025-10-17 22:54:01
11:05:33,11.86,0.0,1,1186,卖盘,603101,2025-10-17 22:54:01
11:05:36,11.86,0.0,10,11860,卖盘,603101,2025-10-17 22:54:01
11:05:39,11.86,0.0,1,1186,卖盘,603101,2025-10-17 22:54:01
11:05:48,11.86,0.0,5,5930,卖盘,603101,2025-10-17 22:54:01
11:06:00,11.86,0.0,3,3558,卖盘,603101,2025-10-17 22:54:01
11:06:03,11.86,0.0,20,23720,卖盘,603101,2025-10-17 22:54:01
11:06:21,11.86,0.0,136,161296,卖盘,603101,2025-10-17 22:54:01
11:06:24,11.86,0.0,30,35580,卖盘,603101,2025-10-17 22:54:01
11:06:30,11.86,0.0,5,5930,卖盘,603101,2025-10-17 22:54:01
11:06:39,11.86,0.0,21,24906,卖盘,603101,2025-10-17 22:54:01
11:06:54,11.86,0.0,25,29650,卖盘,603101,2025-10-17 22:54:01
11:07:27,11.86,0.0,1,1186,卖盘,603101,2025-10-17 22:54:01
11:07:39,11.86,0.0,10,11860,卖盘,603101,2025-10-17 22:54:01
11:07:42,11.86,0.0,3,3558,卖盘,603101,2025-10-17 22:54:01
11:07:45,11.86,0.0,1,1186,卖盘,603101,2025-10-17 22:54:01
11:08:06,11.86,0.0,25,29650,卖盘,603101,2025-10-17 22:54:01
11:08:33,11.86,0.0,1,1186,卖盘,603101,2025-10-17 22:54:01
11:09:12,11.86,0.0,10,11860,卖盘,603101,2025-10-17 22:54:01
11:09:21,11.86,0.0,1,1186,卖盘,603101,2025-10-17 22:54:01
11:09:42,11.86,0.0,58,68788,卖盘,603101,2025-10-17 22:54:01
11:09:54,11.86,0.0,1,1186,卖盘,603101,2025-10-17 22:54:01
11:10:06,11.86,0.0,9,10674,卖盘,603101,2025-10-17 22:54:01
11:10:09,11.86,0.0,15,17790,卖盘,603101,2025-10-17 22:54:01
11:10:12,11.86,0.0,1,1186,卖盘,603101,2025-10-17 22:54:01
11:10:21,11.86,0.0,1,1186,卖盘,603101,2025-10-17 22:54:01
11:10:24,11.86,0.0,8,9488,卖盘,603101,2025-10-17 22:54:01
11:10:36,11.86,0.0,30,35580,卖盘,603101,2025-10-17 22:54:01
11:10:39,11.86,0.0,6,7116,卖盘,603101,2025-10-17 22:54:01
11:10:45,11.86,0.0,1,1186,卖盘,603101,2025-10-17 22:54:01
11:10:54,11.86,0.0,84,99624,卖盘,603101,2025-10-17 22:54:01
11:11:03,11.86,0.0,238,282268,卖盘,603101,2025-10-17 22:54:01
11:11:33,11.86,0.0,10,11860,卖盘,603101,2025-10-17 22:54:01
11:11:42,11.86,0.0,20,23720,卖盘,603101,2025-10-17 22:54:01
11:11:48,11.86,0.0,29,34394,卖盘,603101,2025-10-17 22:54:01
11:11:54,11.86,0.0,3,3558,卖盘,603101,2025-10-17 22:54:01
11:12:00,11.86,0.0,1,1186,卖盘,603101,2025-10-17 22:54:01
11:12:30,11.86,0.0,1,1174,卖盘,603101,2025-10-17 22:54:01
11:12:33,11.86,0.0,9,10674,卖盘,603101,2025-10-17 22:54:01
11:12:39,11.86,0.0,11,13046,卖盘,603101,2025-10-17 22:54:01
11:12:42,11.86,0.0,22,26092,卖盘,603101,2025-10-17 22:54:01
11:12:51,11.86,0.0,4,4744,卖盘,603101,2025-10-17 22:54:01
11:13:03,11.86,0.0,9,10674,卖盘,603101,2025-10-17 22:54:01
11:13:33,11.86,0.0,20,23720,卖盘,603101,2025-10-17 22:54:01
11:13:39,11.86,0.0,5,5930,卖盘,603101,2025-10-17 22:54:01
11:13:57,11.86,0.0,3,3558,卖盘,603101,2025-10-17 22:54:01
11:14:27,11.86,0.0,4,4744,卖盘,603101,2025-10-17 22:54:01
11:14:51,11.86,0.0,1,1186,卖盘,603101,2025-10-17 22:54:01
11:15:36,11.86,0.0,10,11860,卖盘,603101,2025-10-17 22:54:01
11:15:51,11.86,0.0,30,35580,卖盘,603101,2025-10-17 22:54:01
11:15:57,11.86,0.0,4,4744,卖盘,603101,2025-10-17 22:54:01
11:16:00,11.86,0.0,1,1186,卖盘,603101,2025-10-17 22:54:01
11:16:03,11.86,0.0,2,2372,卖盘,603101,2025-10-17 22:54:01
11:16:06,11.86,0.0,1,1186,卖盘,603101,2025-10-17 22:54:01
11:16:24,11.86,0.0,2,2372,卖盘,603101,2025-10-17 22:54:01
11:16:30,11.86,0.0,100,118600,卖盘,603101,2025-10-17 22:54:01
11:16:36,11.86,0.0,6,7116,卖盘,603101,2025-10-17 22:54:01
11:16:54,11.86,0.0,9,10674,卖盘,603101,2025-10-17 22:54:01
11:16:57,11.86,0.0,1,1186,卖盘,603101,2025-10-17 22:54:01
11:17:03,11.86,0.0,6,7116,卖盘,603101,2025-10-17 22:54:01
11:17:15,11.86,0.0,20,23720,卖盘,603101,2025-10-17 22:54:01
11:17:57,11.86,0.0,1,1186,卖盘,603101,2025-10-17 22:54:01
11:18:06,11.86,0.0,6,7116,卖盘,603101,2025-10-17 22:54:01
11:18:21,11.86,0.0,5,5930,卖盘,603101,2025-10-17 22:54:01
11:18:27,11.86,0.0,1,1186,卖盘,603101,2025-10-17 22:54:01
11:18:30,11.86,0.0,1,1186,卖盘,603101,2025-10-17 22:54:01
11:18:33,11.86,0.0,17,20162,卖盘,603101,2025-10-17 22:54:01
11:18:42,11.86,0.0,18,21348,卖盘,603101,2025-10-17 22:54:01
11:19:30,11.86,0.0,1,1186,卖盘,603101,2025-10-17 22:54:01
11:19:39,11.86,0.0,5,5930,卖盘,603101,2025-10-17 22:54:01
11:19:48,11.86,0.0,2,2372,卖盘,603101,2025-10-17 22:54:01
11:19:51,11.86,0.0,1,1186,卖盘,603101,2025-10-17 22:54:01
11:19:57,11.86,0.0,2,2372,卖盘,603101,2025-10-17 22:54:01
11:20:18,11.86,0.0,15,17790,卖盘,603101,2025-10-17 22:54:01
11:20:42,11.86,0.0,1,1186,卖盘,603101,2025-10-17 22:54:01
11:21:21,11.86,0.0,1,1186,卖盘,603101,2025-10-17 22:54:01
11:21:30,11.86,0.0,103,122158,卖盘,603101,2025-10-17 22:54:01
11:21:42,11.86,0.0,1,1186,卖盘,603101,2025-10-17 22:54:01
11:22:24,11.86,0.0,5,5930,卖盘,603101,2025-10-17 22:54:01
11:22:27,11.86,0.0,50,59300,卖盘,603101,2025-10-17 22:54:01
11:23:09,11.86,0.0,1,1186,卖盘,603101,2025-10-17 22:54:01
11:23:12,11.86,0.0,6,7116,卖盘,603101,2025-10-17 22:54:01
11:23:15,11.86,0.0,3,3558,卖盘,603101,2025-10-17 22:54:01
11:23:18,11.86,0.0,7,8302,卖盘,603101,2025-10-17 22:54:01
11:23:21,11.86,0.0,17,20162,卖盘,603101,2025-10-17 22:54:01
11:23:30,11.86,0.0,5,5930,卖盘,603101,2025-10-17 22:54:01
11:23:36,11.86,0.0,100,118600,卖盘,603101,2025-10-17 22:54:01
11:23:48,11.86,0.0,5,5930,卖盘,603101,2025-10-17 22:54:01
11:24:12,11.86,0.0,5,5930,卖盘,603101,2025-10-17 22:54:01
11:24:21,11.86,0.0,10,11860,卖盘,603101,2025-10-17 22:54:01
11:24:24,11.86,0.0,4,4744,卖盘,603101,2025-10-17 22:54:01
11:24:33,11.86,0.0,4,4744,卖盘,603101,2025-10-17 22:54:01
11:24:51,11.86,0.0,1,1186,卖盘,603101,2025-10-17 22:54:01
11:25:12,11.86,0.0,40,47440,卖盘,603101,2025-10-17 22:54:01
11:25:15,11.86,0.0,5,5930,卖盘,603101,2025-10-17 22:54:01
11:25:24,11.86,0.0,57,67602,卖盘,603101,2025-10-17 22:54:01
11:25:42,11.86,0.0,1,1186,卖盘,603101,2025-10-17 22:54:01
11:26:00,11.86,0.0,4,4744,卖盘,603101,2025-10-17 22:54:01
11:26:03,11.86,0.0,80,94880,卖盘,603101,2025-10-17 22:54:01
11:26:30,11.86,0.0,4,4744,卖盘,603101,2025-10-17 22:54:01
11:26:54,11.86,0.0,7,8302,卖盘,603101,2025-10-17 22:54:01
11:27:27,11.86,0.0,5,5930,卖盘,603101,2025-10-17 22:54:01
11:27:42,11.86,0.0,1,1186,卖盘,603101,2025-10-17 22:54:01
11:27:48,11.86,0.0,1,1186,卖盘,603101,2025-10-17 22:54:01
11:28:00,11.86,0.0,2,2372,卖盘,603101,2025-10-17 22:54:01
11:28:06,11.86,0.0,32,37952,卖盘,603101,2025-10-17 22:54:01
11:28:21,11.86,0.0,27,32022,卖盘,603101,2025-10-17 22:54:01
11:28:24,11.86,0.0,8,9488,卖盘,603101,2025-10-17 22:54:01
11:28:39,11.86,0.0,5,5930,卖盘,603101,2025-10-17 22:54:01
11:28:57,11.86,0.0,1,1186,卖盘,603101,2025-10-17 22:54:01
11:29:09,11.86,0.0,2,2372,卖盘,603101,2025-10-17 22:54:01
11:29:12,11.86,0.0,12,14232,卖盘,603101,2025-10-17 22:54:01
11:29:15,11.86,0.0,5,5930,卖盘,603101,2025-10-17 22:54:01
11:29:42,11.86,0.0,5,5930,卖盘,603101,2025-10-17 22:54:01
11:29:45,11.86,0.0,10,11860,卖盘,603101,2025-10-17 22:54:01
11:29:57,11.86,0.0,9,10674,卖盘,603101,2025-10-17 22:54:01
13:00:03,11.86,0.0,428,507608,卖盘,603101,2025-10-17 22:54:01
13:00:06,11.86,0.0,162,192132,卖盘,603101,2025-10-17 22:54:01
13:00:09,11.86,0.0,120,142320,卖盘,603101,2025-10-17 22:54:01
13:00:12,11.86,0.0,135,160110,卖盘,603101,2025-10-17 22:54:01
13:00:15,11.86,0.0,11,13046,卖盘,603101,2025-10-17 22:54:01
13:00:42,11.86,0.0,78,92508,卖盘,603101,2025-10-17 22:54:01
13:00:45,11.86,0.0,1,1186,卖盘,603101,2025-10-17 22:54:01
13:00:48,11.86,0.0,15,17790,卖盘,603101,2025-10-17 22:54:01
13:00:51,11.86,0.0,23,27278,卖盘,603101,2025-10-17 22:54:01
13:00:54,11.86,0.0,10,11860,卖盘,603101,2025-10-17 22:54:01
13:01:06,11.86,0.0,81,96066,卖盘,603101,2025-10-17 22:54:01
13:01:21,11.86,0.0,2,2372,卖盘,603101,2025-10-17 22:54:01
13:01:27,11.86,0.0,10,11860,卖盘,603101,2025-10-17 22:54:01
13:01:33,11.86,0.0,2,2372,卖盘,603101,2025-10-17 22:54:01
13:01:45,11.86,0.0,48,56928,卖盘,603101,2025-10-17 22:54:01
13:01:51,11.86,0.0,6,7116,卖盘,603101,2025-10-17 22:54:01
13:02:12,11.86,0.0,13,15418,卖盘,603101,2025-10-17 22:54:01
13:02:15,11.86,0.0,20,23720,卖盘,603101,2025-10-17 22:54:01
13:02:18,11.86,0.0,10,11860,卖盘,603101,2025-10-17 22:54:01
13:02:21,11.86,0.0,8,9488,卖盘,603101,2025-10-17 22:54:01
13:02:27,11.86,0.0,10,11860,卖盘,603101,2025-10-17 22:54:01
13:02:33,11.86,0.0,1,1186,卖盘,603101,2025-10-17 22:54:01
13:02:42,11.86,0.0,48,56928,卖盘,603101,2025-10-17 22:54:01
13:02:45,11.86,0.0,6,7116,卖盘,603101,2025-10-17 22:54:01
13:02:48,11.86,0.0,10,11860,卖盘,603101,2025-10-17 22:54:01
13:02:54,11.86,0.0,100,118600,卖盘,603101,2025-10-17 22:54:01
13:02:57,11.86,0.0,5,5930,卖盘,603101,2025-10-17 22:54:01
13:03:03,11.86,0.0,5,5930,卖盘,603101,2025-10-17 22:54:01
13:03:06,11.86,0.0,291,345126,卖盘,603101,2025-10-17 22:54:01
13:03:21,11.86,0.0,7,8302,卖盘,603101,2025-10-17 22:54:01
13:03:24,11.86,0.0,5,5930,卖盘,603101,2025-10-17 22:54:01
13:03:33,11.86,0.0,30,35580,卖盘,603101,2025-10-17 22:54:01
13:03:36,11.86,0.0,5,5930,卖盘,603101,2025-10-17 22:54:01
13:03:39,11.86,0.0,20,23720,卖盘,603101,2025-10-17 22:54:01
13:03:48,11.86,0.0,18,21348,卖盘,603101,2025-10-17 22:54:01
13:03:54,11.86,0.0,10,11860,卖盘,603101,2025-10-17 22:54:01
13:04:00,11.86,0.0,60,71160,卖盘,603101,2025-10-17 22:54:01
13:04:03,11.86,0.0,2,2372,卖盘,603101,2025-10-17 22:54:01
13:04:06,11.86,0.0,2,2372,卖盘,603101,2025-10-17 22:54:01
13:04:09,11.86,0.0,12,14232,卖盘,603101,2025-10-17 22:54:01
13:04:15,11.86,0.0,6,7116,卖盘,603101,2025-10-17 22:54:01
13:04:24,11.86,0.0,109,129274,卖盘,603101,2025-10-17 22:54:01
13:04:27,11.86,0.0,915,1085190,卖盘,603101,2025-10-17 22:54:01
13:04:42,11.86,0.0,41,48626,卖盘,603101,2025-10-17 22:54:01
13:04:48,11.86,0.0,5,5930,卖盘,603101,2025-10-17 22:54:01
13:04:51,11.86,0.0,10,11860,卖盘,603101,2025-10-17 22:54:01
13:04:54,11.86,0.0,104,123344,卖盘,603101,2025-10-17 22:54:01
13:05:00,11.86,0.0,1,1186,卖盘,603101,2025-10-17 22:54:01
13:05:03,11.86,0.0,20,23720,卖盘,603101,2025-10-17 22:54:01
13:05:09,11.86,0.0,4,4744,卖盘,603101,2025-10-17 22:54:01
13:05:12,11.86,0.0,10,11860,卖盘,603101,2025-10-17 22:54:01
13:05:24,11.86,0.0,7,8302,卖盘,603101,2025-10-17 22:54:01
13:05:45,11.86,0.0,26,30836,卖盘,603101,2025-10-17 22:54:01
13:05:48,11.86,0.0,2,2372,卖盘,603101,2025-10-17 22:54:01
13:05:51,11.86,0.0,2,2372,卖盘,603101,2025-10-17 22:54:01
13:05:57,11.86,0.0,1,1186,卖盘,603101,2025-10-17 22:54:01
13:06:24,11.86,0.0,2,2372,卖盘,603101,2025-10-17 22:54:01
13:06:27,11.86,0.0,45,53370,卖盘,603101,2025-10-17 22:54:01
13:06:30,11.86,0.0,1,1186,卖盘,603101,2025-10-17 22:54:01
13:06:39,11.86,0.0,2,2372,卖盘,603101,2025-10-17 22:54:01
13:06:42,11.86,0.0,11,13046,卖盘,603101,2025-10-17 22:54:01
13:06:51,11.86,0.0,50,59300,卖盘,603101,2025-10-17 22:54:01
13:07:00,11.86,0.0,5,5930,卖盘,603101,2025-10-17 22:54:01
13:07:03,11.86,0.0,5,5930,卖盘,603101,2025-10-17 22:54:01
13:07:12,11.86,0.0,8,9488,卖盘,603101,2025-10-17 22:54:01
13:07:21,11.86,0.0,16,18976,卖盘,603101,2025-10-17 22:54:01
13:07:24,11.86,0.0,20,23720,卖盘,603101,2025-10-17 22:54:01
13:07:27,11.86,0.0,46,54556,卖盘,603101,2025-10-17 22:54:01
13:07:30,11.86,0.0,1,1186,卖盘,603101,2025-10-17 22:54:01
13:07:33,11.86,0.0,5,5930,卖盘,603101,2025-10-17 22:54:01
13:07:36,11.86,0.0,23,27278,卖盘,603101,2025-10-17 22:54:01
13:07:42,11.86,0.0,10,11860,卖盘,603101,2025-10-17 22:54:01
13:07:48,11.86,0.0,20,23720,卖盘,603101,2025-10-17 22:54:01
13:08:12,11.86,0.0,5,5930,卖盘,603101,2025-10-17 22:54:01
13:08:15,11.86,0.0,7,8302,卖盘,603101,2025-10-17 22:54:01
13:08:24,11.86,0.0,10,11860,卖盘,603101,2025-10-17 22:54:01
13:08:27,11.86,0.0,7,8302,卖盘,603101,2025-10-17 22:54:01
13:08:39,11.86,0.0,10,11860,卖盘,603101,2025-10-17 22:54:01
13:08:42,11.86,0.0,1,1186,卖盘,603101,2025-10-17 22:54:01
13:08:45,11.86,0.0,2,2372,卖盘,603101,2025-10-17 22:54:01
13:08:57,11.86,0.0,14,16604,卖盘,603101,2025-10-17 22:54:01
13:09:09,11.86,0.0,20,23720,卖盘,603101,2025-10-17 22:54:01
13:09:15,11.86,0.0,10,11860,卖盘,603101,2025-10-17 22:54:01
13:09:27,11.86,0.0,10,11860,卖盘,603101,2025-10-17 22:54:01
13:09:33,11.86,0.0,15,17790,卖盘,603101,2025-10-17 22:54:01
13:09:39,11.86,0.0,16,18976,卖盘,603101,2025-10-17 22:54:01
13:09:42,11.86,0.0,5,5930,卖盘,603101,2025-10-17 22:54:01
13:09:48,11.86,0.0,2,2372,卖盘,603101,2025-10-17 22:54:01
13:09:51,11.86,0.0,1,1186,卖盘,603101,2025-10-17 22:54:01
13:09:57,11.86,0.0,20,23720,卖盘,603101,2025-10-17 22:54:01
13:10:00,11.86,0.0,10,11860,卖盘,603101,2025-10-17 22:54:01
13:10:12,11.86,0.0,8,9488,卖盘,603101,2025-10-17 22:54:01
13:10:27,11.86,0.0,2,2372,卖盘,603101,2025-10-17 22:54:01
13:10:48,11.86,0.0,4,4744,卖盘,603101,2025-10-17 22:54:01
13:10:51,11.86,0.0,4,4744,卖盘,603101,2025-10-17 22:54:01
13:10:54,11.86,0.0,5,5930,卖盘,603101,2025-10-17 22:54:01
13:10:57,11.86,0.0,59,69974,卖盘,603101,2025-10-17 22:54:01
13:11:03,11.86,0.0,5,5930,卖盘,603101,2025-10-17 22:54:01
13:11:18,11.86,0.0,5,5930,卖盘,603101,2025-10-17 22:54:01
13:11:30,11.86,0.0,8,9488,卖盘,603101,2025-10-17 22:54:01
13:11:39,11.86,0.0,7,8302,卖盘,603101,2025-10-17 22:54:01
13:11:54,11.86,0.0,1,1186,卖盘,603101,2025-10-17 22:54:01
13:12:03,11.86,0.0,10,11860,卖盘,603101,2025-10-17 22:54:01
13:12:06,11.86,0.0,1,1186,卖盘,603101,2025-10-17 22:54:01
13:12:15,11.86,0.0,10,11860,卖盘,603101,2025-10-17 22:54:01
13:12:18,11.86,0.0,30,35580,卖盘,603101,2025-10-17 22:54:01
13:12:21,11.86,0.0,24,28464,卖盘,603101,2025-10-17 22:54:01
13:12:24,11.86,0.0,4,4744,卖盘,603101,2025-10-17 22:54:01
13:12:30,11.86,0.0,30,35580,卖盘,603101,2025-10-17 22:54:01
13:12:48,11.86,0.0,4,4744,卖盘,603101,2025-10-17 22:54:01
13:12:54,11.86,0.0,14,16604,卖盘,603101,2025-10-17 22:54:01
13:13:00,11.86,0.0,1,1186,卖盘,603101,2025-10-17 22:54:01
13:13:03,11.86,0.0,10,11860,卖盘,603101,2025-10-17 22:54:01
13:13:09,11.86,0.0,4,4744,卖盘,603101,2025-10-17 22:54:01
13:13:24,11.86,0.0,7,8302,卖盘,603101,2025-10-17 22:54:01
13:13:42,11.86,0.0,10,11860,卖盘,603101,2025-10-17 22:54:01
13:14:00,11.86,0.0,1,1186,卖盘,603101,2025-10-17 22:54:01
13:14:27,11.86,0.0,8,9488,卖盘,603101,2025-10-17 22:54:01
13:14:36,11.86,0.0,20,23720,卖盘,603101,2025-10-17 22:54:01
13:14:48,11.86,0.0,17,20162,卖盘,603101,2025-10-17 22:54:01
13:15:03,11.86,0.0,1,1186,卖盘,603101,2025-10-17 22:54:01
13:15:06,11.86,0.0,1,1186,卖盘,603101,2025-10-17 22:54:01
13:15:09,11.86,0.0,203,240758,卖盘,603101,2025-10-17 22:54:01
13:15:18,11.86,0.0,10,11860,卖盘,603101,2025-10-17 22:54:01
13:15:54,11.86,0.0,15,17790,卖盘,603101,2025-10-17 22:54:01
13:16:03,11.86,0.0,20,23720,卖盘,603101,2025-10-17 22:54:01
13:16:09,11.86,0.0,11,13046,卖盘,603101,2025-10-17 22:54:01
13:16:18,11.86,0.0,10,11860,卖盘,603101,2025-10-17 22:54:01
13:16:27,11.86,0.0,30,35580,卖盘,603101,2025-10-17 22:54:01
13:16:33,11.86,0.0,1,1186,卖盘,603101,2025-10-17 22:54:01
13:16:51,11.86,0.0,1,1186,卖盘,603101,2025-10-17 22:54:01
13:16:57,11.86,0.0,4,4744,卖盘,603101,2025-10-17 22:54:01
13:17:09,11.86,0.0,1,1186,卖盘,603101,2025-10-17 22:54:01
13:17:18,11.86,0.0,12,14232,卖盘,603101,2025-10-17 22:54:01
13:17:27,11.86,0.0,29,34394,卖盘,603101,2025-10-17 22:54:01
13:17:42,11.86,0.0,27,32022,卖盘,603101,2025-10-17 22:54:01
13:17:48,11.86,0.0,5,5930,卖盘,603101,2025-10-17 22:54:01
13:17:54,11.86,0.0,1,1186,卖盘,603101,2025-10-17 22:54:01
13:18:21,11.86,0.0,12,14232,卖盘,603101,2025-10-17 22:54:01
13:18:24,11.86,0.0,3,3558,卖盘,603101,2025-10-17 22:54:01
13:18:33,11.86,0.0,19,22534,卖盘,603101,2025-10-17 22:54:01
13:19:00,11.86,0.0,20,23720,卖盘,603101,2025-10-17 22:54:01
13:19:06,11.86,0.0,50,59300,卖盘,603101,2025-10-17 22:54:01
13:19:18,11.86,0.0,6,7116,卖盘,603101,2025-10-17 22:54:01
13:19:30,11.86,0.0,1,1186,卖盘,603101,2025-10-17 22:54:01
13:19:48,11.86,0.0,14,16604,卖盘,603101,2025-10-17 22:54:01
13:19:57,11.86,0.0,7,8302,卖盘,603101,2025-10-17 22:54:01
13:20:00,11.86,0.0,2,2372,卖盘,603101,2025-10-17 22:54:01
13:20:27,11.86,0.0,5,5930,卖盘,603101,2025-10-17 22:54:01
13:20:54,11.86,0.0,5,5930,卖盘,603101,2025-10-17 22:54:01
13:20:57,11.86,0.0,10,11860,卖盘,603101,2025-10-17 22:54:01
13:21:03,11.86,0.0,3,3558,卖盘,603101,2025-10-17 22:54:01
13:21:06,11.86,0.0,1,1186,卖盘,603101,2025-10-17 22:54:01
13:21:09,11.86,0.0,27,32022,卖盘,603101,2025-10-17 22:54:01
13:21:15,11.86,0.0,100,118600,卖盘,603101,2025-10-17 22:54:01
13:21:18,11.86,0.0,9,10674,卖盘,603101,2025-10-17 22:54:01
13:21:30,11.86,0.0,2,2372,卖盘,603101,2025-10-17 22:54:01
13:21:33,11.86,0.0,1,1186,卖盘,603101,2025-10-17 22:54:01
13:21:48,11.86,0.0,4,4744,卖盘,603101,2025-10-17 22:54:01
13:21:54,11.86,0.0,4,4744,卖盘,603101,2025-10-17 22:54:01
13:21:57,11.86,0.0,61,72346,卖盘,603101,2025-10-17 22:54:01
13:22:06,11.86,0.0,8,9488,卖盘,603101,2025-10-17 22:54:01
13:22:12,11.86,0.0,5,5930,卖盘,603101,2025-10-17 22:54:01
13:22:21,11.86,0.0,10,11860,卖盘,603101,2025-10-17 22:54:01
13:22:39,11.86,0.0,20,23720,卖盘,603101,2025-10-17 22:54:01
13:22:45,11.86,0.0,10,11860,卖盘,603101,2025-10-17 22:54:01
13:22:51,11.86,0.0,1,1186,卖盘,603101,2025-10-17 22:54:01
13:22:54,11.86,0.0,3,3558,卖盘,603101,2025-10-17 22:54:01
13:22:57,11.86,0.0,16,18976,卖盘,603101,2025-10-17 22:54:01
13:23:00,11.86,0.0,67,79462,卖盘,603101,2025-10-17 22:54:01
13:23:09,11.86,0.0,10,11860,卖盘,603101,2025-10-17 22:54:01
13:23:15,11.86,0.0,40,47440,卖盘,603101,2025-10-17 22:54:01
13:23:30,11.86,0.0,32,37952,卖盘,603101,2025-10-17 22:54:01
13:23:48,11.86,0.0,23,27278,卖盘,603101,2025-10-17 22:54:01
13:23:51,11.86,0.0,1,1186,卖盘,603101,2025-10-17 22:54:01
13:23:54,11.86,0.0,5,5930,卖盘,603101,2025-10-17 22:54:01
13:24:12,11.86,0.0,3,3558,卖盘,603101,2025-10-17 22:54:01
13:24:24,11.86,0.0,2,2372,卖盘,603101,2025-10-17 22:54:01
13:24:27,11.86,0.0,29,34394,卖盘,603101,2025-10-17 22:54:01
13:24:30,11.86,0.0,3,3558,卖盘,603101,2025-10-17 22:54:01
13:24:33,11.86,0.0,5,5930,卖盘,603101,2025-10-17 22:54:01
13:24:36,11.86,0.0,1,1186,卖盘,603101,2025-10-17 22:54:01
13:24:39,11.86,0.0,5,5930,卖盘,603101,2025-10-17 22:54:01
13:24:45,11.86,0.0,10,11860,卖盘,603101,2025-10-17 22:54:01
13:24:51,11.86,0.0,2,2372,卖盘,603101,2025-10-17 22:54:01
13:24:57,11.86,0.0,1,1186,卖盘,603101,2025-10-17 22:54:01
13:25:00,11.86,0.0,11,13046,卖盘,603101,2025-10-17 22:54:01
13:25:15,11.86,0.0,35,41510,卖盘,603101,2025-10-17 22:54:01
13:25:30,11.86,0.0,5,5930,卖盘,603101,2025-10-17 22:54:01
13:25:36,11.86,0.0,1,1186,卖盘,603101,2025-10-17 22:54:01
13:25:42,11.86,0.0,2,2372,卖盘,603101,2025-10-17 22:54:01
13:25:45,11.86,0.0,40,47440,卖盘,603101,2025-10-17 22:54:01
13:26:18,11.86,0.0,5,5930,卖盘,603101,2025-10-17 22:54:01
13:26:30,11.86,0.0,2,2372,卖盘,603101,2025-10-17 22:54:01
13:26:36,11.86,0.0,1,1186,卖盘,603101,2025-10-17 22:54:01
13:27:06,11.86,0.0,20,23720,卖盘,603101,2025-10-17 22:54:01
13:27:15,11.86,0.0,4,4744,卖盘,603101,2025-10-17 22:54:01
13:27:21,11.86,0.0,31,36766,卖盘,603101,2025-10-17 22:54:01
13:27:30,11.86,0.0,100,118600,卖盘,603101,2025-10-17 22:54:01
13:27:36,11.86,0.0,1,1186,卖盘,603101,2025-10-17 22:54:01
13:27:54,11.86,0.0,2,2372,卖盘,603101,2025-10-17 22:54:01
13:27:57,11.86,0.0,12,14232,卖盘,603101,2025-10-17 22:54:01
13:28:00,11.86,0.0,144,170784,卖盘,603101,2025-10-17 22:54:01
13:28:21,11.86,0.0,1,1186,卖盘,603101,2025-10-17 22:54:01
13:28:36,11.86,0.0,5,5930,卖盘,603101,2025-10-17 22:54:01
13:28:39,11.86,0.0,6,7116,卖盘,603101,2025-10-17 22:54:01
13:28:45,11.86,0.0,5,5930,卖盘,603101,2025-10-17 22:54:01
13:29:15,11.86,0.0,10,11860,卖盘,603101,2025-10-17 22:54:01
13:29:30,11.86,0.0,4,4744,卖盘,603101,2025-10-17 22:54:01
13:29:48,11.86,0.0,1,1186,卖盘,603101,2025-10-17 22:54:01
13:29:51,11.86,0.0,4,4744,卖盘,603101,2025-10-17 22:54:01
13:29:57,11.86,0.0,1,1186,卖盘,603101,2025-10-17 22:54:01
13:30:09,11.86,0.0,8,9488,卖盘,603101,2025-10-17 22:54:01
13:30:15,11.86,0.0,4,4744,卖盘,603101,2025-10-17 22:54:01
13:30:18,11.86,0.0,3,3558,卖盘,603101,2025-10-17 22:54:01
13:30:21,11.86,0.0,4,4744,卖盘,603101,2025-10-17 22:54:01
13:30:27,11.86,0.0,1,1186,卖盘,603101,2025-10-17 22:54:01
13:30:36,11.86,0.0,7,8017,卖盘,603101,2025-10-17 22:54:01
13:30:39,11.86,0.0,1,1186,卖盘,603101,2025-10-17 22:54:01
13:30:48,11.86,0.0,3,3558,卖盘,603101,2025-10-17 22:54:01
13:31:09,11.86,0.0,1,1186,卖盘,603101,2025-10-17 22:54:01
13:31:12,11.86,0.0,6,7116,卖盘,603101,2025-10-17 22:54:01
13:31:39,11.86,0.0,7,8302,卖盘,603101,2025-10-17 22:54:01
13:31:48,11.86,0.0,10,11860,卖盘,603101,2025-10-17 22:54:01
13:31:54,11.86,0.0,120,142320,卖盘,603101,2025-10-17 22:54:01
13:32:00,11.86,0.0,1,1186,卖盘,603101,2025-10-17 22:54:01
13:32:18,11.86,0.0,8,9488,卖盘,603101,2025-10-17 22:54:01
13:32:24,11.86,0.0,5,5930,卖盘,603101,2025-10-17 22:54:01
13:32:48,11.86,0.0,5,5930,卖盘,603101,2025-10-17 22:54:01
13:33:00,11.86,0.0,4,4744,卖盘,603101,2025-10-17 22:54:01
13:33:27,11.86,0.0,22,26092,卖盘,603101,2025-10-17 22:54:01
13:33:39,11.86,0.0,31,36766,卖盘,603101,2025-10-17 22:54:01
13:33:45,11.86,0.0,46,54556,卖盘,603101,2025-10-17 22:54:01
13:34:00,11.86,0.0,1,1186,卖盘,603101,2025-10-17 22:54:01
13:34:18,11.86,0.0,38,45068,卖盘,603101,2025-10-17 22:54:01
13:34:27,11.86,0.0,1,1186,卖盘,603101,2025-10-17 22:54:01
13:35:00,11.86,0.0,30,35580,卖盘,603101,2025-10-17 22:54:01
13:35:09,11.86,0.0,1,1186,卖盘,603101,2025-10-17 22:54:01
13:35:18,11.86,0.0,9,10674,卖盘,603101,2025-10-17 22:54:01
13:35:33,11.86,0.0,7,8302,卖盘,603101,2025-10-17 22:54:01
13:35:39,11.86,0.0,20,23720,卖盘,603101,2025-10-17 22:54:01
13:35:57,11.86,0.0,10,11860,卖盘,603101,2025-10-17 22:54:01
13:36:06,11.86,0.0,3,3558,卖盘,603101,2025-10-17 22:54:01
13:36:27,11.86,0.0,1,1186,卖盘,603101,2025-10-17 22:54:01
13:36:54,11.86,0.0,50,59300,卖盘,603101,2025-10-17 22:54:01
13:37:09,11.86,0.0,1,1186,卖盘,603101,2025-10-17 22:54:01
13:37:18,11.86,0.0,12,14232,卖盘,603101,2025-10-17 22:54:01
13:37:21,11.86,0.0,219,259734,卖盘,603101,2025-10-17 22:54:01
13:37:36,11.86,0.0,3,3558,卖盘,603101,2025-10-17 22:54:01
13:37:57,11.86,0.0,50,59300,卖盘,603101,2025-10-17 22:54:01
13:38:09,11.86,0.0,1,1186,卖盘,603101,2025-10-17 22:54:01
13:38:15,11.86,0.0,7,8302,卖盘,603101,2025-10-17 22:54:01
13:38:39,11.86,0.0,118,139474,卖盘,603101,2025-10-17 22:54:01
13:38:54,11.86,0.0,5,5930,卖盘,603101,2025-10-17 22:54:01
13:39:09,11.86,0.0,1,1186,卖盘,603101,2025-10-17 22:54:01
13:39:33,11.86,0.0,5,5930,卖盘,603101,2025-10-17 22:54:01
13:39:36,11.86,0.0,10,11860,卖盘,603101,2025-10-17 22:54:01
13:39:39,11.86,0.0,8,9488,卖盘,603101,2025-10-17 22:54:01
13:39:42,11.86,0.0,6,7116,卖盘,603101,2025-10-17 22:54:01
13:40:06,11.86,0.0,8,9488,卖盘,603101,2025-10-17 22:54:01
13:40:12,11.86,0.0,31,36766,卖盘,603101,2025-10-17 22:54:01
13:40:21,11.86,0.0,4,4744,卖盘,603101,2025-10-17 22:54:01
13:40:57,11.86,0.0,10,11860,卖盘,603101,2025-10-17 22:54:01
13:41:18,11.86,0.0,20,23720,卖盘,603101,2025-10-17 22:54:01
13:41:21,11.86,0.0,4,4744,卖盘,603101,2025-10-17 22:54:01
13:41:30,11.86,0.0,5,5930,卖盘,603101,2025-10-17 22:54:01
13:41:45,11.86,0.0,10,11860,卖盘,603101,2025-10-17 22:54:01
13:41:54,11.86,0.0,1,1186,卖盘,603101,2025-10-17 22:54:01
13:42:00,11.86,0.0,53,62858,卖盘,603101,2025-10-17 22:54:01
13:42:21,11.86,0.0,19,22534,卖盘,603101,2025-10-17 22:54:01
13:42:30,11.86,0.0,1,1186,卖盘,603101,2025-10-17 22:54:01
13:42:33,11.86,0.0,5,5930,卖盘,603101,2025-10-17 22:54:01
13:43:00,11.86,0.0,1,1186,卖盘,603101,2025-10-17 22:54:01
13:43:18,11.86,0.0,1,1186,卖盘,603101,2025-10-17 22:54:01
13:43:42,11.86,0.0,40,47440,卖盘,603101,2025-10-17 22:54:01
13:43:51,11.86,0.0,1,1186,卖盘,603101,2025-10-17 22:54:01
13:44:03,11.86,0.0,1,1186,卖盘,603101,2025-10-17 22:54:01
13:44:09,11.86,0.0,7,8302,卖盘,603101,2025-10-17 22:54:01
13:44:15,11.86,0.0,2,2372,卖盘,603101,2025-10-17 22:54:01
13:44:27,11.86,0.0,44,52184,卖盘,603101,2025-10-17 22:54:01
13:44:30,11.86,0.0,20,23720,卖盘,603101,2025-10-17 22:54:01
13:44:42,11.86,0.0,6,7116,卖盘,603101,2025-10-17 22:54:01
13:44:54,11.86,0.0,6,7116,卖盘,603101,2025-10-17 22:54:01
13:45:12,11.86,0.0,101,119786,卖盘,603101,2025-10-17 22:54:01
13:45:15,11.86,0.0,10,11860,卖盘,603101,2025-10-17 22:54:01
13:45:30,11.86,0.0,5,5930,卖盘,603101,2025-10-17 22:54:01
13:45:33,11.86,0.0,4,4744,卖盘,603101,2025-10-17 22:54:01
13:45:36,11.86,0.0,3,3558,卖盘,603101,2025-10-17 22:54:01
13:45:42,11.86,0.0,14,16604,卖盘,603101,2025-10-17 22:54:01
13:45:45,11.86,0.0,5,5930,卖盘,603101,2025-10-17 22:54:01
13:45:57,11.86,0.0,10,11860,卖盘,603101,2025-10-17 22:54:01
13:46:09,11.86,0.0,2,2372,卖盘,603101,2025-10-17 22:54:01
13:46:33,11.86,0.0,19,22534,卖盘,603101,2025-10-17 22:54:01
13:46:45,11.86,0.0,4,4744,卖盘,603101,2025-10-17 22:54:01
13:46:48,11.86,0.0,9,10674,卖盘,603101,2025-10-17 22:54:01
13:46:54,11.86,0.0,3,3558,卖盘,603101,2025-10-17 22:54:01
13:47:00,11.86,0.0,20,23720,卖盘,603101,2025-10-17 22:54:01
13:47:03,11.86,0.0,102,120972,卖盘,603101,2025-10-17 22:54:01
13:47:21,11.86,0.0,4,4744,卖盘,603101,2025-10-17 22:54:01
13:47:24,11.86,0.0,3,3558,卖盘,603101,2025-10-17 22:54:01
13:47:27,11.86,0.0,20,23720,卖盘,603101,2025-10-17 22:54:01
13:47:39,11.86,0.0,10,11860,卖盘,603101,2025-10-17 22:54:01
13:47:45,11.86,0.0,2,2372,卖盘,603101,2025-10-17 22:54:01
13:47:51,11.86,0.0,20,23720,卖盘,603101,2025-10-17 22:54:01
13:48:06,11.86,0.0,3,3558,卖盘,603101,2025-10-17 22:54:01
13:48:15,11.86,0.0,1,1186,卖盘,603101,2025-10-17 22:54:01
13:48:24,11.86,0.0,4,4744,卖盘,603101,2025-10-17 22:54:01
13:48:33,11.86,0.0,7,8302,卖盘,603101,2025-10-17 22:54:01
13:48:51,11.86,0.0,2,2372,卖盘,603101,2025-10-17 22:54:01
13:49:00,11.86,0.0,1,1186,卖盘,603101,2025-10-17 22:54:01
13:49:03,11.86,0.0,1,1186,卖盘,603101,2025-10-17 22:54:01
13:49:06,11.86,0.0,4,4744,卖盘,603101,2025-10-17 22:54:01
13:49:36,11.86,0.0,1,1186,卖盘,603101,2025-10-17 22:54:01
13:49:45,11.86,0.0,300,355800,卖盘,603101,2025-10-17 22:54:01
13:49:48,11.86,0.0,1,1186,卖盘,603101,2025-10-17 22:54:01
13:50:00,11.86,0.0,20,23720,卖盘,603101,2025-10-17 22:54:01
13:50:06,11.86,0.0,20,23720,卖盘,603101,2025-10-17 22:54:01
13:50:33,11.86,0.0,65,77090,卖盘,603101,2025-10-17 22:54:01
13:51:21,11.86,0.0,9,10674,卖盘,603101,2025-10-17 22:54:01
13:51:36,11.86,0.0,5,5930,卖盘,603101,2025-10-17 22:54:01
13:51:45,11.86,0.0,1,1186,卖盘,603101,2025-10-17 22:54:01
13:51:57,11.86,0.0,5,5930,卖盘,603101,2025-10-17 22:54:01
13:52:03,11.86,0.0,5,5930,卖盘,603101,2025-10-17 22:54:01
