时间,成交价,价格变动,成交量,成交额,买卖盘性质,股票代码,采集时间
09:25:03,21.45,0.0,7593,16286985,卖盘,603367,2025-10-17 22:50:31
09:30:00,21.5,0.05,964,2070948,买盘,603367,2025-10-17 22:50:31
09:30:03,21.5,0.0,859,1840263,买盘,603367,2025-10-17 22:50:31
09:30:06,21.51,0.01,2099,4501926,买盘,603367,2025-10-17 22:50:31
09:30:09,21.51,0.0,1209,2600590,卖盘,603367,2025-10-17 22:50:31
09:30:12,21.52,0.01,1244,2678761,买盘,603367,2025-10-17 22:50:31
09:30:15,21.5,-0.02,1886,4050077,卖盘,603367,2025-10-17 22:50:31
09:30:18,21.57,0.07,1206,2594110,买盘,603367,2025-10-17 22:50:31
09:30:21,21.55,-0.02,1616,3475759,卖盘,603367,2025-10-17 22:50:31
09:30:24,21.52,-0.03,1539,3318034,卖盘,603367,2025-10-17 22:50:31
09:30:27,21.53,0.01,989,2133206,中性盘,603367,2025-10-17 22:50:31
09:30:30,21.62,0.09,1279,2757990,买盘,603367,2025-10-17 22:50:31
09:30:33,21.66,0.04,1353,2927529,买盘,603367,2025-10-17 22:50:31
09:30:36,21.69,0.03,715,1550871,买盘,603367,2025-10-17 22:50:31
09:30:39,21.71,0.02,438,951181,买盘,603367,2025-10-17 22:50:31
09:30:42,21.8,0.09,795,1730097,买盘,603367,2025-10-17 22:50:31
09:30:45,21.76,-0.04,984,2142440,买盘,603367,2025-10-17 22:50:31
09:30:48,21.83,0.07,498,1084945,买盘,603367,2025-10-17 22:50:31
09:30:51,21.85,0.02,772,1685398,买盘,603367,2025-10-17 22:50:31
09:30:54,21.85,0.0,1170,2557001,买盘,603367,2025-10-17 22:50:31
09:30:57,21.85,0.0,447,977544,卖盘,603367,2025-10-17 22:50:31
09:31:00,21.9,0.05,1126,2462257,买盘,603367,2025-10-17 22:50:31
09:31:03,21.84,-0.06,1504,3287498,卖盘,603367,2025-10-17 22:50:31
09:31:06,21.84,0.0,919,2006539,卖盘,603367,2025-10-17 22:50:31
09:31:09,21.76,-0.08,739,1611152,卖盘,603367,2025-10-17 22:50:31
09:31:12,21.84,0.08,1265,2753691,买盘,603367,2025-10-17 22:50:31
09:31:15,21.76,-0.08,451,982439,卖盘,603367,2025-10-17 22:50:31
09:31:18,21.76,0.0,1191,2589110,买盘,603367,2025-10-17 22:50:31
09:31:21,21.76,0.0,440,957319,中性盘,603367,2025-10-17 22:50:31
09:31:24,21.75,-0.01,819,1780668,卖盘,603367,2025-10-17 22:50:31
09:31:27,21.75,0.0,1190,2585382,买盘,603367,2025-10-17 22:50:31
09:31:30,21.73,-0.02,851,1850658,卖盘,603367,2025-10-17 22:50:31
09:31:33,21.73,0.0,538,1169517,买盘,603367,2025-10-17 22:50:31
09:31:36,21.73,0.0,657,1426592,买盘,603367,2025-10-17 22:50:31
09:31:39,21.7,-0.03,2761,6013181,中性盘,603367,2025-10-17 22:50:31
09:31:42,21.73,0.03,465,1009542,买盘,603367,2025-10-17 22:50:31
09:31:45,21.79,0.06,612,1329104,买盘,603367,2025-10-17 22:50:31
09:31:48,21.8,0.01,384,837372,买盘,603367,2025-10-17 22:50:31
09:31:51,21.83,0.03,1153,2519035,买盘,603367,2025-10-17 22:50:31
09:31:54,21.89,0.06,997,2182389,买盘,603367,2025-10-17 22:50:31
09:31:57,21.92,0.03,302,661494,买盘,603367,2025-10-17 22:50:31
09:32:00,21.91,-0.01,629,1378391,中性盘,603367,2025-10-17 22:50:31
09:32:03,21.89,-0.02,636,1392724,卖盘,603367,2025-10-17 22:50:31
09:32:06,21.87,-0.02,245,536191,卖盘,603367,2025-10-17 22:50:31
09:32:09,21.8,-0.07,448,978559,卖盘,603367,2025-10-17 22:50:31
09:32:12,21.84,0.04,551,1202092,买盘,603367,2025-10-17 22:50:31
09:32:15,21.8,-0.04,211,459848,卖盘,603367,2025-10-17 22:50:31
09:32:18,21.79,-0.01,308,670658,买盘,603367,2025-10-17 22:50:31
09:32:21,21.76,-0.03,262,570495,买盘,603367,2025-10-17 22:50:31
09:32:24,21.79,0.03,309,672700,买盘,603367,2025-10-17 22:50:31
09:32:27,21.76,-0.03,224,487470,中性盘,603367,2025-10-17 22:50:31
09:32:30,21.76,0.0,356,775339,卖盘,603367,2025-10-17 22:50:31
09:32:33,21.78,0.02,392,853250,买盘,603367,2025-10-17 22:50:31
09:32:36,21.78,0.0,269,585617,卖盘,603367,2025-10-17 22:50:31
09:32:39,21.79,0.01,624,1358826,买盘,603367,2025-10-17 22:50:31
09:32:42,21.88,0.09,1583,3455793,买盘,603367,2025-10-17 22:50:31
09:32:45,21.89,0.01,2555,5600221,中性盘,603367,2025-10-17 22:50:31
09:32:48,21.9,0.01,285,625234,中性盘,603367,2025-10-17 22:50:31
09:32:51,21.9,0.0,464,1016050,卖盘,603367,2025-10-17 22:50:31
09:32:54,21.88,-0.02,470,1029651,卖盘,603367,2025-10-17 22:50:31
09:32:57,21.88,0.0,268,586610,买盘,603367,2025-10-17 22:50:31
09:33:00,21.87,-0.01,184,402626,卖盘,603367,2025-10-17 22:50:31
09:33:03,21.86,-0.01,427,933230,卖盘,603367,2025-10-17 22:50:31
09:33:06,21.86,0.0,405,885510,卖盘,603367,2025-10-17 22:50:31
09:33:09,21.8,-0.06,541,1181790,卖盘,603367,2025-10-17 22:50:31
09:33:12,21.78,-0.02,724,1579160,卖盘,603367,2025-10-17 22:50:31
09:33:15,21.76,-0.02,154,335153,卖盘,603367,2025-10-17 22:50:31
09:33:18,21.74,-0.02,464,1008515,卖盘,603367,2025-10-17 22:50:31
09:33:21,21.73,-0.01,329,715348,中性盘,603367,2025-10-17 22:50:31
09:33:24,21.73,0.0,122,265179,卖盘,603367,2025-10-17 22:50:31
09:33:27,21.73,0.0,150,326074,买盘,603367,2025-10-17 22:50:31
09:33:30,21.73,0.0,200,434744,买盘,603367,2025-10-17 22:50:31
09:33:33,21.73,0.0,582,1265343,卖盘,603367,2025-10-17 22:50:31
09:33:36,21.73,0.0,144,313032,中性盘,603367,2025-10-17 22:50:31
09:33:39,21.77,0.04,153,332890,买盘,603367,2025-10-17 22:50:31
09:33:42,21.77,0.0,170,369853,买盘,603367,2025-10-17 22:50:31
09:33:45,21.77,0.0,93,202497,卖盘,603367,2025-10-17 22:50:31
09:33:48,21.78,0.01,255,555210,买盘,603367,2025-10-17 22:50:31
09:33:51,21.77,-0.01,322,701064,卖盘,603367,2025-10-17 22:50:31
09:33:54,21.77,0.0,140,304779,买盘,603367,2025-10-17 22:50:31
09:33:57,21.76,-0.01,95,206786,卖盘,603367,2025-10-17 22:50:31
09:34:00,21.76,0.0,247,537515,卖盘,603367,2025-10-17 22:50:31
09:34:03,21.73,-0.03,674,1464493,卖盘,603367,2025-10-17 22:50:31
09:34:06,21.74,0.01,300,652200,买盘,603367,2025-10-17 22:50:31
09:34:09,21.75,0.01,197,428390,买盘,603367,2025-10-17 22:50:31
09:34:12,21.73,-0.02,420,913174,卖盘,603367,2025-10-17 22:50:31
09:34:15,21.72,-0.01,306,664941,卖盘,603367,2025-10-17 22:50:31
09:34:18,21.73,0.01,275,597602,买盘,603367,2025-10-17 22:50:31
09:34:21,21.72,-0.01,105,228112,卖盘,603367,2025-10-17 22:50:31
09:34:24,21.73,0.01,214,464888,买盘,603367,2025-10-17 22:50:31
09:34:27,21.73,0.0,515,1118644,买盘,603367,2025-10-17 22:50:31
09:34:30,21.73,0.0,96,208613,卖盘,603367,2025-10-17 22:50:31
09:34:33,21.72,-0.01,176,382434,卖盘,603367,2025-10-17 22:50:31
09:34:36,21.73,0.01,268,582315,买盘,603367,2025-10-17 22:50:31
09:34:39,21.73,0.0,402,873735,买盘,603367,2025-10-17 22:50:31
09:34:42,21.78,0.05,422,918434,买盘,603367,2025-10-17 22:50:31
09:34:45,21.76,-0.02,109,237373,卖盘,603367,2025-10-17 22:50:31
09:34:48,21.78,0.02,150,326660,买盘,603367,2025-10-17 22:50:31
09:34:51,21.77,-0.01,100,217767,卖盘,603367,2025-10-17 22:50:31
09:34:54,21.78,0.01,93,202570,卖盘,603367,2025-10-17 22:50:31
09:34:57,21.78,0.0,231,503181,卖盘,603367,2025-10-17 22:50:31
09:35:00,21.78,0.0,309,673361,卖盘,603367,2025-10-17 22:50:31
09:35:03,21.79,0.01,373,812130,中性盘,603367,2025-10-17 22:50:31
09:35:06,21.85,0.06,940,2049648,买盘,603367,2025-10-17 22:50:31
09:35:09,21.85,0.0,373,815149,买盘,603367,2025-10-17 22:50:31
09:35:12,21.86,0.01,326,712840,买盘,603367,2025-10-17 22:50:31
09:35:15,21.88,0.02,557,1218921,买盘,603367,2025-10-17 22:50:31
09:35:18,21.86,-0.02,421,920740,卖盘,603367,2025-10-17 22:50:31
09:35:21,21.85,-0.01,236,516057,卖盘,603367,2025-10-17 22:50:31
09:35:24,21.85,0.0,186,406617,卖盘,603367,2025-10-17 22:50:31
09:35:27,21.86,0.01,219,478853,买盘,603367,2025-10-17 22:50:31
09:35:30,21.87,0.01,109,238397,中性盘,603367,2025-10-17 22:50:31
09:35:33,21.87,0.0,186,406731,中性盘,603367,2025-10-17 22:50:31
09:35:36,21.86,-0.01,394,861891,卖盘,603367,2025-10-17 22:50:31
09:35:39,21.87,0.01,260,568580,中性盘,603367,2025-10-17 22:50:31
09:35:42,21.86,-0.01,323,706096,卖盘,603367,2025-10-17 22:50:31
09:35:45,21.84,-0.02,378,825822,卖盘,603367,2025-10-17 22:50:31
09:35:48,21.84,0.0,118,257668,买盘,603367,2025-10-17 22:50:31
09:35:51,21.83,-0.01,515,1125456,买盘,603367,2025-10-17 22:50:31
09:35:54,21.83,0.0,584,1274798,买盘,603367,2025-10-17 22:50:31
09:35:57,21.83,0.0,101,220392,卖盘,603367,2025-10-17 22:50:31
09:36:00,21.82,-0.01,233,508364,买盘,603367,2025-10-17 22:50:31
09:36:03,21.8,-0.02,553,1205179,卖盘,603367,2025-10-17 22:50:31
09:36:06,21.8,0.0,240,522776,买盘,603367,2025-10-17 22:50:31
09:36:09,21.78,-0.02,146,317868,卖盘,603367,2025-10-17 22:50:31
09:36:12,21.75,-0.03,160,348263,卖盘,603367,2025-10-17 22:50:31
09:36:15,21.73,-0.02,1006,2186101,卖盘,603367,2025-10-17 22:50:31
09:36:18,21.7,-0.03,330,716126,卖盘,603367,2025-10-17 22:50:31
09:36:21,21.66,-0.04,711,1541927,卖盘,603367,2025-10-17 22:50:31
09:36:24,21.67,0.01,236,511269,中性盘,603367,2025-10-17 22:50:31
09:36:27,21.66,-0.01,766,1660197,中性盘,603367,2025-10-17 22:50:31
09:36:30,21.66,0.0,919,1990143,卖盘,603367,2025-10-17 22:50:31
09:36:33,21.67,0.01,384,832962,中性盘,603367,2025-10-17 22:50:31
09:36:36,21.73,0.06,673,1460502,买盘,603367,2025-10-17 22:50:31
09:36:39,21.74,0.01,119,258402,买盘,603367,2025-10-17 22:50:31
09:36:42,21.75,0.01,277,601560,买盘,603367,2025-10-17 22:50:31
09:36:45,21.74,-0.01,155,336987,卖盘,603367,2025-10-17 22:50:31
09:36:48,21.73,-0.01,224,487118,卖盘,603367,2025-10-17 22:50:31
09:36:51,21.7,-0.03,233,505908,卖盘,603367,2025-10-17 22:50:31
09:36:54,21.71,0.01,52,112898,买盘,603367,2025-10-17 22:50:31
09:36:57,21.7,-0.01,121,262716,卖盘,603367,2025-10-17 22:50:31
09:37:00,21.69,-0.01,503,1091522,中性盘,603367,2025-10-17 22:50:31
09:37:03,21.7,0.01,292,633458,中性盘,603367,2025-10-17 22:50:31
09:37:06,21.73,0.03,120,260572,买盘,603367,2025-10-17 22:50:31
09:37:09,21.74,0.01,625,1358239,买盘,603367,2025-10-17 22:50:31
09:37:12,21.78,0.04,248,539402,买盘,603367,2025-10-17 22:50:31
09:37:15,21.83,0.05,1045,2278231,买盘,603367,2025-10-17 22:50:31
09:37:18,21.86,0.03,487,1064181,买盘,603367,2025-10-17 22:50:31
09:37:21,21.87,0.01,131,286443,买盘,603367,2025-10-17 22:50:31
09:37:24,21.86,-0.01,101,220856,卖盘,603367,2025-10-17 22:50:31
09:37:27,21.89,0.03,793,1734919,买盘,603367,2025-10-17 22:50:31
09:37:30,21.91,0.02,1054,2308507,买盘,603367,2025-10-17 22:50:31
09:37:33,21.9,-0.01,246,539003,卖盘,603367,2025-10-17 22:50:31
09:37:36,21.9,0.0,463,1013550,卖盘,603367,2025-10-17 22:50:31
09:37:39,21.87,-0.03,499,1092637,卖盘,603367,2025-10-17 22:50:31
09:37:42,21.9,0.03,918,2010330,买盘,603367,2025-10-17 22:50:31
09:37:45,21.93,0.03,2545,5582571,买盘,603367,2025-10-17 22:50:31
09:37:48,21.9,-0.03,608,1333685,卖盘,603367,2025-10-17 22:50:31
09:37:51,21.93,0.03,196,429662,买盘,603367,2025-10-17 22:50:31
09:37:54,21.93,0.0,262,574566,买盘,603367,2025-10-17 22:50:31
09:37:57,21.92,-0.01,119,260976,卖盘,603367,2025-10-17 22:50:31
09:38:00,21.93,0.01,195,427537,买盘,603367,2025-10-17 22:50:31
09:38:03,21.93,0.0,470,1030603,买盘,603367,2025-10-17 22:50:31
09:38:06,21.93,0.0,295,647062,卖盘,603367,2025-10-17 22:50:31
09:38:09,21.94,0.01,498,1092543,买盘,603367,2025-10-17 22:50:31
09:38:12,21.94,0.0,157,344515,卖盘,603367,2025-10-17 22:50:31
09:38:15,21.94,0.0,477,1046991,卖盘,603367,2025-10-17 22:50:31
09:38:18,21.96,0.02,525,1152854,买盘,603367,2025-10-17 22:50:31
09:38:21,21.97,0.01,259,568631,买盘,603367,2025-10-17 22:50:31
09:38:24,21.97,0.0,234,513781,买盘,603367,2025-10-17 22:50:31
09:38:27,21.95,-0.02,185,406319,卖盘,603367,2025-10-17 22:50:31
09:38:30,21.97,0.02,346,759964,买盘,603367,2025-10-17 22:50:31
09:38:33,21.97,0.0,212,465638,买盘,603367,2025-10-17 22:50:31
09:38:36,21.94,-0.03,235,515992,卖盘,603367,2025-10-17 22:50:31
09:38:39,21.94,0.0,696,1526570,卖盘,603367,2025-10-17 22:50:31
09:38:42,21.94,0.0,221,484571,买盘,603367,2025-10-17 22:50:31
09:38:45,21.88,-0.06,226,495176,卖盘,603367,2025-10-17 22:50:31
09:38:48,21.89,0.01,179,392312,中性盘,603367,2025-10-17 22:50:31
09:38:51,21.9,0.01,340,744716,中性盘,603367,2025-10-17 22:50:31
09:38:54,21.88,-0.02,317,694369,卖盘,603367,2025-10-17 22:50:31
09:38:57,21.89,0.01,325,711497,卖盘,603367,2025-10-17 22:50:31
09:39:00,21.89,0.0,345,755580,卖盘,603367,2025-10-17 22:50:31
09:39:03,21.91,0.02,481,1054116,买盘,603367,2025-10-17 22:50:31
09:39:06,21.93,0.02,838,1837478,买盘,603367,2025-10-17 22:50:31
09:39:09,21.92,-0.01,382,837062,卖盘,603367,2025-10-17 22:50:31
09:39:12,21.92,0.0,397,870342,买盘,603367,2025-10-17 22:50:31
09:39:15,21.98,0.06,1458,3200870,买盘,603367,2025-10-17 22:50:31
09:39:18,21.98,0.0,1214,2668032,买盘,603367,2025-10-17 22:50:31
09:39:21,21.99,0.01,1386,3048208,买盘,603367,2025-10-17 22:50:31
09:39:24,22.06,0.07,3659,8053039,买盘,603367,2025-10-17 22:50:31
09:39:27,22.1,0.04,368,812238,买盘,603367,2025-10-17 22:50:31
09:39:30,22.1,0.0,265,585604,买盘,603367,2025-10-17 22:50:31
09:39:33,22.14,0.04,555,1226832,买盘,603367,2025-10-17 22:50:31
09:39:36,22.14,0.0,548,1213365,卖盘,603367,2025-10-17 22:50:31
09:39:39,22.14,0.0,672,1486877,卖盘,603367,2025-10-17 22:50:31
09:39:42,22.14,0.0,710,1571103,买盘,603367,2025-10-17 22:50:31
09:39:45,22.13,-0.01,626,1385653,买盘,603367,2025-10-17 22:50:31
09:39:48,22.13,0.0,437,966529,买盘,603367,2025-10-17 22:50:31
09:39:51,22.11,-0.02,479,1059095,中性盘,603367,2025-10-17 22:50:31
09:39:54,22.1,-0.01,260,574958,卖盘,603367,2025-10-17 22:50:31
09:39:57,22.08,-0.02,381,841532,中性盘,603367,2025-10-17 22:50:31
09:40:00,22.07,-0.01,135,297868,中性盘,603367,2025-10-17 22:50:31
09:40:03,22.02,-0.05,253,557533,卖盘,603367,2025-10-17 22:50:31
09:40:06,22.02,0.0,239,526423,卖盘,603367,2025-10-17 22:50:31
09:40:09,21.99,-0.03,223,490813,卖盘,603367,2025-10-17 22:50:31
09:40:12,21.99,0.0,96,211097,卖盘,603367,2025-10-17 22:50:31
09:40:15,21.98,-0.01,218,479174,卖盘,603367,2025-10-17 22:50:31
09:40:18,21.96,-0.02,153,336036,中性盘,603367,2025-10-17 22:50:31
09:40:21,21.95,-0.01,601,1319915,卖盘,603367,2025-10-17 22:50:31
09:40:24,21.95,0.0,29,63617,买盘,603367,2025-10-17 22:50:31
09:40:27,21.92,-0.03,133,291840,卖盘,603367,2025-10-17 22:50:31
09:40:30,21.93,0.01,89,195183,买盘,603367,2025-10-17 22:50:31
09:40:33,21.92,-0.01,223,488984,卖盘,603367,2025-10-17 22:50:31
09:40:36,21.92,0.0,108,236707,买盘,603367,2025-10-17 22:50:31
09:40:39,21.91,-0.01,115,252007,卖盘,603367,2025-10-17 22:50:31
09:40:42,21.9,-0.01,69,151149,卖盘,603367,2025-10-17 22:50:31
09:40:45,21.9,0.0,264,578194,卖盘,603367,2025-10-17 22:50:31
09:40:48,21.9,0.0,154,337274,卖盘,603367,2025-10-17 22:50:31
09:40:51,21.9,0.0,32,70076,买盘,603367,2025-10-17 22:50:31
09:40:54,21.89,-0.01,735,1609847,卖盘,603367,2025-10-17 22:50:31
09:40:57,21.92,0.03,288,630875,买盘,603367,2025-10-17 22:50:31
09:41:00,21.91,-0.01,87,190532,中性盘,603367,2025-10-17 22:50:31
09:41:03,21.92,0.01,211,462292,买盘,603367,2025-10-17 22:50:31
09:41:06,21.92,0.0,125,273962,买盘,603367,2025-10-17 22:50:31
09:41:09,21.93,0.01,41,89904,买盘,603367,2025-10-17 22:50:31
09:41:12,21.95,0.02,228,500329,买盘,603367,2025-10-17 22:50:31
09:41:15,21.97,0.02,78,171318,买盘,603367,2025-10-17 22:50:31
09:41:18,21.97,0.0,151,331796,买盘,603367,2025-10-17 22:50:31
09:41:21,21.99,0.02,835,1836401,买盘,603367,2025-10-17 22:50:31
09:41:24,22.0,0.01,77,169467,卖盘,603367,2025-10-17 22:50:31
09:41:27,22.03,0.03,59,129920,买盘,603367,2025-10-17 22:50:31
09:41:30,22.05,0.02,81,178504,买盘,603367,2025-10-17 22:50:31
09:41:33,22.06,0.01,101,222762,买盘,603367,2025-10-17 22:50:31
09:41:36,22.09,0.03,149,329010,买盘,603367,2025-10-17 22:50:31
09:41:39,22.07,-0.02,95,209790,卖盘,603367,2025-10-17 22:50:31
09:41:42,22.09,0.02,373,823758,买盘,603367,2025-10-17 22:50:31
09:41:45,22.09,0.0,663,1464671,买盘,603367,2025-10-17 22:50:31
09:41:48,22.1,0.01,729,1611017,买盘,603367,2025-10-17 22:50:31
09:41:51,22.1,0.0,251,554630,买盘,603367,2025-10-17 22:50:31
09:41:54,22.11,0.01,653,1443323,买盘,603367,2025-10-17 22:50:31
09:41:57,22.09,-0.02,848,1873902,卖盘,603367,2025-10-17 22:50:31
09:42:00,22.1,0.01,1170,2584625,买盘,603367,2025-10-17 22:50:31
09:42:03,22.14,0.04,582,1287581,买盘,603367,2025-10-17 22:50:31
09:42:06,22.17,0.03,902,1998037,买盘,603367,2025-10-17 22:50:31
09:42:09,22.19,0.02,676,1499250,买盘,603367,2025-10-17 22:50:31
09:42:12,22.2,0.01,1040,2308685,买盘,603367,2025-10-17 22:50:31
09:42:15,22.26,0.06,2020,4492495,买盘,603367,2025-10-17 22:50:31
09:42:18,22.3,0.04,389,866618,买盘,603367,2025-10-17 22:50:31
09:42:21,22.29,-0.01,702,1565189,卖盘,603367,2025-10-17 22:50:31
09:42:24,22.3,0.01,417,930242,买盘,603367,2025-10-17 22:50:31
09:42:27,22.3,0.0,1346,3000940,卖盘,603367,2025-10-17 22:50:31
09:42:30,22.33,0.03,1159,2584132,买盘,603367,2025-10-17 22:50:31
09:42:33,22.32,-0.01,665,1483243,卖盘,603367,2025-10-17 22:50:31
09:42:36,22.33,0.01,744,1659855,买盘,603367,2025-10-17 22:50:31
09:42:39,22.34,0.01,695,1551991,买盘,603367,2025-10-17 22:50:31
09:42:42,22.35,0.01,984,2197925,买盘,603367,2025-10-17 22:50:31
09:42:45,22.35,0.0,621,1387690,买盘,603367,2025-10-17 22:50:31
09:42:48,22.33,-0.02,748,1671194,卖盘,603367,2025-10-17 22:50:31
09:42:51,22.33,0.0,731,1632577,卖盘,603367,2025-10-17 22:50:31
09:42:54,22.29,-0.04,794,1770883,卖盘,603367,2025-10-17 22:50:31
09:42:57,22.28,-0.01,393,876006,中性盘,603367,2025-10-17 22:50:31
09:43:00,22.26,-0.02,440,979191,中性盘,603367,2025-10-17 22:50:31
09:43:03,22.26,0.0,659,1466966,买盘,603367,2025-10-17 22:50:31
09:43:06,22.24,-0.02,379,843234,中性盘,603367,2025-10-17 22:50:31
09:43:09,22.23,-0.01,719,1599585,卖盘,603367,2025-10-17 22:50:31
09:43:12,22.22,-0.01,602,1338289,卖盘,603367,2025-10-17 22:50:31
09:43:15,22.21,-0.01,279,620012,卖盘,603367,2025-10-17 22:50:31
09:43:18,22.2,-0.01,431,957446,卖盘,603367,2025-10-17 22:50:31
09:43:21,22.24,0.04,552,1226833,买盘,603367,2025-10-17 22:50:31
09:43:24,22.3,0.06,1230,2740267,买盘,603367,2025-10-17 22:50:31
09:43:27,22.33,0.03,828,1847945,买盘,603367,2025-10-17 22:50:31
09:43:30,22.35,0.02,308,687316,买盘,603367,2025-10-17 22:50:31
09:43:33,22.35,0.0,253,565414,买盘,603367,2025-10-17 22:50:31
09:43:36,22.37,0.02,493,1102137,买盘,603367,2025-10-17 22:50:31
09:43:39,22.37,0.0,780,1743830,买盘,603367,2025-10-17 22:50:31
09:43:42,22.38,0.01,579,1294867,买盘,603367,2025-10-17 22:50:31
09:43:45,22.38,0.0,979,2189419,买盘,603367,2025-10-17 22:50:31
09:43:48,22.4,0.02,997,2232570,买盘,603367,2025-10-17 22:50:31
09:43:51,22.42,0.02,186,416768,买盘,603367,2025-10-17 22:50:31
09:43:54,22.42,0.0,618,1384513,买盘,603367,2025-10-17 22:50:31
09:43:57,22.43,0.01,519,1163809,买盘,603367,2025-10-17 22:50:31
09:44:00,22.42,-0.01,893,2002523,卖盘,603367,2025-10-17 22:50:31
09:44:03,22.43,0.01,1043,2339394,买盘,603367,2025-10-17 22:50:31
09:44:06,22.42,-0.01,480,1076358,卖盘,603367,2025-10-17 22:50:31
09:44:09,22.41,-0.01,424,950605,中性盘,603367,2025-10-17 22:50:31
09:44:12,22.4,-0.01,337,755072,卖盘,603367,2025-10-17 22:50:31
09:44:15,22.38,-0.02,784,1754992,卖盘,603367,2025-10-17 22:50:31
09:44:18,22.37,-0.01,374,836408,买盘,603367,2025-10-17 22:50:31
09:44:21,22.34,-0.03,186,415696,卖盘,603367,2025-10-17 22:50:31
09:44:24,22.4,0.06,1558,3487477,买盘,603367,2025-10-17 22:50:31
09:44:27,22.42,0.02,1083,2426595,买盘,603367,2025-10-17 22:50:31
09:44:30,22.45,0.03,350,785207,买盘,603367,2025-10-17 22:50:31
09:44:33,22.47,0.02,543,1219989,买盘,603367,2025-10-17 22:50:31
09:44:36,22.47,0.0,279,627076,买盘,603367,2025-10-17 22:50:31
09:44:39,22.48,0.01,286,642919,买盘,603367,2025-10-17 22:50:31
09:44:42,22.49,0.01,299,672434,买盘,603367,2025-10-17 22:50:31
09:44:45,22.5,0.01,638,1435018,买盘,603367,2025-10-17 22:50:31
09:44:48,22.51,0.01,1039,2337745,买盘,603367,2025-10-17 22:50:31
09:44:51,22.51,0.0,161,362408,卖盘,603367,2025-10-17 22:50:31
09:44:54,22.53,0.02,197,443714,买盘,603367,2025-10-17 22:50:31
09:44:57,22.53,0.0,480,1081472,买盘,603367,2025-10-17 22:50:31
09:45:00,22.54,0.01,3087,6947913,买盘,603367,2025-10-17 22:50:31
09:45:03,22.53,-0.01,1146,2582110,卖盘,603367,2025-10-17 22:50:31
09:45:06,22.49,-0.04,1160,2609095,卖盘,603367,2025-10-17 22:50:31
09:45:09,22.47,-0.02,386,867817,卖盘,603367,2025-10-17 22:50:31
09:45:12,22.45,-0.02,344,773248,卖盘,603367,2025-10-17 22:50:31
09:45:15,22.45,0.0,507,1138641,卖盘,603367,2025-10-17 22:50:31
09:45:18,22.44,-0.01,285,639292,买盘,603367,2025-10-17 22:50:31
09:45:21,22.42,-0.02,897,2010475,卖盘,603367,2025-10-17 22:50:31
09:45:24,22.44,0.02,908,2035942,买盘,603367,2025-10-17 22:50:31
09:45:27,22.41,-0.03,873,1958601,卖盘,603367,2025-10-17 22:50:31
09:45:30,22.42,0.01,431,966125,买盘,603367,2025-10-17 22:50:31
09:45:33,22.41,-0.01,353,791188,卖盘,603367,2025-10-17 22:50:31
09:45:36,22.4,-0.01,362,811149,卖盘,603367,2025-10-17 22:50:31
09:45:39,22.4,0.0,584,1308604,卖盘,603367,2025-10-17 22:50:31
09:45:42,22.39,-0.01,237,530677,卖盘,603367,2025-10-17 22:50:31
09:45:45,22.39,0.0,1237,2770312,卖盘,603367,2025-10-17 22:50:31
09:45:48,22.42,0.03,453,1015376,买盘,603367,2025-10-17 22:50:31
09:45:51,22.41,-0.01,200,448247,卖盘,603367,2025-10-17 22:50:31
09:45:54,22.42,0.01,214,479695,买盘,603367,2025-10-17 22:50:31
09:45:57,22.4,-0.02,366,820033,卖盘,603367,2025-10-17 22:50:31
09:46:00,22.4,0.0,171,383172,买盘,603367,2025-10-17 22:50:31
09:46:03,22.43,0.03,859,1925296,买盘,603367,2025-10-17 22:50:31
09:46:06,22.46,0.03,976,2189108,买盘,603367,2025-10-17 22:50:31
09:46:09,22.45,-0.01,394,884773,卖盘,603367,2025-10-17 22:50:31
09:46:12,22.45,0.0,205,460309,卖盘,603367,2025-10-17 22:50:31
09:46:15,22.48,0.03,505,1134803,买盘,603367,2025-10-17 22:50:31
09:46:18,22.46,-0.02,128,287601,卖盘,603367,2025-10-17 22:50:31
09:46:21,22.47,0.01,812,1826486,买盘,603367,2025-10-17 22:50:31
09:46:24,22.48,0.01,173,388676,中性盘,603367,2025-10-17 22:50:31
09:46:27,22.44,-0.04,471,1057562,卖盘,603367,2025-10-17 22:50:31
09:46:30,22.41,-0.03,689,1544217,卖盘,603367,2025-10-17 22:50:31
09:46:33,22.34,-0.07,1456,3259416,卖盘,603367,2025-10-17 22:50:31
09:46:36,22.31,-0.03,445,993922,卖盘,603367,2025-10-17 22:50:31
09:46:39,22.32,0.01,116,258786,中性盘,603367,2025-10-17 22:50:31
09:46:42,22.31,-0.01,359,801220,中性盘,603367,2025-10-17 22:50:31
09:46:45,22.26,-0.05,290,646098,卖盘,603367,2025-10-17 22:50:31
09:46:48,22.28,0.02,183,407406,买盘,603367,2025-10-17 22:50:31
09:46:51,22.31,0.03,372,828970,买盘,603367,2025-10-17 22:50:31
09:46:54,22.34,0.03,283,630359,买盘,603367,2025-10-17 22:50:31
09:46:57,22.34,0.0,333,742922,买盘,603367,2025-10-17 22:50:31
09:47:00,22.34,0.0,217,484675,买盘,603367,2025-10-17 22:50:31
09:47:03,22.35,0.01,353,788633,买盘,603367,2025-10-17 22:50:31
09:47:06,22.36,0.01,230,514514,卖盘,603367,2025-10-17 22:50:31
09:47:09,22.35,-0.01,254,567717,卖盘,603367,2025-10-17 22:50:31
09:47:12,22.33,-0.02,445,994009,卖盘,603367,2025-10-17 22:50:31
09:47:15,22.33,0.0,334,745770,中性盘,603367,2025-10-17 22:50:31
09:47:18,22.3,-0.03,177,394859,卖盘,603367,2025-10-17 22:50:31
09:47:21,22.3,0.0,268,597787,卖盘,603367,2025-10-17 22:50:31
09:47:24,22.3,0.0,148,329974,卖盘,603367,2025-10-17 22:50:31
09:47:27,22.26,-0.04,115,256252,卖盘,603367,2025-10-17 22:50:31
09:47:30,22.26,0.0,89,198190,卖盘,603367,2025-10-17 22:50:31
09:47:33,22.24,-0.02,188,418286,卖盘,603367,2025-10-17 22:50:31
09:47:36,22.26,0.02,815,1814054,买盘,603367,2025-10-17 22:50:31
09:47:39,22.27,0.01,430,957346,买盘,603367,2025-10-17 22:50:31
09:47:42,22.23,-0.04,506,1125721,卖盘,603367,2025-10-17 22:50:31
09:47:45,22.25,0.02,213,473944,买盘,603367,2025-10-17 22:50:31
09:47:48,22.27,0.02,1347,3004104,买盘,603367,2025-10-17 22:50:31
09:47:51,22.32,0.05,291,648228,买盘,603367,2025-10-17 22:50:31
09:47:54,22.31,-0.01,204,454678,卖盘,603367,2025-10-17 22:50:31
09:47:57,22.38,0.07,1632,3653867,买盘,603367,2025-10-17 22:50:31
09:48:00,22.45,0.07,2332,5243533,买盘,603367,2025-10-17 22:50:31
09:48:03,22.54,0.09,134,301835,买盘,603367,2025-10-17 22:50:31
09:48:06,22.6,0.06,2851,6435926,买盘,603367,2025-10-17 22:50:31
09:48:09,22.6,0.0,713,1611904,卖盘,603367,2025-10-17 22:50:31
09:48:12,22.62,0.02,1128,2550865,买盘,603367,2025-10-17 22:50:31
09:48:15,22.64,0.02,1116,2523948,中性盘,603367,2025-10-17 22:50:31
09:48:18,22.62,-0.02,1239,2800776,卖盘,603367,2025-10-17 22:50:31
09:48:21,22.61,-0.01,1003,2265667,中性盘,603367,2025-10-17 22:50:31
09:48:24,22.62,0.01,522,1180020,买盘,603367,2025-10-17 22:50:31
09:48:27,22.62,0.0,653,1475525,买盘,603367,2025-10-17 22:50:31
09:48:30,22.6,-0.02,324,732167,中性盘,603367,2025-10-17 22:50:31
09:48:33,22.57,-0.03,669,1511604,中性盘,603367,2025-10-17 22:50:31
09:48:36,22.61,0.04,633,1431042,买盘,603367,2025-10-17 22:50:31
09:48:39,22.66,0.05,1547,3502706,买盘,603367,2025-10-17 22:50:31
09:48:42,22.68,0.02,522,1183538,买盘,603367,2025-10-17 22:50:31
09:48:45,22.7,0.02,527,1195791,买盘,603367,2025-10-17 22:50:31
09:48:48,22.72,0.02,377,856067,买盘,603367,2025-10-17 22:50:31
09:48:51,22.74,0.02,289,656707,买盘,603367,2025-10-17 22:50:31
09:48:54,22.72,-0.02,371,842867,卖盘,603367,2025-10-17 22:50:31
09:48:57,22.69,-0.03,966,2192782,卖盘,603367,2025-10-17 22:50:31
09:49:00,22.67,-0.02,659,1494046,卖盘,603367,2025-10-17 22:50:31
09:49:03,22.66,-0.01,382,866033,中性盘,603367,2025-10-17 22:50:31
09:49:06,22.68,0.02,265,600200,买盘,603367,2025-10-17 22:50:31
09:49:09,22.67,-0.01,307,695483,卖盘,603367,2025-10-17 22:50:31
09:49:12,22.67,0.0,343,777122,买盘,603367,2025-10-17 22:50:31
09:49:15,22.66,-0.01,213,482811,中性盘,603367,2025-10-17 22:50:31
09:49:18,22.63,-0.03,261,590484,卖盘,603367,2025-10-17 22:50:31
09:49:21,22.58,-0.05,318,718992,卖盘,603367,2025-10-17 22:50:31
09:49:24,22.57,-0.01,59,133272,卖盘,603367,2025-10-17 22:50:31
09:49:27,22.56,-0.01,96,216652,卖盘,603367,2025-10-17 22:50:31
09:49:30,22.56,0.0,282,636230,买盘,603367,2025-10-17 22:50:31
09:49:33,22.55,-0.01,76,171322,卖盘,603367,2025-10-17 22:50:31
09:49:36,22.53,-0.02,182,410078,卖盘,603367,2025-10-17 22:50:31
09:49:39,22.51,-0.02,255,573909,卖盘,603367,2025-10-17 22:50:31
09:49:42,22.51,0.0,247,555852,买盘,603367,2025-10-17 22:50:31
09:49:45,22.5,-0.01,56,125991,买盘,603367,2025-10-17 22:50:31
09:49:48,22.46,-0.04,132,296414,卖盘,603367,2025-10-17 22:50:31
09:49:51,22.47,0.01,453,1017293,买盘,603367,2025-10-17 22:50:31
09:49:54,22.46,-0.01,73,164090,中性盘,603367,2025-10-17 22:50:31
09:49:57,22.5,0.04,285,640880,买盘,603367,2025-10-17 22:50:31
09:50:00,22.47,-0.03,276,620613,卖盘,603367,2025-10-17 22:50:31
09:50:03,22.48,0.01,316,710316,卖盘,603367,2025-10-17 22:50:31
09:50:06,22.57,0.09,441,993980,买盘,603367,2025-10-17 22:50:31
09:50:09,22.6,0.03,366,825088,买盘,603367,2025-10-17 22:50:31
09:50:12,22.61,0.01,163,368711,买盘,603367,2025-10-17 22:50:31
09:50:15,22.64,0.03,84,190092,买盘,603367,2025-10-17 22:50:31
09:50:18,22.65,0.01,211,477600,买盘,603367,2025-10-17 22:50:31
09:50:21,22.65,0.0,57,129093,买盘,603367,2025-10-17 22:50:31
09:50:24,22.66,0.01,676,1531521,买盘,603367,2025-10-17 22:50:31
09:50:27,22.67,0.01,182,412360,买盘,603367,2025-10-17 22:50:31
09:50:30,22.67,0.0,199,451011,买盘,603367,2025-10-17 22:50:31
09:50:33,22.68,0.01,331,750594,买盘,603367,2025-10-17 22:50:31
09:50:36,22.72,0.04,406,921819,买盘,603367,2025-10-17 22:50:31
09:50:39,22.67,-0.05,836,1896730,卖盘,603367,2025-10-17 22:50:31
09:50:42,22.68,0.01,443,1004506,买盘,603367,2025-10-17 22:50:31
09:50:45,22.69,0.01,667,1512878,买盘,603367,2025-10-17 22:50:31
09:50:48,22.69,0.0,155,351586,买盘,603367,2025-10-17 22:50:31
09:50:51,22.69,0.0,664,1506615,卖盘,603367,2025-10-17 22:50:31
09:50:54,22.7,0.01,311,705849,买盘,603367,2025-10-17 22:50:31
09:50:57,22.71,0.01,346,785337,买盘,603367,2025-10-17 22:50:31
09:51:00,22.71,0.0,787,1786657,买盘,603367,2025-10-17 22:50:31
09:51:03,22.67,-0.04,571,1295149,卖盘,603367,2025-10-17 22:50:31
09:51:06,22.65,-0.02,1460,3308479,卖盘,603367,2025-10-17 22:50:31
09:51:09,22.6,-0.05,379,857465,卖盘,603367,2025-10-17 22:50:31
09:51:12,22.6,0.0,130,293990,卖盘,603367,2025-10-17 22:50:31
09:51:15,22.61,0.01,170,384466,买盘,603367,2025-10-17 22:50:31
09:51:18,22.62,0.01,524,1186898,中性盘,603367,2025-10-17 22:50:31
09:51:21,22.71,0.09,889,2017367,买盘,603367,2025-10-17 22:50:31
09:51:24,22.74,0.03,792,1800546,买盘,603367,2025-10-17 22:50:31
09:51:27,22.76,0.02,1046,2380826,买盘,603367,2025-10-17 22:50:31
09:51:30,22.8,0.04,354,806530,买盘,603367,2025-10-17 22:50:31
09:51:33,22.79,-0.01,1917,4372616,中性盘,603367,2025-10-17 22:50:31
09:51:36,22.83,0.04,428,977610,买盘,603367,2025-10-17 22:50:31
09:51:39,22.82,-0.01,265,604999,中性盘,603367,2025-10-17 22:50:31
09:51:42,22.88,0.06,126,288004,买盘,603367,2025-10-17 22:50:31
09:51:45,22.87,-0.01,203,464131,买盘,603367,2025-10-17 22:50:31
09:51:48,22.93,0.06,1082,2476364,买盘,603367,2025-10-17 22:50:31
09:51:51,22.93,0.0,504,1156281,买盘,603367,2025-10-17 22:50:31
09:51:54,22.95,0.02,273,626837,中性盘,603367,2025-10-17 22:50:31
09:51:57,22.99,0.04,570,1309359,买盘,603367,2025-10-17 22:50:31
09:52:00,23.0,0.01,1675,3852011,买盘,603367,2025-10-17 22:50:31
09:52:03,23.03,0.03,673,1548589,买盘,603367,2025-10-17 22:50:31
09:52:06,23.09,0.06,612,1411483,买盘,603367,2025-10-17 22:50:31
09:52:09,23.13,0.04,1217,2811985,买盘,603367,2025-10-17 22:50:31
09:52:12,23.09,-0.04,2280,5269946,卖盘,603367,2025-10-17 22:50:31
09:52:15,23.0,-0.09,2496,5746336,卖盘,603367,2025-10-17 22:50:31
09:52:18,23.04,0.04,880,2025322,买盘,603367,2025-10-17 22:50:31
09:52:21,22.95,-0.09,826,1900865,卖盘,603367,2025-10-17 22:50:31
09:52:24,22.95,0.0,522,1197852,买盘,603367,2025-10-17 22:50:31
09:52:27,22.95,0.0,235,539335,买盘,603367,2025-10-17 22:50:31
09:52:30,22.96,0.01,220,506306,买盘,603367,2025-10-17 22:50:31
09:52:33,23.0,0.04,428,985737,买盘,603367,2025-10-17 22:50:31
09:52:36,23.0,0.0,308,708486,卖盘,603367,2025-10-17 22:50:31
09:52:39,23.27,0.27,18012,41853258,买盘,603367,2025-10-17 22:50:31
09:52:42,23.27,0.0,1570,3652622,卖盘,603367,2025-10-17 22:50:31
09:52:45,23.27,0.0,6859,15960893,卖盘,603367,2025-10-17 22:50:31
09:52:48,23.27,0.0,580,1349660,卖盘,603367,2025-10-17 22:50:31
09:52:51,23.27,0.0,934,2173418,卖盘,603367,2025-10-17 22:50:31
09:52:54,23.27,0.0,1208,2811016,卖盘,603367,2025-10-17 22:50:31
09:52:57,23.27,0.0,999,2324673,卖盘,603367,2025-10-17 22:50:31
09:53:00,23.27,0.0,3112,7241624,卖盘,603367,2025-10-17 22:50:31
09:53:03,23.27,0.0,3659,8514493,卖盘,603367,2025-10-17 22:50:31
09:53:06,23.27,0.0,2242,5217134,卖盘,603367,2025-10-17 22:50:31
09:53:09,23.27,0.0,2025,4712175,卖盘,603367,2025-10-17 22:50:31
09:53:12,23.27,0.0,1820,4235140,卖盘,603367,2025-10-17 22:50:31
09:53:15,23.27,0.0,793,1845311,卖盘,603367,2025-10-17 22:50:31
09:53:18,23.27,0.0,742,1726634,卖盘,603367,2025-10-17 22:50:31
09:53:21,23.27,0.0,583,1356641,卖盘,603367,2025-10-17 22:50:31
09:53:24,23.27,0.0,369,858663,卖盘,603367,2025-10-17 22:50:31
09:53:27,23.27,0.0,1823,4242121,卖盘,603367,2025-10-17 22:50:31
09:53:30,23.27,0.0,225,523575,卖盘,603367,2025-10-17 22:50:31
09:53:33,23.27,0.0,549,1277523,卖盘,603367,2025-10-17 22:50:31
09:53:36,23.27,0.0,357,830739,卖盘,603367,2025-10-17 22:50:31
09:53:39,23.27,0.0,425,988975,卖盘,603367,2025-10-17 22:50:31
09:53:42,23.27,0.0,454,1056458,卖盘,603367,2025-10-17 22:50:31
09:53:45,23.27,0.0,64,148928,卖盘,603367,2025-10-17 22:50:31
09:53:48,23.27,0.0,189,439803,卖盘,603367,2025-10-17 22:50:31
09:53:51,23.27,0.0,248,577096,卖盘,603367,2025-10-17 22:50:31
09:53:54,23.27,0.0,610,1419470,卖盘,603367,2025-10-17 22:50:31
09:53:57,23.27,0.0,309,719043,卖盘,603367,2025-10-17 22:50:31
09:54:00,23.27,0.0,294,684138,卖盘,603367,2025-10-17 22:50:31
09:54:03,23.27,0.0,309,719043,卖盘,603367,2025-10-17 22:50:31
09:54:06,23.27,0.0,362,842374,卖盘,603367,2025-10-17 22:50:31
09:54:09,23.27,0.0,495,1151865,卖盘,603367,2025-10-17 22:50:31
09:54:12,23.27,0.0,5113,11897951,卖盘,603367,2025-10-17 22:50:31
09:54:15,23.27,0.0,1432,3332264,卖盘,603367,2025-10-17 22:50:31
09:54:18,23.27,0.0,6186,14394822,卖盘,603367,2025-10-17 22:50:31
09:54:21,23.2,-0.07,2572,5984805,卖盘,603367,2025-10-17 22:50:31
09:54:24,22.95,-0.25,888,2041819,卖盘,603367,2025-10-17 22:50:31
09:54:27,22.95,0.0,309,709200,卖盘,603367,2025-10-17 22:50:31
09:54:30,22.95,0.0,259,594368,买盘,603367,2025-10-17 22:50:31
09:54:33,22.9,-0.05,682,1563943,卖盘,603367,2025-10-17 22:50:31
09:54:36,22.9,0.0,824,1886831,买盘,603367,2025-10-17 22:50:31
09:54:39,22.9,0.0,294,673176,买盘,603367,2025-10-17 22:50:31
09:54:42,22.92,0.02,307,702932,中性盘,603367,2025-10-17 22:50:31
09:54:45,22.92,0.0,438,1003656,买盘,603367,2025-10-17 22:50:31
09:54:48,22.94,0.02,309,708519,买盘,603367,2025-10-17 22:50:31
09:54:51,22.95,0.01,376,862560,买盘,603367,2025-10-17 22:50:31
09:54:54,22.99,0.04,306,702791,买盘,603367,2025-10-17 22:50:31
09:54:57,23.0,0.01,364,836832,买盘,603367,2025-10-17 22:50:31
09:55:00,23.01,0.01,391,899484,买盘,603367,2025-10-17 22:50:31
09:55:03,22.96,-0.05,568,1306880,卖盘,603367,2025-10-17 22:50:31
09:55:06,22.91,-0.05,1598,3665186,卖盘,603367,2025-10-17 22:50:31
09:55:09,22.84,-0.07,596,1363108,卖盘,603367,2025-10-17 22:50:31
09:55:12,22.82,-0.02,250,570820,卖盘,603367,2025-10-17 22:50:31
09:55:15,22.8,-0.02,394,898410,卖盘,603367,2025-10-17 22:50:31
09:55:18,22.78,-0.02,310,706848,卖盘,603367,2025-10-17 22:50:31
09:55:21,22.8,0.02,404,921079,买盘,603367,2025-10-17 22:50:31
09:55:24,22.77,-0.03,760,1730147,卖盘,603367,2025-10-17 22:50:31
09:55:27,22.75,-0.02,780,1777197,卖盘,603367,2025-10-17 22:50:31
09:55:30,22.75,0.0,309,702827,买盘,603367,2025-10-17 22:50:31
09:55:33,22.78,0.03,547,1245503,买盘,603367,2025-10-17 22:50:31
09:55:36,22.8,0.02,493,1122372,买盘,603367,2025-10-17 22:50:31
09:55:39,22.83,0.03,296,675315,买盘,603367,2025-10-17 22:50:31
09:55:42,22.84,0.01,159,362998,买盘,603367,2025-10-17 22:50:31
09:55:45,22.84,0.0,384,877128,买盘,603367,2025-10-17 22:50:31
09:55:48,22.79,-0.05,1514,3454636,卖盘,603367,2025-10-17 22:50:31
09:55:51,22.76,-0.03,1086,2473551,卖盘,603367,2025-10-17 22:50:31
09:55:54,22.76,0.0,142,323332,卖盘,603367,2025-10-17 22:50:31
09:55:57,22.79,0.03,509,1158720,买盘,603367,2025-10-17 22:50:31
09:56:00,22.79,0.0,460,1048791,买盘,603367,2025-10-17 22:50:31
09:56:03,22.8,0.01,470,1070946,买盘,603367,2025-10-17 22:50:31
09:56:06,22.8,0.0,759,1729195,买盘,603367,2025-10-17 22:50:31
09:56:09,22.78,-0.02,1866,4246129,中性盘,603367,2025-10-17 22:50:31
09:56:12,22.75,-0.03,367,836178,卖盘,603367,2025-10-17 22:50:31
09:56:15,22.75,0.0,181,411742,买盘,603367,2025-10-17 22:50:31
09:56:18,22.7,-0.05,966,2192679,卖盘,603367,2025-10-17 22:50:31
09:56:21,22.71,0.01,209,474438,买盘,603367,2025-10-17 22:50:31
09:56:24,22.71,0.0,278,631452,买盘,603367,2025-10-17 22:50:31
09:56:27,22.73,0.02,289,656740,买盘,603367,2025-10-17 22:50:31
09:56:30,22.74,0.01,250,568143,买盘,603367,2025-10-17 22:50:31
09:56:33,22.76,0.02,94,213869,买盘,603367,2025-10-17 22:50:31
09:56:36,22.76,0.0,112,254968,卖盘,603367,2025-10-17 22:50:31
09:56:39,22.79,0.03,340,774205,买盘,603367,2025-10-17 22:50:31
09:56:42,22.79,0.0,112,255326,卖盘,603367,2025-10-17 22:50:31
09:56:45,22.8,0.01,196,446905,买盘,603367,2025-10-17 22:50:31
09:56:48,22.79,-0.01,1683,3832456,卖盘,603367,2025-10-17 22:50:31
09:56:51,22.79,0.0,371,845219,买盘,603367,2025-10-17 22:50:31
09:56:54,22.78,-0.01,231,526235,买盘,603367,2025-10-17 22:50:31
09:56:57,22.78,0.0,304,692347,买盘,603367,2025-10-17 22:50:31
09:57:00,22.78,0.0,188,428334,卖盘,603367,2025-10-17 22:50:31
09:57:03,22.82,0.04,469,1069473,买盘,603367,2025-10-17 22:50:31
09:57:06,22.81,-0.01,190,433390,卖盘,603367,2025-10-17 22:50:31
09:57:09,22.83,0.02,207,472265,买盘,603367,2025-10-17 22:50:31
09:57:12,22.85,0.02,105,239760,买盘,603367,2025-10-17 22:50:31
09:57:15,22.87,0.02,199,454843,买盘,603367,2025-10-17 22:50:31
09:57:18,22.88,0.01,227,519272,买盘,603367,2025-10-17 22:50:31
09:57:21,22.9,0.02,211,483138,买盘,603367,2025-10-17 22:50:31
09:57:24,22.9,0.0,202,462851,卖盘,603367,2025-10-17 22:50:31
09:57:27,22.95,0.05,194,444965,买盘,603367,2025-10-17 22:50:31
09:57:30,22.97,0.02,505,1159424,买盘,603367,2025-10-17 22:50:31
09:57:33,23.03,0.06,428,984115,买盘,603367,2025-10-17 22:50:31
09:57:36,23.07,0.04,506,1165348,买盘,603367,2025-10-17 22:50:31
09:57:39,23.0,-0.07,268,617852,卖盘,603367,2025-10-17 22:50:31
09:57:42,23.06,0.06,780,1797572,买盘,603367,2025-10-17 22:50:31
09:57:45,23.0,-0.06,252,580207,卖盘,603367,2025-10-17 22:50:31
09:57:48,23.02,0.02,369,849555,中性盘,603367,2025-10-17 22:50:31
09:57:51,22.99,-0.03,417,959660,卖盘,603367,2025-10-17 22:50:31
09:57:54,23.0,0.01,116,266868,卖盘,603367,2025-10-17 22:50:31
09:57:57,23.0,0.0,357,820961,买盘,603367,2025-10-17 22:50:31
09:58:00,22.96,-0.04,711,1633624,卖盘,603367,2025-10-17 22:50:31
09:58:03,23.01,0.05,1063,2442001,买盘,603367,2025-10-17 22:50:31
09:58:06,22.89,-0.12,531,1216857,卖盘,603367,2025-10-17 22:50:31
09:58:09,22.86,-0.03,752,1718878,卖盘,603367,2025-10-17 22:50:31
09:58:12,22.87,0.01,231,526930,买盘,603367,2025-10-17 22:50:31
09:58:15,22.84,-0.03,157,358564,中性盘,603367,2025-10-17 22:50:31
09:58:18,22.8,-0.04,604,1377448,卖盘,603367,2025-10-17 22:50:31
09:58:21,22.8,0.0,673,1535319,买盘,603367,2025-10-17 22:50:31
09:58:24,22.84,0.04,219,499880,中性盘,603367,2025-10-17 22:50:31
09:58:27,22.84,0.0,187,427272,卖盘,603367,2025-10-17 22:50:31
09:58:30,22.83,-0.01,207,472317,卖盘,603367,2025-10-17 22:50:31
09:58:33,22.81,-0.02,145,331159,中性盘,603367,2025-10-17 22:50:31
09:58:36,22.8,-0.01,238,543038,卖盘,603367,2025-10-17 22:50:31
09:58:39,22.8,0.0,517,1178959,卖盘,603367,2025-10-17 22:50:31
09:58:42,22.81,0.01,493,1124061,买盘,603367,2025-10-17 22:50:31
09:58:45,22.81,0.0,261,595167,买盘,603367,2025-10-17 22:50:31
09:58:48,22.8,-0.01,281,641006,卖盘,603367,2025-10-17 22:50:31
09:58:51,22.81,0.01,127,289629,中性盘,603367,2025-10-17 22:50:31
09:58:54,22.78,-0.03,394,898060,卖盘,603367,2025-10-17 22:50:31
09:58:57,22.77,-0.01,251,571775,卖盘,603367,2025-10-17 22:50:31
09:59:00,22.78,0.01,150,341720,中性盘,603367,2025-10-17 22:50:31
09:59:03,22.78,0.0,341,776489,买盘,603367,2025-10-17 22:50:31
09:59:06,22.76,-0.02,347,789490,卖盘,603367,2025-10-17 22:50:31
09:59:09,22.76,0.0,196,446088,买盘,603367,2025-10-17 22:50:31
09:59:12,22.86,0.1,1469,3349850,买盘,603367,2025-10-17 22:50:31
09:59:15,22.88,0.02,301,688786,买盘,603367,2025-10-17 22:50:31
09:59:18,22.99,0.11,342,784751,买盘,603367,2025-10-17 22:50:31
09:59:21,23.0,0.01,599,1377578,买盘,603367,2025-10-17 22:50:31
09:59:24,23.05,0.05,111,255723,买盘,603367,2025-10-17 22:50:31
09:59:27,23.07,0.02,257,592415,买盘,603367,2025-10-17 22:50:31
09:59:30,23.11,0.04,546,1261029,买盘,603367,2025-10-17 22:50:31
09:59:33,23.12,0.01,66,152537,买盘,603367,2025-10-17 22:50:31
09:59:36,23.15,0.03,101,233763,买盘,603367,2025-10-17 22:50:31
09:59:39,23.15,0.0,651,1508631,卖盘,603367,2025-10-17 22:50:31
09:59:42,23.2,0.05,170,394018,买盘,603367,2025-10-17 22:50:31
09:59:45,23.22,0.02,163,378266,买盘,603367,2025-10-17 22:50:31
09:59:48,23.21,-0.01,550,1276921,卖盘,603367,2025-10-17 22:50:31
09:59:51,23.2,-0.01,437,1014546,卖盘,603367,2025-10-17 22:50:31
09:59:54,23.17,-0.03,621,1440253,卖盘,603367,2025-10-17 22:50:31
09:59:57,23.19,0.02,419,971387,买盘,603367,2025-10-17 22:50:31
10:00:00,23.15,-0.04,579,1342082,卖盘,603367,2025-10-17 22:50:31
10:00:03,23.08,-0.07,292,675631,卖盘,603367,2025-10-17 22:50:31
10:00:06,23.17,0.09,397,917458,买盘,603367,2025-10-17 22:50:31
10:00:09,23.03,-0.14,460,1059750,卖盘,603367,2025-10-17 22:50:31
10:00:12,23.04,0.01,352,811565,买盘,603367,2025-10-17 22:50:31
10:00:15,23.0,-0.04,361,831368,卖盘,603367,2025-10-17 22:50:31
10:00:18,22.99,-0.01,202,465058,卖盘,603367,2025-10-17 22:50:31
10:00:21,23.0,0.01,410,943553,买盘,603367,2025-10-17 22:50:31
10:00:24,23.0,0.0,212,487636,买盘,603367,2025-10-17 22:50:31
10:00:27,23.0,0.0,350,804918,买盘,603367,2025-10-17 22:50:31
10:00:30,22.99,-0.01,225,517175,卖盘,603367,2025-10-17 22:50:31
10:00:33,22.89,-0.1,214,491275,卖盘,603367,2025-10-17 22:50:31
10:00:36,22.95,0.06,77,176689,买盘,603367,2025-10-17 22:50:31
10:00:39,22.98,0.03,239,548572,买盘,603367,2025-10-17 22:50:31
10:00:42,22.88,-0.1,276,632108,卖盘,603367,2025-10-17 22:50:31
10:00:45,22.86,-0.02,87,198948,卖盘,603367,2025-10-17 22:50:31
10:00:48,22.81,-0.05,126,287839,卖盘,603367,2025-10-17 22:50:31
10:00:51,22.81,0.0,93,212306,卖盘,603367,2025-10-17 22:50:31
10:00:54,22.81,0.0,67,152917,中性盘,603367,2025-10-17 22:50:31
10:00:57,22.81,0.0,155,353518,买盘,603367,2025-10-17 22:50:31
10:01:00,22.81,0.0,75,171114,卖盘,603367,2025-10-17 22:50:31
10:01:03,22.81,0.0,368,839447,卖盘,603367,2025-10-17 22:50:31
10:01:06,22.82,0.01,731,1667737,买盘,603367,2025-10-17 22:50:31
10:01:09,22.82,0.0,341,778005,卖盘,603367,2025-10-17 22:50:31
10:01:12,22.85,0.03,142,324189,买盘,603367,2025-10-17 22:50:31
10:01:15,22.85,0.0,214,488660,买盘,603367,2025-10-17 22:50:31
10:01:18,22.85,0.0,234,534488,买盘,603367,2025-10-17 22:50:31
10:01:21,22.84,-0.01,219,500027,中性盘,603367,2025-10-17 22:50:31
10:01:24,22.85,0.01,193,440860,买盘,603367,2025-10-17 22:50:31
10:01:27,22.84,-0.01,186,424695,买盘,603367,2025-10-17 22:50:31
10:01:30,22.85,0.01,228,520813,买盘,603367,2025-10-17 22:50:31
10:01:33,22.84,-0.01,90,205575,卖盘,603367,2025-10-17 22:50:31
10:01:36,22.83,-0.01,371,847294,卖盘,603367,2025-10-17 22:50:31
10:01:39,22.82,-0.01,439,1001943,卖盘,603367,2025-10-17 22:50:31
10:01:42,22.82,0.0,241,550626,买盘,603367,2025-10-17 22:50:31
10:01:45,22.81,-0.01,167,380925,卖盘,603367,2025-10-17 22:50:31
10:01:48,22.81,0.0,336,766392,买盘,603367,2025-10-17 22:50:31
10:01:51,22.8,-0.01,599,1365595,卖盘,603367,2025-10-17 22:50:31
10:01:54,22.81,0.01,154,351176,买盘,603367,2025-10-17 22:50:31
10:01:57,22.8,-0.01,297,677148,卖盘,603367,2025-10-17 22:50:31
10:02:00,22.8,0.0,192,437738,买盘,603367,2025-10-17 22:50:31
10:02:03,22.81,0.01,144,328259,买盘,603367,2025-10-17 22:50:31
10:02:06,22.79,-0.02,82,186978,卖盘,603367,2025-10-17 22:50:31
10:02:09,22.78,-0.01,559,1273161,卖盘,603367,2025-10-17 22:50:31
10:02:12,22.81,0.03,341,777753,买盘,603367,2025-10-17 22:50:31
10:02:15,22.79,-0.02,139,317115,卖盘,603367,2025-10-17 22:50:31
10:02:18,22.81,0.02,74,168780,买盘,603367,2025-10-17 22:50:31
10:02:21,22.79,-0.02,161,367111,卖盘,603367,2025-10-17 22:50:31
10:02:24,22.8,0.01,123,280434,买盘,603367,2025-10-17 22:50:31
10:02:27,22.8,0.0,89,202870,买盘,603367,2025-10-17 22:50:31
10:02:30,22.81,0.01,446,1017041,买盘,603367,2025-10-17 22:50:31
10:02:33,22.8,-0.01,94,214401,卖盘,603367,2025-10-17 22:50:31
10:02:36,22.82,0.02,145,330672,买盘,603367,2025-10-17 22:50:31
10:02:39,22.81,-0.01,156,355883,卖盘,603367,2025-10-17 22:50:31
10:02:42,22.81,0.0,75,171056,买盘,603367,2025-10-17 22:50:31
10:02:45,22.81,0.0,302,688610,买盘,603367,2025-10-17 22:50:31
10:02:48,22.81,0.0,152,346679,买盘,603367,2025-10-17 22:50:31
10:02:51,22.8,-0.01,309,704747,卖盘,603367,2025-10-17 22:50:31
10:02:54,22.8,0.0,57,129988,买盘,603367,2025-10-17 22:50:31
10:02:57,22.78,-0.02,749,1706701,卖盘,603367,2025-10-17 22:50:31
10:03:00,22.78,0.0,228,519523,卖盘,603367,2025-10-17 22:50:31
10:03:03,22.77,-0.01,274,624197,卖盘,603367,2025-10-17 22:50:31
10:03:06,22.76,-0.01,471,1072349,卖盘,603367,2025-10-17 22:50:31
10:03:09,22.75,-0.01,354,805604,卖盘,603367,2025-10-17 22:50:31
10:03:12,22.74,-0.01,88,200207,卖盘,603367,2025-10-17 22:50:31
10:03:15,22.74,0.0,117,266062,卖盘,603367,2025-10-17 22:50:31
10:03:18,22.71,-0.03,474,1077364,卖盘,603367,2025-10-17 22:50:31
10:03:21,22.71,0.0,279,634380,卖盘,603367,2025-10-17 22:50:31
10:03:24,22.73,0.02,176,399748,中性盘,603367,2025-10-17 22:50:31
10:03:27,22.7,-0.03,887,2013700,卖盘,603367,2025-10-17 22:50:31
10:03:30,22.7,0.0,147,333636,买盘,603367,2025-10-17 22:50:31
10:03:33,22.7,0.0,320,726390,买盘,603367,2025-10-17 22:50:31
10:03:36,22.71,0.01,297,674348,买盘,603367,2025-10-17 22:50:31
10:03:39,22.71,0.0,126,286073,买盘,603367,2025-10-17 22:50:31
10:03:42,22.72,0.01,185,420047,买盘,603367,2025-10-17 22:50:31
10:03:45,22.71,-0.01,23,52233,卖盘,603367,2025-10-17 22:50:31
10:03:48,22.71,0.0,50,113557,卖盘,603367,2025-10-17 22:50:31
10:03:51,22.7,-0.01,268,608627,卖盘,603367,2025-10-17 22:50:31
10:03:54,22.71,0.01,84,190702,买盘,603367,2025-10-17 22:50:31
10:03:57,22.7,-0.01,297,674322,卖盘,603367,2025-10-17 22:50:31
10:04:00,22.7,0.0,187,424567,卖盘,603367,2025-10-17 22:50:31
10:04:03,22.71,0.01,754,1711538,买盘,603367,2025-10-17 22:50:31
10:04:06,22.71,0.0,213,483760,卖盘,603367,2025-10-17 22:50:31
10:04:09,22.71,0.0,100,227141,卖盘,603367,2025-10-17 22:50:31
10:04:12,22.72,0.01,158,358903,中性盘,603367,2025-10-17 22:50:31
10:04:15,22.73,0.01,168,381679,买盘,603367,2025-10-17 22:50:31
10:04:18,22.72,-0.01,50,113606,买盘,603367,2025-10-17 22:50:31
10:04:21,22.73,0.01,169,383940,买盘,603367,2025-10-17 22:50:31
10:04:24,22.73,0.0,36,81811,卖盘,603367,2025-10-17 22:50:31
10:04:27,22.73,0.0,60,136372,买盘,603367,2025-10-17 22:50:31
10:04:30,22.75,0.02,186,423025,买盘,603367,2025-10-17 22:50:31
10:04:33,22.77,0.02,91,207085,买盘,603367,2025-10-17 22:50:31
10:04:36,22.76,-0.01,70,159308,卖盘,603367,2025-10-17 22:50:31
10:04:39,22.76,0.0,364,828439,买盘,603367,2025-10-17 22:50:31
10:04:42,22.74,-0.02,356,809876,卖盘,603367,2025-10-17 22:50:31
10:04:45,22.74,0.0,150,341035,买盘,603367,2025-10-17 22:50:31
10:04:48,22.75,0.01,228,518400,买盘,603367,2025-10-17 22:50:31
10:04:51,22.74,-0.01,298,678045,卖盘,603367,2025-10-17 22:50:31
10:04:54,22.73,-0.01,323,734800,卖盘,603367,2025-10-17 22:50:31
10:04:57,22.73,0.0,51,115916,买盘,603367,2025-10-17 22:50:31
10:05:00,22.74,0.01,69,156839,买盘,603367,2025-10-17 22:50:31
10:05:03,22.73,-0.01,214,486707,卖盘,603367,2025-10-17 22:50:31
10:05:06,22.74,0.01,67,152295,买盘,603367,2025-10-17 22:50:31
10:05:09,22.72,-0.02,249,565794,卖盘,603367,2025-10-17 22:50:31
10:05:12,22.67,-0.05,840,1906840,卖盘,603367,2025-10-17 22:50:31
10:05:15,22.67,0.0,78,176840,卖盘,603367,2025-10-17 22:50:31
10:05:18,22.66,-0.01,306,693449,卖盘,603367,2025-10-17 22:50:31
10:05:21,22.65,-0.01,205,464263,卖盘,603367,2025-10-17 22:50:31
10:05:24,22.63,-0.02,34,76962,卖盘,603367,2025-10-17 22:50:31
10:05:27,22.62,-0.01,53,119928,卖盘,603367,2025-10-17 22:50:31
10:05:30,22.6,-0.02,843,1905351,卖盘,603367,2025-10-17 22:50:31
10:05:33,22.6,0.0,197,445068,买盘,603367,2025-10-17 22:50:31
10:05:36,22.58,-0.02,70,158128,卖盘,603367,2025-10-17 22:50:31
10:05:39,22.58,0.0,180,406469,卖盘,603367,2025-10-17 22:50:31
10:05:42,22.58,0.0,48,108363,卖盘,603367,2025-10-17 22:50:31
10:05:45,22.58,0.0,75,169282,买盘,603367,2025-10-17 22:50:31
10:05:48,22.55,-0.03,571,1288798,卖盘,603367,2025-10-17 22:50:31
10:05:51,22.55,0.0,326,735167,买盘,603367,2025-10-17 22:50:31
10:05:54,22.55,0.0,116,261641,买盘,603367,2025-10-17 22:50:31
10:05:57,22.52,-0.03,166,374216,卖盘,603367,2025-10-17 22:50:31
10:06:00,22.52,0.0,249,560985,卖盘,603367,2025-10-17 22:50:31
10:06:03,22.5,-0.02,421,947696,卖盘,603367,2025-10-17 22:50:31
10:06:06,22.51,0.01,420,945053,买盘,603367,2025-10-17 22:50:31
10:06:09,22.51,0.0,358,805825,买盘,603367,2025-10-17 22:50:31
10:06:12,22.5,-0.01,485,1091371,卖盘,603367,2025-10-17 22:50:31
10:06:15,22.5,0.0,135,303714,买盘,603367,2025-10-17 22:50:31
10:06:18,22.49,-0.01,188,422872,卖盘,603367,2025-10-17 22:50:31
10:06:21,22.49,0.0,429,964566,买盘,603367,2025-10-17 22:50:31
10:06:24,22.47,-0.02,60,134865,卖盘,603367,2025-10-17 22:50:31
10:06:27,22.47,0.0,44,98861,买盘,603367,2025-10-17 22:50:31
10:06:30,22.46,-0.01,144,323521,卖盘,603367,2025-10-17 22:50:31
10:06:33,22.49,0.03,739,1661142,买盘,603367,2025-10-17 22:50:31
10:06:36,22.49,0.0,215,483162,买盘,603367,2025-10-17 22:50:31
10:06:39,22.49,0.0,610,1372146,买盘,603367,2025-10-17 22:50:31
10:06:42,22.47,-0.02,138,310252,卖盘,603367,2025-10-17 22:50:31
10:06:45,22.5,0.03,285,640581,买盘,603367,2025-10-17 22:50:31
10:06:48,22.5,0.0,174,391374,买盘,603367,2025-10-17 22:50:31
10:06:51,22.5,0.0,87,195743,买盘,603367,2025-10-17 22:50:31
10:06:54,22.5,0.0,152,342016,卖盘,603367,2025-10-17 22:50:31
10:06:57,22.51,0.01,236,531019,买盘,603367,2025-10-17 22:50:31
10:07:00,22.51,0.0,138,310604,买盘,603367,2025-10-17 22:50:31
10:07:03,22.5,-0.01,289,650553,卖盘,603367,2025-10-17 22:50:31
10:07:06,22.53,0.03,76,171174,买盘,603367,2025-10-17 22:50:31
10:07:09,22.54,0.01,107,241045,买盘,603367,2025-10-17 22:50:31
10:07:12,22.54,0.0,56,126197,买盘,603367,2025-10-17 22:50:31
10:07:15,22.54,0.0,63,142002,买盘,603367,2025-10-17 22:50:31
10:07:18,22.55,0.01,195,439689,买盘,603367,2025-10-17 22:50:31
10:07:21,22.55,0.0,16,36090,卖盘,603367,2025-10-17 22:50:31
10:07:24,22.57,0.02,82,184965,买盘,603367,2025-10-17 22:50:31
10:07:27,22.57,0.0,208,469318,卖盘,603367,2025-10-17 22:50:31
10:07:30,22.57,0.0,231,521205,买盘,603367,2025-10-17 22:50:31
10:07:33,22.58,0.01,10,22579,买盘,603367,2025-10-17 22:50:31
10:07:36,22.57,-0.01,121,273115,卖盘,603367,2025-10-17 22:50:31
10:07:39,22.59,0.02,37,83562,买盘,603367,2025-10-17 22:50:31
10:07:42,22.59,0.0,79,178415,买盘,603367,2025-10-17 22:50:31
10:07:45,22.6,0.01,375,847078,买盘,603367,2025-10-17 22:50:31
10:07:48,22.62,0.02,114,257707,买盘,603367,2025-10-17 22:50:31
10:07:51,22.62,0.0,198,447606,买盘,603367,2025-10-17 22:50:31
10:07:54,22.62,0.0,121,273686,买盘,603367,2025-10-17 22:50:31
10:07:57,22.65,0.03,223,504436,买盘,603367,2025-10-17 22:50:31
10:08:00,22.64,-0.01,22,49816,买盘,603367,2025-10-17 22:50:31
10:08:03,22.61,-0.03,241,545195,卖盘,603367,2025-10-17 22:50:31
10:08:06,22.64,0.03,115,260156,买盘,603367,2025-10-17 22:50:31
10:08:09,22.64,0.0,183,414145,买盘,603367,2025-10-17 22:50:31
10:08:12,22.64,0.0,40,90524,买盘,603367,2025-10-17 22:50:31
10:08:15,22.63,-0.01,160,362107,卖盘,603367,2025-10-17 22:50:31
10:08:18,22.64,0.01,243,550046,买盘,603367,2025-10-17 22:50:31
10:08:21,22.64,0.0,134,303357,卖盘,603367,2025-10-17 22:50:31
10:08:24,22.64,0.0,197,445989,卖盘,603367,2025-10-17 22:50:31
10:08:27,22.63,-0.01,162,366691,卖盘,603367,2025-10-17 22:50:31
10:08:30,22.63,0.0,82,185572,卖盘,603367,2025-10-17 22:50:31
10:08:33,22.62,-0.01,130,294096,卖盘,603367,2025-10-17 22:50:31
10:08:36,22.61,-0.01,130,294035,卖盘,603367,2025-10-17 22:50:31
10:08:39,22.62,0.01,140,316750,买盘,603367,2025-10-17 22:50:31
10:08:42,22.61,-0.01,31,70099,卖盘,603367,2025-10-17 22:50:31
10:08:45,22.61,0.0,207,468004,买盘,603367,2025-10-17 22:50:31
10:08:48,22.62,0.01,117,264473,买盘,603367,2025-10-17 22:50:31
10:08:51,22.62,0.0,11,24875,买盘,603367,2025-10-17 22:50:31
10:08:54,22.62,0.0,66,149280,买盘,603367,2025-10-17 22:50:31
10:08:57,22.63,0.01,232,524958,买盘,603367,2025-10-17 22:50:31
10:09:00,22.62,-0.01,88,199102,卖盘,603367,2025-10-17 22:50:31
10:09:03,22.6,-0.02,335,757241,卖盘,603367,2025-10-17 22:50:31
10:09:06,22.6,0.0,131,296073,卖盘,603367,2025-10-17 22:50:31
10:09:09,22.6,0.0,90,203449,买盘,603367,2025-10-17 22:50:31
10:09:12,22.61,0.01,51,115283,买盘,603367,2025-10-17 22:50:31
10:09:15,22.6,-0.01,44,99448,卖盘,603367,2025-10-17 22:50:31
10:09:18,22.6,0.0,154,348064,卖盘,603367,2025-10-17 22:50:31
10:09:21,22.6,0.0,72,162790,卖盘,603367,2025-10-17 22:50:31
10:09:24,22.61,0.01,66,149194,买盘,603367,2025-10-17 22:50:31
10:09:27,22.62,0.01,210,474705,买盘,603367,2025-10-17 22:50:31
10:09:30,22.61,-0.01,142,321134,卖盘,603367,2025-10-17 22:50:31
10:09:33,22.62,0.01,70,158291,买盘,603367,2025-10-17 22:50:31
10:09:36,22.62,0.0,174,393323,买盘,603367,2025-10-17 22:50:31
10:09:39,22.61,-0.01,80,180888,卖盘,603367,2025-10-17 22:50:31
10:09:42,22.62,0.01,54,122109,买盘,603367,2025-10-17 22:50:31
10:09:45,22.61,-0.01,85,192243,卖盘,603367,2025-10-17 22:50:31
10:09:48,22.62,0.01,60,135708,买盘,603367,2025-10-17 22:50:31
10:09:51,22.62,0.0,70,158318,买盘,603367,2025-10-17 22:50:31
10:09:54,22.62,0.0,81,183149,买盘,603367,2025-10-17 22:50:31
10:09:57,22.62,0.0,46,104052,买盘,603367,2025-10-17 22:50:31
10:10:00,22.61,-0.01,61,137973,卖盘,603367,2025-10-17 22:50:31
10:10:03,22.61,0.0,155,350516,卖盘,603367,2025-10-17 22:50:31
10:10:06,22.62,0.01,189,427369,买盘,603367,2025-10-17 22:50:31
10:10:09,22.61,-0.01,44,99493,卖盘,603367,2025-10-17 22:50:31
10:10:12,22.61,0.0,62,140189,卖盘,603367,2025-10-17 22:50:31
10:10:15,22.61,0.0,35,79132,买盘,603367,2025-10-17 22:50:31
10:10:18,22.61,0.0,10,22605,买盘,603367,2025-10-17 22:50:31
10:10:21,22.6,-0.01,164,370665,卖盘,603367,2025-10-17 22:50:31
10:10:24,22.6,0.0,193,436287,卖盘,603367,2025-10-17 22:50:31
10:10:27,22.6,0.0,103,232810,卖盘,603367,2025-10-17 22:50:31
10:10:30,22.61,0.01,283,639806,买盘,603367,2025-10-17 22:50:31
10:10:33,22.62,0.01,219,495225,买盘,603367,2025-10-17 22:50:31
10:10:36,22.68,0.06,609,1378882,买盘,603367,2025-10-17 22:50:31
10:10:39,22.69,0.01,107,242640,买盘,603367,2025-10-17 22:50:31
10:10:42,22.74,0.05,42,95474,买盘,603367,2025-10-17 22:50:31
10:10:45,22.74,0.0,11,25010,买盘,603367,2025-10-17 22:50:31
10:10:48,22.77,0.03,25,56892,买盘,603367,2025-10-17 22:50:31
10:10:51,22.75,-0.02,17,38690,卖盘,603367,2025-10-17 22:50:31
10:10:54,22.74,-0.01,169,384328,卖盘,603367,2025-10-17 22:50:31
10:10:57,22.75,0.01,161,366185,买盘,603367,2025-10-17 22:50:31
10:11:00,22.74,-0.01,98,222918,中性盘,603367,2025-10-17 22:50:31
10:11:03,22.73,-0.01,80,181804,卖盘,603367,2025-10-17 22:50:31
10:11:06,22.7,-0.03,67,152187,卖盘,603367,2025-10-17 22:50:31
10:11:09,22.68,-0.02,146,331329,卖盘,603367,2025-10-17 22:50:31
10:11:12,22.67,-0.01,19,43093,卖盘,603367,2025-10-17 22:50:31
10:11:15,22.67,0.0,21,47617,卖盘,603367,2025-10-17 22:50:31
10:11:18,22.67,0.0,8,18136,买盘,603367,2025-10-17 22:50:31
10:11:21,22.67,0.0,49,111077,买盘,603367,2025-10-17 22:50:31
10:11:24,22.68,0.01,45,102046,买盘,603367,2025-10-17 22:50:31
10:11:27,22.67,-0.01,175,396868,卖盘,603367,2025-10-17 22:50:31
10:11:30,22.67,0.0,46,104282,卖盘,603367,2025-10-17 22:50:31
10:11:33,22.67,0.0,538,1220458,买盘,603367,2025-10-17 22:50:31
10:11:36,22.68,0.01,54,122510,中性盘,603367,2025-10-17 22:50:31
10:11:39,22.71,0.03,34,77178,买盘,603367,2025-10-17 22:50:31
10:11:42,22.71,0.0,25,56772,买盘,603367,2025-10-17 22:50:31
10:11:45,22.75,0.04,276,627533,买盘,603367,2025-10-17 22:50:31
10:11:48,22.76,0.01,91,207134,买盘,603367,2025-10-17 22:50:31
10:11:51,22.76,0.0,84,191122,买盘,603367,2025-10-17 22:50:31
10:11:54,22.77,0.01,2,4554,卖盘,603367,2025-10-17 22:50:31
10:11:57,22.77,0.0,203,461989,卖盘,603367,2025-10-17 22:50:31
10:12:00,22.77,0.0,147,334818,买盘,603367,2025-10-17 22:50:31
10:12:03,22.76,-0.01,139,316464,卖盘,603367,2025-10-17 22:50:31
10:12:06,22.72,-0.04,103,234339,卖盘,603367,2025-10-17 22:50:31
10:12:09,22.71,-0.01,129,292973,卖盘,603367,2025-10-17 22:50:31
10:12:12,22.76,0.05,135,306743,买盘,603367,2025-10-17 22:50:31
10:12:15,22.73,-0.03,108,245396,中性盘,603367,2025-10-17 22:50:31
10:12:18,22.71,-0.02,193,438607,卖盘,603367,2025-10-17 22:50:31
10:12:21,22.73,0.02,33,74998,中性盘,603367,2025-10-17 22:50:31
10:12:24,22.71,-0.02,53,120401,卖盘,603367,2025-10-17 22:50:31
10:12:27,22.67,-0.04,485,1099746,卖盘,603367,2025-10-17 22:50:31
10:12:30,22.67,0.0,112,253904,买盘,603367,2025-10-17 22:50:31
10:12:33,22.66,-0.01,21,47593,卖盘,603367,2025-10-17 22:50:31
10:12:36,22.66,0.0,38,86083,买盘,603367,2025-10-17 22:50:31
10:12:39,22.65,-0.01,24,54374,卖盘,603367,2025-10-17 22:50:31
10:12:42,22.65,0.0,16,36222,买盘,603367,2025-10-17 22:50:31
10:12:45,22.64,-0.01,28,63414,卖盘,603367,2025-10-17 22:50:31
10:12:48,22.63,-0.01,18,40749,卖盘,603367,2025-10-17 22:50:31
10:12:51,22.63,0.0,46,104073,买盘,603367,2025-10-17 22:50:31
10:12:54,22.63,0.0,46,104071,卖盘,603367,2025-10-17 22:50:31
10:12:57,22.62,-0.01,51,115362,买盘,603367,2025-10-17 22:50:31
10:13:00,22.62,0.0,11,24882,买盘,603367,2025-10-17 22:50:31
10:13:03,22.61,-0.01,200,452241,卖盘,603367,2025-10-17 22:50:31
10:13:06,22.61,0.0,200,452199,买盘,603367,2025-10-17 22:50:31
10:13:09,22.6,-0.01,604,1365537,卖盘,603367,2025-10-17 22:50:31
10:13:12,22.61,0.01,271,612678,买盘,603367,2025-10-17 22:50:31
10:13:15,22.61,0.0,465,1051616,买盘,603367,2025-10-17 22:50:31
10:13:18,22.61,0.0,125,282683,卖盘,603367,2025-10-17 22:50:31
10:13:21,22.67,0.06,696,1575949,买盘,603367,2025-10-17 22:50:31
10:13:24,22.7,0.03,299,678656,买盘,603367,2025-10-17 22:50:31
10:13:27,22.72,0.02,93,211237,买盘,603367,2025-10-17 22:50:31
10:13:30,22.73,0.01,29,65836,买盘,603367,2025-10-17 22:50:31
10:13:33,22.71,-0.02,88,199986,卖盘,603367,2025-10-17 22:50:31
10:13:36,22.71,0.0,64,145371,卖盘,603367,2025-10-17 22:50:31
10:13:39,22.74,0.03,93,211393,买盘,603367,2025-10-17 22:50:31
10:13:42,22.74,0.0,26,59154,卖盘,603367,2025-10-17 22:50:31
10:13:45,22.78,0.04,283,644200,买盘,603367,2025-10-17 22:50:31
10:13:48,22.75,-0.03,45,102346,中性盘,603367,2025-10-17 22:50:31
10:13:51,22.78,0.03,164,373285,买盘,603367,2025-10-17 22:50:31
10:13:54,22.8,0.02,62,141360,买盘,603367,2025-10-17 22:50:31
10:13:57,22.79,-0.01,7,15953,买盘,603367,2025-10-17 22:50:31
10:14:00,22.81,0.02,91,207471,买盘,603367,2025-10-17 22:50:31
10:14:03,22.81,0.0,61,139071,买盘,603367,2025-10-17 22:50:31
10:14:06,22.81,0.0,85,193945,买盘,603367,2025-10-17 22:50:31
10:14:09,22.8,-0.01,141,321544,卖盘,603367,2025-10-17 22:50:31
10:14:12,22.8,0.0,151,344121,买盘,603367,2025-10-17 22:50:31
10:14:15,22.8,0.0,64,145926,买盘,603367,2025-10-17 22:50:31
10:14:18,22.8,0.0,129,294094,买盘,603367,2025-10-17 22:50:31
10:14:21,22.79,-0.01,80,182431,卖盘,603367,2025-10-17 22:50:31
10:14:24,22.79,0.0,158,360209,卖盘,603367,2025-10-17 22:50:31
10:14:27,22.79,0.0,58,132179,买盘,603367,2025-10-17 22:50:31
10:14:30,22.84,0.05,125,285126,买盘,603367,2025-10-17 22:50:31
10:14:33,22.86,0.02,132,301279,买盘,603367,2025-10-17 22:50:31
10:14:36,22.84,-0.02,85,194187,卖盘,603367,2025-10-17 22:50:31
10:14:39,22.86,0.02,43,98292,买盘,603367,2025-10-17 22:50:31
10:14:42,22.87,0.01,70,160021,买盘,603367,2025-10-17 22:50:31
10:14:45,22.84,-0.03,86,196559,卖盘,603367,2025-10-17 22:50:31
10:14:48,22.87,0.03,89,203416,买盘,603367,2025-10-17 22:50:31
10:14:51,22.88,0.01,27,61770,买盘,603367,2025-10-17 22:50:31
10:14:54,22.88,0.0,114,260845,买盘,603367,2025-10-17 22:50:31
10:14:57,22.9,0.02,122,279218,买盘,603367,2025-10-17 22:50:31
10:15:00,22.9,0.0,41,93877,买盘,603367,2025-10-17 22:50:31
10:15:03,22.9,0.0,103,235976,卖盘,603367,2025-10-17 22:50:31
10:15:06,22.91,0.01,170,389497,中性盘,603367,2025-10-17 22:50:31
10:15:09,22.92,0.01,86,197167,中性盘,603367,2025-10-17 22:50:31
10:15:12,22.93,0.01,44,100924,中性盘,603367,2025-10-17 22:50:31
10:15:15,22.96,0.03,147,337244,买盘,603367,2025-10-17 22:50:31
10:15:18,22.97,0.01,180,413262,买盘,603367,2025-10-17 22:50:31
10:15:21,22.98,0.01,78,179221,买盘,603367,2025-10-17 22:50:31
10:15:24,22.98,0.0,381,875378,买盘,603367,2025-10-17 22:50:31
10:15:27,22.98,0.0,98,225230,卖盘,603367,2025-10-17 22:50:31
10:15:30,22.97,-0.01,755,1734986,卖盘,603367,2025-10-17 22:50:31
10:15:33,22.98,0.01,132,303285,买盘,603367,2025-10-17 22:50:31
10:15:36,22.97,-0.01,151,346985,中性盘,603367,2025-10-17 22:50:31
10:15:39,22.98,0.01,119,273410,买盘,603367,2025-10-17 22:50:31
10:15:42,22.97,-0.01,96,220557,卖盘,603367,2025-10-17 22:50:31
10:15:45,22.98,0.01,244,560754,中性盘,603367,2025-10-17 22:50:31
10:15:48,22.97,-0.01,241,553689,卖盘,603367,2025-10-17 22:50:31
10:15:51,22.98,0.01,216,496203,买盘,603367,2025-10-17 22:50:31
10:15:54,22.94,-0.04,207,475068,卖盘,603367,2025-10-17 22:50:31
10:15:57,22.97,0.03,60,137741,买盘,603367,2025-10-17 22:50:31
10:16:00,22.92,-0.05,124,284346,卖盘,603367,2025-10-17 22:50:31
10:16:03,22.91,-0.01,125,286417,卖盘,603367,2025-10-17 22:50:31
10:16:06,22.89,-0.02,239,547442,卖盘,603367,2025-10-17 22:50:31
10:16:09,22.87,-0.02,147,336420,卖盘,603367,2025-10-17 22:50:31
10:16:12,22.87,0.0,26,59478,卖盘,603367,2025-10-17 22:50:31
10:16:15,22.86,-0.01,127,290454,卖盘,603367,2025-10-17 22:50:31
10:16:18,22.85,-0.01,176,402201,卖盘,603367,2025-10-17 22:50:31
10:16:21,22.86,0.01,189,432053,买盘,603367,2025-10-17 22:50:31
10:16:24,22.85,-0.01,61,139392,买盘,603367,2025-10-17 22:50:31
10:16:27,22.84,-0.01,133,303852,卖盘,603367,2025-10-17 22:50:31
10:16:30,22.84,0.0,74,169014,买盘,603367,2025-10-17 22:50:31
10:16:33,22.82,-0.02,74,168940,卖盘,603367,2025-10-17 22:50:31
10:16:36,22.81,-0.01,57,130106,卖盘,603367,2025-10-17 22:50:31
10:16:39,22.81,0.0,23,52468,卖盘,603367,2025-10-17 22:50:31
10:16:42,22.81,0.0,100,228142,卖盘,603367,2025-10-17 22:50:31
10:16:45,22.81,0.0,59,134560,买盘,603367,2025-10-17 22:50:31
10:16:48,22.79,-0.02,138,314605,卖盘,603367,2025-10-17 22:50:31
10:16:51,22.78,-0.01,37,84295,卖盘,603367,2025-10-17 22:50:31
10:16:54,22.78,0.0,661,1506291,卖盘,603367,2025-10-17 22:50:31
10:16:57,22.78,0.0,49,111622,卖盘,603367,2025-10-17 22:50:31
10:17:00,22.78,0.0,167,380464,买盘,603367,2025-10-17 22:50:31
10:17:03,22.78,0.0,336,765808,卖盘,603367,2025-10-17 22:50:31
10:17:06,22.81,0.03,241,549178,买盘,603367,2025-10-17 22:50:31
10:17:09,22.83,0.02,89,203007,买盘,603367,2025-10-17 22:50:31
10:17:12,22.84,0.01,490,1116472,买盘,603367,2025-10-17 22:50:31
10:17:15,22.89,0.05,247,564553,买盘,603367,2025-10-17 22:50:31
10:17:18,22.96,0.07,231,528993,买盘,603367,2025-10-17 22:50:31
10:17:21,22.96,0.0,241,551464,买盘,603367,2025-10-17 22:50:31
10:17:24,23.0,0.04,1349,3101606,买盘,603367,2025-10-17 22:50:31
10:17:27,23.0,0.0,51,117300,买盘,603367,2025-10-17 22:50:31
10:17:30,23.0,0.0,68,156406,买盘,603367,2025-10-17 22:50:31
10:17:33,23.03,0.03,134,308523,买盘,603367,2025-10-17 22:50:31
10:17:36,23.06,0.03,103,237177,买盘,603367,2025-10-17 22:50:31
10:17:39,23.06,0.0,190,437984,买盘,603367,2025-10-17 22:50:31
10:17:42,23.06,0.0,176,405816,买盘,603367,2025-10-17 22:50:31
10:17:45,23.06,0.0,92,212113,买盘,603367,2025-10-17 22:50:31
10:17:48,23.06,0.0,81,186809,卖盘,603367,2025-10-17 22:50:31
10:17:51,23.06,0.0,162,373616,卖盘,603367,2025-10-17 22:50:31
10:17:54,23.06,0.0,199,458923,卖盘,603367,2025-10-17 22:50:31
10:17:57,23.05,-0.01,138,318242,卖盘,603367,2025-10-17 22:50:31
10:18:00,23.05,0.0,106,244402,买盘,603367,2025-10-17 22:50:31
10:18:03,23.04,-0.01,68,156799,卖盘,603367,2025-10-17 22:50:31
10:18:06,23.03,-0.01,315,725819,卖盘,603367,2025-10-17 22:50:31
10:18:09,23.03,0.0,53,122133,中性盘,603367,2025-10-17 22:50:31
10:18:12,23.04,0.01,33,76004,买盘,603367,2025-10-17 22:50:31
10:18:15,23.03,-0.01,189,435366,卖盘,603367,2025-10-17 22:50:31
10:18:18,23.03,0.0,92,211938,卖盘,603367,2025-10-17 22:50:31
10:18:21,23.0,-0.03,193,444211,卖盘,603367,2025-10-17 22:50:31
10:18:24,23.04,0.04,67,154310,买盘,603367,2025-10-17 22:50:31
10:18:27,23.03,-0.01,116,267212,卖盘,603367,2025-10-17 22:50:31
10:18:30,23.03,0.0,74,170370,买盘,603367,2025-10-17 22:50:31
10:18:33,23.01,-0.02,167,384526,卖盘,603367,2025-10-17 22:50:31
10:18:36,23.14,0.13,1586,3660324,买盘,603367,2025-10-17 22:50:31
10:18:39,23.16,0.02,1162,2690612,买盘,603367,2025-10-17 22:50:31
10:18:42,23.17,0.01,60,138990,买盘,603367,2025-10-17 22:50:31
10:18:45,23.2,0.03,760,1762236,买盘,603367,2025-10-17 22:50:31
10:18:48,23.21,0.01,617,1431462,买盘,603367,2025-10-17 22:50:31
10:18:51,23.21,0.0,196,454845,买盘,603367,2025-10-17 22:50:31
10:18:54,23.22,0.01,239,554849,买盘,603367,2025-10-17 22:50:31
10:18:57,23.23,0.01,480,1115201,买盘,603367,2025-10-17 22:50:31
10:19:00,23.25,0.02,690,1602264,买盘,603367,2025-10-17 22:50:31
10:19:03,23.26,0.01,1770,4115455,买盘,603367,2025-10-17 22:50:31
10:19:06,23.26,0.0,540,1255852,买盘,603367,2025-10-17 22:50:31
10:19:09,23.25,-0.01,1191,2769689,卖盘,603367,2025-10-17 22:50:31
10:19:12,23.23,-0.02,606,1407441,卖盘,603367,2025-10-17 22:50:31
10:19:15,23.19,-0.04,456,1057892,中性盘,603367,2025-10-17 22:50:31
10:19:18,23.16,-0.03,458,1061212,卖盘,603367,2025-10-17 22:50:31
10:19:21,23.16,0.0,31,71772,买盘,603367,2025-10-17 22:50:31
10:19:24,23.12,-0.04,33,76301,中性盘,603367,2025-10-17 22:50:31
10:19:27,23.09,-0.03,419,966334,卖盘,603367,2025-10-17 22:50:31
10:19:30,23.07,-0.02,240,553350,中性盘,603367,2025-10-17 22:50:31
10:19:33,23.06,-0.01,49,112941,买盘,603367,2025-10-17 22:50:31
10:19:36,23.05,-0.01,225,518337,买盘,603367,2025-10-17 22:50:31
10:19:39,23.05,0.0,101,232755,买盘,603367,2025-10-17 22:50:31
10:19:42,23.05,0.0,615,1417680,卖盘,603367,2025-10-17 22:50:31
10:19:45,23.05,0.0,198,456493,卖盘,603367,2025-10-17 22:50:31
10:19:48,23.05,0.0,151,348088,买盘,603367,2025-10-17 22:50:31
10:19:51,23.04,-0.01,412,949599,卖盘,603367,2025-10-17 22:50:31
10:19:54,23.05,0.01,192,442485,中性盘,603367,2025-10-17 22:50:31
10:19:57,23.06,0.01,69,159095,买盘,603367,2025-10-17 22:50:31
10:20:00,23.08,0.02,193,444989,买盘,603367,2025-10-17 22:50:31
10:20:03,23.09,0.01,312,719549,买盘,603367,2025-10-17 22:50:31
10:20:06,23.09,0.0,75,173067,买盘,603367,2025-10-17 22:50:31
10:20:09,23.08,-0.01,78,180031,中性盘,603367,2025-10-17 22:50:31
10:20:12,23.08,0.0,178,410949,卖盘,603367,2025-10-17 22:50:31
10:20:15,23.09,0.01,54,124686,中性盘,603367,2025-10-17 22:50:31
10:20:18,23.1,0.01,483,1115320,买盘,603367,2025-10-17 22:50:31
10:20:21,23.09,-0.01,322,743916,卖盘,603367,2025-10-17 22:50:31
10:20:24,23.09,0.0,139,320912,买盘,603367,2025-10-17 22:50:31
10:20:27,23.08,-0.01,66,152304,卖盘,603367,2025-10-17 22:50:31
10:20:30,23.08,0.0,42,96934,买盘,603367,2025-10-17 22:50:31
10:20:33,23.07,-0.01,78,179960,卖盘,603367,2025-10-17 22:50:31
10:20:36,23.07,0.0,92,212246,卖盘,603367,2025-10-17 22:50:31
10:20:39,23.07,0.0,40,92270,买盘,603367,2025-10-17 22:50:31
10:20:42,23.06,-0.01,58,133748,卖盘,603367,2025-10-17 22:50:31
10:20:45,23.04,-0.02,311,716896,卖盘,603367,2025-10-17 22:50:31
10:20:48,23.03,-0.01,339,781073,卖盘,603367,2025-10-17 22:50:31
10:20:51,23.03,0.0,28,64504,卖盘,603367,2025-10-17 22:50:31
10:20:54,23.02,-0.01,120,276374,卖盘,603367,2025-10-17 22:50:31
10:20:57,23.03,0.01,29,66787,买盘,603367,2025-10-17 22:50:31
10:21:00,23.02,-0.01,84,193350,卖盘,603367,2025-10-17 22:50:31
10:21:03,23.02,0.0,122,280740,买盘,603367,2025-10-17 22:50:31
10:21:06,23.01,-0.01,195,448752,卖盘,603367,2025-10-17 22:50:31
10:21:09,23.0,-0.01,92,211689,卖盘,603367,2025-10-17 22:50:31
10:21:12,23.0,0.0,505,1161625,卖盘,603367,2025-10-17 22:50:31
10:21:15,22.99,-0.01,307,706079,卖盘,603367,2025-10-17 22:50:31
10:21:18,23.01,0.02,191,439299,买盘,603367,2025-10-17 22:50:31
10:21:21,23.0,-0.01,365,839480,卖盘,603367,2025-10-17 22:50:31
10:21:24,23.04,0.04,1162,2674981,买盘,603367,2025-10-17 22:50:31
10:21:27,23.0,-0.04,195,448675,卖盘,603367,2025-10-17 22:50:31
10:21:30,23.01,0.01,116,266874,买盘,603367,2025-10-17 22:50:31
10:21:33,23.03,0.02,53,121955,买盘,603367,2025-10-17 22:50:31
10:21:36,23.0,-0.03,119,273816,卖盘,603367,2025-10-17 22:50:31
10:21:39,23.0,0.0,83,190896,买盘,603367,2025-10-17 22:50:31
10:21:42,23.0,0.0,148,340383,买盘,603367,2025-10-17 22:50:31
10:21:45,23.01,0.01,163,374909,买盘,603367,2025-10-17 22:50:31
10:21:48,23.03,0.02,14,32226,买盘,603367,2025-10-17 22:50:31
10:21:51,23.02,-0.01,117,269223,卖盘,603367,2025-10-17 22:50:31
10:21:54,23.02,0.0,41,94386,买盘,603367,2025-10-17 22:50:31
10:21:57,23.01,-0.01,13,29916,卖盘,603367,2025-10-17 22:50:31
10:22:00,23.02,0.01,79,181866,买盘,603367,2025-10-17 22:50:31
10:22:03,23.02,0.0,272,626286,买盘,603367,2025-10-17 22:50:31
10:22:06,23.04,0.02,330,760004,买盘,603367,2025-10-17 22:50:31
10:22:09,23.06,0.02,121,278854,买盘,603367,2025-10-17 22:50:31
10:22:12,23.11,0.05,1433,3307671,买盘,603367,2025-10-17 22:50:31
10:22:15,23.15,0.04,196,453153,买盘,603367,2025-10-17 22:50:31
10:22:18,23.18,0.03,56,129577,买盘,603367,2025-10-17 22:50:31
10:22:21,23.19,0.01,180,416773,买盘,603367,2025-10-17 22:50:31
10:22:24,23.19,0.0,147,340851,买盘,603367,2025-10-17 22:50:31
10:22:27,23.18,-0.01,93,215677,卖盘,603367,2025-10-17 22:50:31
10:22:30,23.17,-0.01,212,491631,卖盘,603367,2025-10-17 22:50:31
10:22:33,23.19,0.02,335,776306,中性盘,603367,2025-10-17 22:50:31
10:22:36,23.19,0.0,145,336293,卖盘,603367,2025-10-17 22:50:31
10:22:39,23.18,-0.01,89,206313,卖盘,603367,2025-10-17 22:50:31
10:22:42,23.17,-0.01,55,127478,卖盘,603367,2025-10-17 22:50:31
10:22:45,23.16,-0.01,79,183081,卖盘,603367,2025-10-17 22:50:31
10:22:48,23.17,0.01,382,885112,买盘,603367,2025-10-17 22:50:31
10:22:51,23.15,-0.02,22,50911,卖盘,603367,2025-10-17 22:50:31
10:22:54,23.15,0.0,19,43981,卖盘,603367,2025-10-17 22:50:31
10:22:57,23.15,0.0,18,41625,卖盘,603367,2025-10-17 22:50:31
10:23:00,23.12,-0.03,58,134138,买盘,603367,2025-10-17 22:50:31
10:23:03,23.12,0.0,40,92487,卖盘,603367,2025-10-17 22:50:31
10:23:06,23.12,0.0,68,157218,卖盘,603367,2025-10-17 22:50:31
10:23:09,23.11,-0.01,273,631161,卖盘,603367,2025-10-17 22:50:31
10:23:12,23.11,0.0,92,212582,卖盘,603367,2025-10-17 22:50:31
10:23:15,23.1,-0.01,93,214727,买盘,603367,2025-10-17 22:50:31
10:23:18,23.09,-0.01,62,143166,买盘,603367,2025-10-17 22:50:31
10:23:21,23.1,0.01,150,346493,买盘,603367,2025-10-17 22:50:31
10:23:24,23.1,0.0,253,584645,卖盘,603367,2025-10-17 22:50:31
10:23:27,23.09,-0.01,149,344343,卖盘,603367,2025-10-17 22:50:31
10:23:30,23.11,0.02,89,205655,买盘,603367,2025-10-17 22:50:31
10:23:33,23.11,0.0,294,679174,买盘,603367,2025-10-17 22:50:31
10:23:36,23.11,0.0,258,596070,买盘,603367,2025-10-17 22:50:31
10:23:39,23.11,0.0,168,388371,买盘,603367,2025-10-17 22:50:31
10:23:42,23.11,0.0,132,305061,卖盘,603367,2025-10-17 22:50:31
10:23:45,23.11,0.0,174,402114,卖盘,603367,2025-10-17 22:50:31
10:23:48,23.11,0.0,193,446055,买盘,603367,2025-10-17 22:50:31
10:23:51,23.11,0.0,117,270380,买盘,603367,2025-10-17 22:50:31
10:23:54,23.11,0.0,74,171002,卖盘,603367,2025-10-17 22:50:31
10:23:57,23.11,0.0,87,201020,买盘,603367,2025-10-17 22:50:31
10:24:00,23.11,0.0,30,69330,卖盘,603367,2025-10-17 22:50:31
10:24:03,23.11,0.0,103,237979,卖盘,603367,2025-10-17 22:50:31
10:24:06,23.11,0.0,176,406675,买盘,603367,2025-10-17 22:50:31
10:24:09,23.12,0.01,78,180266,买盘,603367,2025-10-17 22:50:31
10:24:12,23.18,0.06,841,1946636,买盘,603367,2025-10-17 22:50:31
10:24:15,23.21,0.03,1616,3748633,买盘,603367,2025-10-17 22:50:31
10:24:18,23.24,0.03,288,668942,买盘,603367,2025-10-17 22:50:31
10:24:21,23.24,0.0,144,334605,买盘,603367,2025-10-17 22:50:31
10:24:24,23.25,0.01,106,246427,买盘,603367,2025-10-17 22:50:31
10:24:27,23.24,-0.01,410,953145,卖盘,603367,2025-10-17 22:50:31
10:24:30,23.25,0.01,524,1217959,买盘,603367,2025-10-17 22:50:31
10:24:33,23.25,0.0,264,613788,买盘,603367,2025-10-17 22:50:31
10:24:36,23.25,0.0,657,1527612,卖盘,603367,2025-10-17 22:50:31
10:24:39,23.26,0.01,815,1895457,买盘,603367,2025-10-17 22:50:31
10:24:42,23.26,0.0,1096,2548474,买盘,603367,2025-10-17 22:50:31
10:24:45,23.25,-0.01,227,527775,买盘,603367,2025-10-17 22:50:31
10:24:48,23.25,0.0,299,695142,买盘,603367,2025-10-17 22:50:31
10:24:51,23.21,-0.04,189,439442,卖盘,603367,2025-10-17 22:50:31
10:24:54,23.25,0.04,140,325255,买盘,603367,2025-10-17 22:50:31
10:24:57,23.25,0.0,212,492882,买盘,603367,2025-10-17 22:50:31
10:25:00,23.25,0.0,59,137031,买盘,603367,2025-10-17 22:50:31
10:25:03,23.21,-0.04,68,158006,卖盘,603367,2025-10-17 22:50:31
10:25:06,23.25,0.04,194,450894,买盘,603367,2025-10-17 22:50:31
10:25:09,23.21,-0.04,16,37163,卖盘,603367,2025-10-17 22:50:31
10:25:12,23.21,0.0,424,984240,卖盘,603367,2025-10-17 22:50:31
10:25:15,23.21,0.0,172,399259,卖盘,603367,2025-10-17 22:50:31
10:25:18,23.2,-0.01,56,129986,卖盘,603367,2025-10-17 22:50:31
10:25:21,23.2,0.0,168,389749,卖盘,603367,2025-10-17 22:50:31
10:25:24,23.18,-0.02,24,55640,卖盘,603367,2025-10-17 22:50:31
10:25:27,23.16,-0.02,46,106588,卖盘,603367,2025-10-17 22:50:31
10:25:30,23.13,-0.03,114,264015,卖盘,603367,2025-10-17 22:50:31
10:25:33,23.12,-0.01,29,67061,卖盘,603367,2025-10-17 22:50:31
10:25:36,23.13,0.01,35,80952,买盘,603367,2025-10-17 22:50:31
10:25:39,23.12,-0.01,104,240370,买盘,603367,2025-10-17 22:50:31
10:25:42,23.12,0.0,278,644122,买盘,603367,2025-10-17 22:50:31
10:25:45,23.13,0.01,125,289017,买盘,603367,2025-10-17 22:50:31
10:25:48,23.12,-0.01,40,92481,卖盘,603367,2025-10-17 22:50:31
10:25:51,23.12,0.0,73,169104,卖盘,603367,2025-10-17 22:50:31
10:25:54,23.12,0.0,26,60110,卖盘,603367,2025-10-17 22:50:31
10:25:57,23.12,0.0,118,272798,买盘,603367,2025-10-17 22:50:31
10:26:00,23.11,-0.01,47,108701,卖盘,603367,2025-10-17 22:50:31
10:26:03,23.13,0.02,40,92489,买盘,603367,2025-10-17 22:50:31
10:26:06,23.13,0.0,59,136451,买盘,603367,2025-10-17 22:50:31
10:26:09,23.12,-0.01,73,168790,卖盘,603367,2025-10-17 22:50:31
10:26:12,23.13,0.01,59,136442,买盘,603367,2025-10-17 22:50:31
10:26:15,23.16,0.03,163,377122,买盘,603367,2025-10-17 22:50:31
10:26:18,23.14,-0.02,246,569115,卖盘,603367,2025-10-17 22:50:31
10:26:21,23.15,0.01,117,271045,中性盘,603367,2025-10-17 22:50:31
10:26:24,23.14,-0.01,36,83436,卖盘,603367,2025-10-17 22:50:31
10:26:27,23.16,0.02,236,546212,卖盘,603367,2025-10-17 22:50:31
10:26:30,23.15,-0.01,16,37052,中性盘,603367,2025-10-17 22:50:31
10:26:33,23.14,-0.01,29,67127,卖盘,603367,2025-10-17 22:50:31
10:26:36,23.16,0.02,81,187537,买盘,603367,2025-10-17 22:50:31
10:26:39,23.15,-0.01,16,37027,中性盘,603367,2025-10-17 22:50:31
10:26:42,23.14,-0.01,283,654961,卖盘,603367,2025-10-17 22:50:31
10:26:45,23.16,0.02,96,222270,买盘,603367,2025-10-17 22:50:31
10:26:48,23.16,0.0,112,259372,卖盘,603367,2025-10-17 22:50:31
10:26:51,23.17,0.01,51,118144,买盘,603367,2025-10-17 22:50:31
10:26:54,23.17,0.0,122,282567,买盘,603367,2025-10-17 22:50:31
10:26:57,23.17,0.0,76,176066,买盘,603367,2025-10-17 22:50:31
10:27:00,23.16,-0.01,38,87984,买盘,603367,2025-10-17 22:50:31
10:27:03,23.17,0.01,296,685420,买盘,603367,2025-10-17 22:50:31
10:27:06,23.17,0.0,453,1049586,买盘,603367,2025-10-17 22:50:31
10:27:09,23.18,0.01,91,210771,中性盘,603367,2025-10-17 22:50:31
10:27:12,23.18,0.0,99,229416,买盘,603367,2025-10-17 22:50:31
10:27:15,23.17,-0.01,80,185421,中性盘,603367,2025-10-17 22:50:31
10:27:18,23.19,0.02,60,138998,买盘,603367,2025-10-17 22:50:31
10:27:21,23.17,-0.02,88,203957,卖盘,603367,2025-10-17 22:50:31
10:27:24,23.19,0.02,238,551420,买盘,603367,2025-10-17 22:50:31
10:27:27,23.19,0.0,102,236529,买盘,603367,2025-10-17 22:50:31
10:27:30,23.19,0.0,268,621724,买盘,603367,2025-10-17 22:50:31
10:27:33,23.25,0.06,1637,3795205,买盘,603367,2025-10-17 22:50:31
10:27:36,23.19,-0.06,272,632051,中性盘,603367,2025-10-17 22:50:31
10:27:39,23.19,0.0,257,596706,卖盘,603367,2025-10-17 22:50:31
10:27:42,23.19,0.0,174,403487,买盘,603367,2025-10-17 22:50:31
10:27:45,23.19,0.0,62,143778,买盘,603367,2025-10-17 22:50:31
10:27:48,23.19,0.0,116,269000,买盘,603367,2025-10-17 22:50:31
10:27:51,23.19,0.0,95,220303,买盘,603367,2025-10-17 22:50:31
10:27:54,23.19,0.0,134,310742,买盘,603367,2025-10-17 22:50:31
10:27:57,23.21,0.02,1296,3005697,买盘,603367,2025-10-17 22:50:31
10:28:00,23.21,0.0,42,97531,卖盘,603367,2025-10-17 22:50:31
10:28:03,23.19,-0.02,75,174027,卖盘,603367,2025-10-17 22:50:31
10:28:06,23.21,0.02,53,123013,买盘,603367,2025-10-17 22:50:31
10:28:09,23.19,-0.02,408,946928,卖盘,603367,2025-10-17 22:50:31
10:28:12,23.21,0.02,25,58022,买盘,603367,2025-10-17 22:50:31
10:28:15,23.21,0.0,103,239005,卖盘,603367,2025-10-17 22:50:31
10:28:18,23.21,0.0,68,157789,买盘,603367,2025-10-17 22:50:31
10:28:21,23.24,0.03,99,229919,买盘,603367,2025-10-17 22:50:31
10:28:24,23.25,0.01,63,146376,买盘,603367,2025-10-17 22:50:31
10:28:27,23.24,-0.01,72,167347,卖盘,603367,2025-10-17 22:50:31
10:28:30,23.25,0.01,157,364972,买盘,603367,2025-10-17 22:50:31
10:28:33,23.25,0.0,160,371930,买盘,603367,2025-10-17 22:50:31
10:28:36,23.25,0.0,169,392884,买盘,603367,2025-10-17 22:50:31
10:28:39,23.27,0.02,21927,51017910,买盘,603367,2025-10-17 22:50:31
10:28:42,23.27,0.0,293,681811,卖盘,603367,2025-10-17 22:50:31
10:28:45,23.27,0.0,177,411879,卖盘,603367,2025-10-17 22:50:31
10:28:48,23.27,0.0,205,477035,卖盘,603367,2025-10-17 22:50:31
10:28:51,23.27,0.0,328,763256,卖盘,603367,2025-10-17 22:50:31
10:28:54,23.27,0.0,655,1524185,卖盘,603367,2025-10-17 22:50:31
10:28:57,23.27,0.0,189,439803,卖盘,603367,2025-10-17 22:50:31
10:29:00,23.27,0.0,105,244335,卖盘,603367,2025-10-17 22:50:31
10:29:03,23.27,0.0,239,556153,卖盘,603367,2025-10-17 22:50:31
10:29:06,23.27,0.0,49,114023,卖盘,603367,2025-10-17 22:50:31
10:29:09,23.27,0.0,55,127985,卖盘,603367,2025-10-17 22:50:31
10:29:12,23.27,0.0,116,269932,卖盘,603367,2025-10-17 22:50:31
10:29:15,23.27,0.0,64,148928,卖盘,603367,2025-10-17 22:50:31
10:29:18,23.27,0.0,88,204776,卖盘,603367,2025-10-17 22:50:31
10:29:21,23.27,0.0,129,300183,卖盘,603367,2025-10-17 22:50:31
10:29:24,23.27,0.0,60,139620,卖盘,603367,2025-10-17 22:50:31
10:29:27,23.27,0.0,28,65156,卖盘,603367,2025-10-17 22:50:31
10:29:30,23.27,0.0,296,688792,卖盘,603367,2025-10-17 22:50:31
10:29:33,23.27,0.0,61,141947,卖盘,603367,2025-10-17 22:50:31
10:29:36,23.27,0.0,132,307164,卖盘,603367,2025-10-17 22:50:31
10:29:39,23.27,0.0,34,79118,卖盘,603367,2025-10-17 22:50:31
10:29:42,23.27,0.0,63,146601,卖盘,603367,2025-10-17 22:50:31
10:29:45,23.27,0.0,175,407225,卖盘,603367,2025-10-17 22:50:31
10:29:48,23.27,0.0,204,474708,卖盘,603367,2025-10-17 22:50:31
10:29:51,23.27,0.0,15,34905,卖盘,603367,2025-10-17 22:50:31
10:29:54,23.27,0.0,57,132639,卖盘,603367,2025-10-17 22:50:31
10:29:57,23.27,0.0,86,200122,卖盘,603367,2025-10-17 22:50:31
10:30:00,23.27,0.0,36,83772,卖盘,603367,2025-10-17 22:50:31
10:30:03,23.27,0.0,62,144274,卖盘,603367,2025-10-17 22:50:31
10:30:06,23.27,0.0,133,309491,卖盘,603367,2025-10-17 22:50:31
10:30:09,23.27,0.0,103,239681,卖盘,603367,2025-10-17 22:50:31
10:30:15,23.27,0.0,2,4654,卖盘,603367,2025-10-17 22:50:31
10:30:18,23.27,0.0,17,39559,卖盘,603367,2025-10-17 22:50:31
10:30:21,23.27,0.0,21,48867,卖盘,603367,2025-10-17 22:50:31
10:30:24,23.27,0.0,90,209430,卖盘,603367,2025-10-17 22:50:31
10:30:27,23.27,0.0,11,25597,卖盘,603367,2025-10-17 22:50:31
10:30:30,23.27,0.0,100,232700,卖盘,603367,2025-10-17 22:50:31
10:30:33,23.27,0.0,510,1186770,卖盘,603367,2025-10-17 22:50:31
10:30:36,23.27,0.0,234,544518,卖盘,603367,2025-10-17 22:50:31
10:30:39,23.27,0.0,105,244335,卖盘,603367,2025-10-17 22:50:31
10:30:42,23.27,0.0,32,74464,卖盘,603367,2025-10-17 22:50:31
10:30:45,23.27,0.0,137,318799,卖盘,603367,2025-10-17 22:50:31
10:30:48,23.27,0.0,109,253643,卖盘,603367,2025-10-17 22:50:31
10:30:51,23.27,0.0,45,104715,卖盘,603367,2025-10-17 22:50:31
10:30:54,23.27,0.0,18,41886,卖盘,603367,2025-10-17 22:50:31
10:30:57,23.27,0.0,28,65156,卖盘,603367,2025-10-17 22:50:31
10:31:00,23.27,0.0,100,232700,卖盘,603367,2025-10-17 22:50:31
10:31:03,23.27,0.0,208,484016,卖盘,603367,2025-10-17 22:50:31
10:31:06,23.27,0.0,43,100061,卖盘,603367,2025-10-17 22:50:31
10:31:09,23.27,0.0,29,67483,卖盘,603367,2025-10-17 22:50:31
10:31:12,23.27,0.0,31,72137,卖盘,603367,2025-10-17 22:50:31
10:31:15,23.27,0.0,2,4654,卖盘,603367,2025-10-17 22:50:31
10:31:18,23.27,0.0,91,211757,卖盘,603367,2025-10-17 22:50:31
10:31:21,23.27,0.0,1,2327,卖盘,603367,2025-10-17 22:50:31
10:31:24,23.27,0.0,2,4654,卖盘,603367,2025-10-17 22:50:31
10:31:27,23.27,0.0,21,48867,卖盘,603367,2025-10-17 22:50:31
10:31:33,23.27,0.0,19,44213,卖盘,603367,2025-10-17 22:50:31
10:31:39,23.27,0.0,44,102388,卖盘,603367,2025-10-17 22:50:31
10:31:42,23.27,0.0,7,16289,卖盘,603367,2025-10-17 22:50:31
10:31:45,23.27,0.0,32,74464,卖盘,603367,2025-10-17 22:50:31
10:31:48,23.27,0.0,7,16289,卖盘,603367,2025-10-17 22:50:31
10:31:51,23.27,0.0,1,2327,卖盘,603367,2025-10-17 22:50:31
10:31:57,23.27,0.0,26,60502,卖盘,603367,2025-10-17 22:50:31
10:32:00,23.27,0.0,16,37232,卖盘,603367,2025-10-17 22:50:31
10:32:03,23.27,0.0,30,69810,卖盘,603367,2025-10-17 22:50:31
10:32:06,23.27,0.0,6,13962,卖盘,603367,2025-10-17 22:50:31
10:32:09,23.27,0.0,28,65156,卖盘,603367,2025-10-17 22:50:31
10:32:12,23.27,0.0,20,46540,卖盘,603367,2025-10-17 22:50:31
10:32:15,23.27,0.0,40,93080,卖盘,603367,2025-10-17 22:50:31
10:32:18,23.27,0.0,6,13962,卖盘,603367,2025-10-17 22:50:31
10:32:21,23.27,0.0,23,53521,卖盘,603367,2025-10-17 22:50:31
10:32:27,23.27,0.0,7,16289,卖盘,603367,2025-10-17 22:50:31
10:32:30,23.27,0.0,6,13962,卖盘,603367,2025-10-17 22:50:31
10:32:33,23.27,0.0,9,20943,卖盘,603367,2025-10-17 22:50:31
10:32:36,23.27,0.0,30,69810,卖盘,603367,2025-10-17 22:50:31
10:32:39,23.27,0.0,15,34905,卖盘,603367,2025-10-17 22:50:31
10:32:42,23.27,0.0,5,11635,卖盘,603367,2025-10-17 22:50:31
10:32:45,23.27,0.0,14,32578,卖盘,603367,2025-10-17 22:50:31
10:32:48,23.27,0.0,39,90753,卖盘,603367,2025-10-17 22:50:31
10:32:51,23.27,0.0,57,132639,卖盘,603367,2025-10-17 22:50:31
10:32:54,23.27,0.0,44,102388,卖盘,603367,2025-10-17 22:50:31
10:32:57,23.27,0.0,13,30251,卖盘,603367,2025-10-17 22:50:31
10:33:00,23.27,0.0,80,186160,卖盘,603367,2025-10-17 22:50:31
10:33:03,23.27,0.0,79,183833,卖盘,603367,2025-10-17 22:50:31
10:33:06,23.27,0.0,32,74464,卖盘,603367,2025-10-17 22:50:31
10:33:09,23.27,0.0,15,34905,卖盘,603367,2025-10-17 22:50:31
10:33:12,23.27,0.0,45,104715,卖盘,603367,2025-10-17 22:50:31
10:33:15,23.27,0.0,12,27924,卖盘,603367,2025-10-17 22:50:31
10:33:18,23.27,0.0,16,37232,卖盘,603367,2025-10-17 22:50:31
10:33:21,23.27,0.0,6,13962,卖盘,603367,2025-10-17 22:50:31
10:33:24,23.27,0.0,11,25597,卖盘,603367,2025-10-17 22:50:31
10:33:27,23.27,0.0,16,37232,卖盘,603367,2025-10-17 22:50:31
10:33:30,23.27,0.0,99,230373,卖盘,603367,2025-10-17 22:50:31
10:33:33,23.27,0.0,5,11635,卖盘,603367,2025-10-17 22:50:31
10:33:36,23.27,0.0,145,337415,卖盘,603367,2025-10-17 22:50:31
10:33:39,23.27,0.0,18,41886,卖盘,603367,2025-10-17 22:50:31
10:33:42,23.27,0.0,16,37232,卖盘,603367,2025-10-17 22:50:31
10:33:45,23.27,0.0,109,253643,卖盘,603367,2025-10-17 22:50:31
10:33:48,23.27,0.0,21,48867,卖盘,603367,2025-10-17 22:50:31
10:33:51,23.27,0.0,128,297856,卖盘,603367,2025-10-17 22:50:31
10:33:54,23.27,0.0,199,463073,卖盘,603367,2025-10-17 22:50:31
10:33:57,23.27,0.0,14,32578,卖盘,603367,2025-10-17 22:50:31
10:34:00,23.27,0.0,15,34905,卖盘,603367,2025-10-17 22:50:31
10:34:03,23.27,0.0,6,13962,卖盘,603367,2025-10-17 22:50:31
10:34:06,23.27,0.0,80,186160,卖盘,603367,2025-10-17 22:50:31
10:34:09,23.27,0.0,5,11635,卖盘,603367,2025-10-17 22:50:31
10:34:12,23.27,0.0,10,23270,卖盘,603367,2025-10-17 22:50:31
10:34:15,23.27,0.0,79,183833,卖盘,603367,2025-10-17 22:50:31
10:34:18,23.27,0.0,3,6981,卖盘,603367,2025-10-17 22:50:31
10:34:24,23.27,0.0,3,6981,卖盘,603367,2025-10-17 22:50:31
10:34:30,23.27,0.0,15,34905,卖盘,603367,2025-10-17 22:50:31
10:34:33,23.27,0.0,7,16289,卖盘,603367,2025-10-17 22:50:31
10:34:39,23.27,0.0,11,25597,卖盘,603367,2025-10-17 22:50:31
10:34:45,23.27,0.0,25,58175,卖盘,603367,2025-10-17 22:50:31
10:34:48,23.27,0.0,32,74464,卖盘,603367,2025-10-17 22:50:31
10:34:54,23.27,0.0,1,2327,卖盘,603367,2025-10-17 22:50:31
10:34:57,23.27,0.0,5,11635,卖盘,603367,2025-10-17 22:50:31
10:35:03,23.27,0.0,7,16289,卖盘,603367,2025-10-17 22:50:31
10:35:06,23.27,0.0,56,130312,卖盘,603367,2025-10-17 22:50:31
10:35:09,23.27,0.0,6,13962,卖盘,603367,2025-10-17 22:50:31
10:35:12,23.27,0.0,6,13962,卖盘,603367,2025-10-17 22:50:31
10:35:15,23.27,0.0,4,9308,卖盘,603367,2025-10-17 22:50:31
10:35:18,23.27,0.0,30,69810,卖盘,603367,2025-10-17 22:50:31
10:35:21,23.27,0.0,6,13962,卖盘,603367,2025-10-17 22:50:31
10:35:24,23.27,0.0,57,132639,卖盘,603367,2025-10-17 22:50:31
10:35:30,23.27,0.0,4,9308,卖盘,603367,2025-10-17 22:50:31
10:35:33,23.27,0.0,3,6981,卖盘,603367,2025-10-17 22:50:31
10:35:36,23.27,0.0,179,416533,卖盘,603367,2025-10-17 22:50:31
10:35:39,23.27,0.0,68,158236,卖盘,603367,2025-10-17 22:50:31
10:35:45,23.27,0.0,13,30251,卖盘,603367,2025-10-17 22:50:31
10:35:48,23.27,0.0,108,251316,卖盘,603367,2025-10-17 22:50:31
10:35:54,23.27,0.0,47,109369,卖盘,603367,2025-10-17 22:50:31
10:35:57,23.27,0.0,3,6981,卖盘,603367,2025-10-17 22:50:31
10:36:00,23.27,0.0,104,242008,卖盘,603367,2025-10-17 22:50:31
10:36:03,23.27,0.0,27,62829,卖盘,603367,2025-10-17 22:50:31
10:36:06,23.27,0.0,5,11635,卖盘,603367,2025-10-17 22:50:31
10:36:09,23.27,0.0,52,121004,卖盘,603367,2025-10-17 22:50:31
10:36:12,23.27,0.0,7,16289,卖盘,603367,2025-10-17 22:50:31
10:36:15,23.27,0.0,125,290875,卖盘,603367,2025-10-17 22:50:31
10:36:18,23.27,0.0,4,9308,卖盘,603367,2025-10-17 22:50:31
10:36:21,23.27,0.0,9,20943,卖盘,603367,2025-10-17 22:50:31
10:36:24,23.27,0.0,5,11635,卖盘,603367,2025-10-17 22:50:31
10:36:27,23.27,0.0,19,44213,卖盘,603367,2025-10-17 22:50:31
10:36:30,23.27,0.0,152,353704,卖盘,603367,2025-10-17 22:50:31
10:36:36,23.27,0.0,9,20943,卖盘,603367,2025-10-17 22:50:31
10:36:42,23.27,0.0,2,4654,卖盘,603367,2025-10-17 22:50:31
10:36:48,23.27,0.0,6,13962,卖盘,603367,2025-10-17 22:50:31
10:36:51,23.27,0.0,2,4654,卖盘,603367,2025-10-17 22:50:31
10:36:54,23.27,0.0,5,11635,卖盘,603367,2025-10-17 22:50:31
10:36:57,23.27,0.0,4,9308,卖盘,603367,2025-10-17 22:50:31
10:37:00,23.27,0.0,6,13962,卖盘,603367,2025-10-17 22:50:31
10:37:06,23.27,0.0,3,6981,卖盘,603367,2025-10-17 22:50:31
10:37:09,23.27,0.0,11,25597,卖盘,603367,2025-10-17 22:50:31
10:37:12,23.27,0.0,4,9308,卖盘,603367,2025-10-17 22:50:31
10:37:21,23.27,0.0,1,2327,卖盘,603367,2025-10-17 22:50:31
10:37:24,23.27,0.0,2,4654,卖盘,603367,2025-10-17 22:50:31
10:37:27,23.27,0.0,7,16289,卖盘,603367,2025-10-17 22:50:31
10:37:30,23.27,0.0,38,88426,卖盘,603367,2025-10-17 22:50:31
10:37:36,23.27,0.0,67,155909,卖盘,603367,2025-10-17 22:50:31
10:37:42,23.27,0.0,20,46540,卖盘,603367,2025-10-17 22:50:31
10:37:45,23.27,0.0,105,244335,卖盘,603367,2025-10-17 22:50:31
10:37:48,23.27,0.0,37,86099,卖盘,603367,2025-10-17 22:50:31
10:37:54,23.27,0.0,31,72137,卖盘,603367,2025-10-17 22:50:31
10:37:57,23.27,0.0,50,116350,卖盘,603367,2025-10-17 22:50:31
10:38:00,23.27,0.0,10,23270,卖盘,603367,2025-10-17 22:50:31
10:38:03,23.27,0.0,15,34905,卖盘,603367,2025-10-17 22:50:31
10:38:06,23.27,0.0,4,9308,卖盘,603367,2025-10-17 22:50:31
10:38:09,23.27,0.0,6,13962,卖盘,603367,2025-10-17 22:50:31
10:38:12,23.27,0.0,10,23270,卖盘,603367,2025-10-17 22:50:31
10:38:18,23.27,0.0,8,18616,卖盘,603367,2025-10-17 22:50:31
10:38:21,23.27,0.0,7,16289,卖盘,603367,2025-10-17 22:50:31
10:38:24,23.27,0.0,5,11635,卖盘,603367,2025-10-17 22:50:31
10:38:30,23.27,0.0,2,4654,卖盘,603367,2025-10-17 22:50:31
10:38:36,23.27,0.0,14,32578,卖盘,603367,2025-10-17 22:50:31
10:38:39,23.27,0.0,13,30251,卖盘,603367,2025-10-17 22:50:31
10:38:42,23.27,0.0,11,25597,卖盘,603367,2025-10-17 22:50:31
10:38:45,23.27,0.0,24,55848,卖盘,603367,2025-10-17 22:50:31
10:38:48,23.27,0.0,10,23270,卖盘,603367,2025-10-17 22:50:31
10:38:51,23.27,0.0,4,9308,卖盘,603367,2025-10-17 22:50:31
10:38:57,23.27,0.0,50,116350,卖盘,603367,2025-10-17 22:50:31
10:39:00,23.27,0.0,16,37232,卖盘,603367,2025-10-17 22:50:31
10:39:03,23.27,0.0,20,46540,卖盘,603367,2025-10-17 22:50:31
10:39:06,23.27,0.0,14,32578,卖盘,603367,2025-10-17 22:50:31
10:39:09,23.27,0.0,77,179179,卖盘,603367,2025-10-17 22:50:31
10:39:15,23.27,0.0,21,48867,卖盘,603367,2025-10-17 22:50:31
10:39:27,23.27,0.0,4,9308,卖盘,603367,2025-10-17 22:50:31
10:39:33,23.27,0.0,3,6981,卖盘,603367,2025-10-17 22:50:31
10:39:36,23.27,0.0,6,13962,卖盘,603367,2025-10-17 22:50:31
10:39:39,23.27,0.0,3,6981,卖盘,603367,2025-10-17 22:50:31
10:39:45,23.27,0.0,7,16289,卖盘,603367,2025-10-17 22:50:31
10:39:57,23.27,0.0,5,11635,卖盘,603367,2025-10-17 22:50:31
10:40:03,23.27,0.0,11,25597,卖盘,603367,2025-10-17 22:50:31
10:40:21,23.27,0.0,24,55848,卖盘,603367,2025-10-17 22:50:31
10:40:27,23.27,0.0,41,95407,卖盘,603367,2025-10-17 22:50:31
10:40:30,23.27,0.0,12,27924,卖盘,603367,2025-10-17 22:50:31
10:40:33,23.27,0.0,13,30251,卖盘,603367,2025-10-17 22:50:31
10:40:36,23.27,0.0,16,37232,卖盘,603367,2025-10-17 22:50:31
10:40:39,23.27,0.0,3,6981,卖盘,603367,2025-10-17 22:50:31
10:40:45,23.27,0.0,110,255970,卖盘,603367,2025-10-17 22:50:31
10:40:51,23.27,0.0,6,13962,卖盘,603367,2025-10-17 22:50:31
10:40:57,23.27,0.0,5,11635,卖盘,603367,2025-10-17 22:50:31
10:41:00,23.27,0.0,22,51194,卖盘,603367,2025-10-17 22:50:31
10:41:03,23.27,0.0,11,25597,卖盘,603367,2025-10-17 22:50:31
10:41:06,23.27,0.0,9,20943,卖盘,603367,2025-10-17 22:50:31
10:41:09,23.27,0.0,27,62829,卖盘,603367,2025-10-17 22:50:31
10:41:15,23.27,0.0,10,23270,卖盘,603367,2025-10-17 22:50:31
10:41:24,23.27,0.0,2,4654,卖盘,603367,2025-10-17 22:50:31
10:41:27,23.27,0.0,3,6981,卖盘,603367,2025-10-17 22:50:31
10:41:30,23.27,0.0,2,4654,卖盘,603367,2025-10-17 22:50:31
10:41:36,23.27,0.0,11,25597,卖盘,603367,2025-10-17 22:50:31
10:41:42,23.27,0.0,9,20943,卖盘,603367,2025-10-17 22:50:31
10:41:45,23.27,0.0,3,6981,卖盘,603367,2025-10-17 22:50:31
10:41:48,23.27,0.0,18,41886,卖盘,603367,2025-10-17 22:50:31
10:41:51,23.27,0.0,4,9308,卖盘,603367,2025-10-17 22:50:31
10:41:57,23.27,0.0,101,235027,卖盘,603367,2025-10-17 22:50:31
10:42:00,23.27,0.0,35,81445,卖盘,603367,2025-10-17 22:50:31
10:42:03,23.27,0.0,503,1170481,卖盘,603367,2025-10-17 22:50:31
10:42:06,23.27,0.0,4,9308,卖盘,603367,2025-10-17 22:50:31
10:42:21,23.27,0.0,57,132639,卖盘,603367,2025-10-17 22:50:31
10:42:24,23.27,0.0,2,4654,卖盘,603367,2025-10-17 22:50:31
10:42:27,23.27,0.0,5,11635,卖盘,603367,2025-10-17 22:50:31
10:42:30,23.27,0.0,45,104715,卖盘,603367,2025-10-17 22:50:31
10:42:33,23.27,0.0,67,155909,卖盘,603367,2025-10-17 22:50:31
10:42:36,23.27,0.0,10,23270,卖盘,603367,2025-10-17 22:50:31
10:42:39,23.27,0.0,21,48867,卖盘,603367,2025-10-17 22:50:31
10:42:42,23.27,0.0,1,2327,卖盘,603367,2025-10-17 22:50:31
10:42:45,23.27,0.0,4,9308,卖盘,603367,2025-10-17 22:50:31
10:42:48,23.27,0.0,2,4654,卖盘,603367,2025-10-17 22:50:31
10:42:51,23.27,0.0,5,11635,卖盘,603367,2025-10-17 22:50:31
10:43:03,23.27,0.0,6,13962,卖盘,603367,2025-10-17 22:50:31
10:43:18,23.27,0.0,6,13962,卖盘,603367,2025-10-17 22:50:31
10:43:21,23.27,0.0,2,4654,卖盘,603367,2025-10-17 22:50:31
10:43:24,23.27,0.0,6,13962,卖盘,603367,2025-10-17 22:50:31
10:43:27,23.27,0.0,3,6981,卖盘,603367,2025-10-17 22:50:31
10:43:33,23.27,0.0,7,16289,卖盘,603367,2025-10-17 22:50:31
10:43:36,23.27,0.0,1,2327,卖盘,603367,2025-10-17 22:50:31
10:43:42,23.27,0.0,2,4654,卖盘,603367,2025-10-17 22:50:31
10:43:45,23.27,0.0,85,197795,卖盘,603367,2025-10-17 22:50:31
10:43:48,23.27,0.0,12,27924,卖盘,603367,2025-10-17 22:50:31
10:44:03,23.27,0.0,103,239681,卖盘,603367,2025-10-17 22:50:31
10:44:09,23.27,0.0,21,48867,卖盘,603367,2025-10-17 22:50:31
10:44:12,23.27,0.0,7,16289,卖盘,603367,2025-10-17 22:50:31
10:44:15,23.27,0.0,5,11635,卖盘,603367,2025-10-17 22:50:31
10:44:21,23.27,0.0,3,6981,卖盘,603367,2025-10-17 22:50:31
10:44:27,23.27,0.0,10,23270,卖盘,603367,2025-10-17 22:50:31
10:44:42,23.27,0.0,42,97734,卖盘,603367,2025-10-17 22:50:31
10:44:45,23.27,0.0,9,20943,卖盘,603367,2025-10-17 22:50:31
10:44:54,23.27,0.0,7,16289,卖盘,603367,2025-10-17 22:50:31
10:45:12,23.27,0.0,3,6981,卖盘,603367,2025-10-17 22:50:31
10:45:15,23.27,0.0,18,41886,卖盘,603367,2025-10-17 22:50:31
10:45:24,23.27,0.0,1,2327,卖盘,603367,2025-10-17 22:50:31
10:45:51,23.27,0.0,1,2327,卖盘,603367,2025-10-17 22:50:31
10:45:54,23.27,0.0,1,2327,卖盘,603367,2025-10-17 22:50:31
10:45:57,23.27,0.0,16,37232,卖盘,603367,2025-10-17 22:50:31
10:46:03,23.27,0.0,4,9308,卖盘,603367,2025-10-17 22:50:31
10:46:06,23.27,0.0,14,32578,卖盘,603367,2025-10-17 22:50:31
10:46:09,23.27,0.0,55,127985,卖盘,603367,2025-10-17 22:50:31
10:46:18,23.27,0.0,120,279240,卖盘,603367,2025-10-17 22:50:31
10:46:21,23.27,0.0,27,62829,卖盘,603367,2025-10-17 22:50:31
10:46:30,23.27,0.0,2,4654,卖盘,603367,2025-10-17 22:50:31
10:46:39,23.27,0.0,5,11635,卖盘,603367,2025-10-17 22:50:31
10:46:42,23.27,0.0,2,4654,卖盘,603367,2025-10-17 22:50:31
10:46:45,23.27,0.0,6,13962,卖盘,603367,2025-10-17 22:50:31
10:46:51,23.27,0.0,43,100061,卖盘,603367,2025-10-17 22:50:31
10:46:54,23.27,0.0,8,18616,卖盘,603367,2025-10-17 22:50:31
10:47:00,23.27,0.0,23,53521,卖盘,603367,2025-10-17 22:50:31
10:47:03,23.27,0.0,1,2327,卖盘,603367,2025-10-17 22:50:31
10:47:09,23.27,0.0,90,209430,卖盘,603367,2025-10-17 22:50:31
10:47:12,23.27,0.0,1,2327,卖盘,603367,2025-10-17 22:50:31
10:47:15,23.27,0.0,40,93080,卖盘,603367,2025-10-17 22:50:31
10:47:18,23.27,0.0,6,13962,卖盘,603367,2025-10-17 22:50:31
10:47:24,23.27,0.0,4,9308,卖盘,603367,2025-10-17 22:50:31
10:47:27,23.27,0.0,16,37232,卖盘,603367,2025-10-17 22:50:31
10:47:30,23.27,0.0,20,46540,卖盘,603367,2025-10-17 22:50:31
10:47:33,23.27,0.0,5,11635,卖盘,603367,2025-10-17 22:50:31
10:47:36,23.27,0.0,15,34905,卖盘,603367,2025-10-17 22:50:31
10:47:39,23.27,0.0,2,4654,卖盘,603367,2025-10-17 22:50:31
10:47:51,23.27,0.0,3,6981,卖盘,603367,2025-10-17 22:50:31
10:47:54,23.27,0.0,15,34905,卖盘,603367,2025-10-17 22:50:31
10:48:12,23.27,0.0,2,4654,卖盘,603367,2025-10-17 22:50:31
10:48:24,23.27,0.0,6,13962,卖盘,603367,2025-10-17 22:50:31
10:48:27,23.27,0.0,25,58175,卖盘,603367,2025-10-17 22:50:31
10:48:33,23.27,0.0,2,4654,卖盘,603367,2025-10-17 22:50:31
10:48:42,23.27,0.0,9,20943,卖盘,603367,2025-10-17 22:50:31
10:48:45,23.27,0.0,6,13962,卖盘,603367,2025-10-17 22:50:31
10:49:03,23.27,0.0,2,4654,卖盘,603367,2025-10-17 22:50:31
10:49:09,23.27,0.0,9,20943,卖盘,603367,2025-10-17 22:50:31
10:49:15,23.27,0.0,9,20943,卖盘,603367,2025-10-17 22:50:31
10:49:21,23.27,0.0,16,37232,卖盘,603367,2025-10-17 22:50:31
10:49:30,23.27,0.0,2,4654,卖盘,603367,2025-10-17 22:50:31
10:49:36,23.27,0.0,49,114023,卖盘,603367,2025-10-17 22:50:31
10:49:54,23.27,0.0,10,23270,卖盘,603367,2025-10-17 22:50:31
10:49:57,23.27,0.0,4,9308,卖盘,603367,2025-10-17 22:50:31
10:50:00,23.27,0.0,11,25597,卖盘,603367,2025-10-17 22:50:31
10:50:09,23.27,0.0,1,2327,卖盘,603367,2025-10-17 22:50:31
10:50:12,23.27,0.0,2,4654,卖盘,603367,2025-10-17 22:50:31
10:50:15,23.27,0.0,29,67483,卖盘,603367,2025-10-17 22:50:31
10:50:24,23.27,0.0,5,11635,卖盘,603367,2025-10-17 22:50:31
10:50:27,23.27,0.0,20,46540,卖盘,603367,2025-10-17 22:50:31
10:50:33,23.27,0.0,27,62829,卖盘,603367,2025-10-17 22:50:31
10:50:36,23.27,0.0,12,27924,卖盘,603367,2025-10-17 22:50:31
10:50:39,23.27,0.0,2,4654,卖盘,603367,2025-10-17 22:50:31
10:50:42,23.27,0.0,51,118677,卖盘,603367,2025-10-17 22:50:31
10:50:45,23.27,0.0,5,11635,卖盘,603367,2025-10-17 22:50:31
10:50:48,23.27,0.0,12,27924,卖盘,603367,2025-10-17 22:50:31
10:50:51,23.27,0.0,3,6981,卖盘,603367,2025-10-17 22:50:31
10:51:18,23.27,0.0,5,11635,卖盘,603367,2025-10-17 22:50:31
10:51:21,23.27,0.0,4,9308,卖盘,603367,2025-10-17 22:50:31
10:51:24,23.27,0.0,5,11635,卖盘,603367,2025-10-17 22:50:31
10:51:27,23.27,0.0,14,32578,卖盘,603367,2025-10-17 22:50:31
10:51:39,23.27,0.0,2,4654,卖盘,603367,2025-10-17 22:50:31
10:51:42,23.27,0.0,45,104715,卖盘,603367,2025-10-17 22:50:31
10:51:48,23.27,0.0,8,18616,卖盘,603367,2025-10-17 22:50:31
10:51:51,23.27,0.0,1,2327,卖盘,603367,2025-10-17 22:50:31
10:51:54,23.27,0.0,1,2327,卖盘,603367,2025-10-17 22:50:31
10:51:57,23.27,0.0,9,20943,卖盘,603367,2025-10-17 22:50:31
10:52:00,23.27,0.0,2,4654,卖盘,603367,2025-10-17 22:50:31
10:52:12,23.27,0.0,16,37232,卖盘,603367,2025-10-17 22:50:31
10:52:15,23.27,0.0,2,4654,卖盘,603367,2025-10-17 22:50:31
10:52:27,23.27,0.0,1,2327,卖盘,603367,2025-10-17 22:50:31
10:52:33,23.27,0.0,2,4654,卖盘,603367,2025-10-17 22:50:31
10:52:42,23.27,0.0,4,9308,卖盘,603367,2025-10-17 22:50:31
10:52:51,23.27,0.0,71,165217,卖盘,603367,2025-10-17 22:50:31
10:52:57,23.27,0.0,1,2327,卖盘,603367,2025-10-17 22:50:31
10:53:00,23.27,0.0,100,232700,卖盘,603367,2025-10-17 22:50:31
10:53:06,23.27,0.0,101,235027,卖盘,603367,2025-10-17 22:50:31
10:53:09,23.27,0.0,21,48867,卖盘,603367,2025-10-17 22:50:31
10:53:15,23.27,0.0,20,46540,卖盘,603367,2025-10-17 22:50:31
10:53:24,23.27,0.0,11,25597,卖盘,603367,2025-10-17 22:50:31
10:53:30,23.27,0.0,8,18616,卖盘,603367,2025-10-17 22:50:31
10:53:36,23.27,0.0,44,102388,卖盘,603367,2025-10-17 22:50:31
10:53:42,23.27,0.0,1,2327,卖盘,603367,2025-10-17 22:50:31
10:53:48,23.27,0.0,30,69810,卖盘,603367,2025-10-17 22:50:31
10:53:51,23.27,0.0,2,4654,卖盘,603367,2025-10-17 22:50:31
10:54:00,23.27,0.0,1,2327,卖盘,603367,2025-10-17 22:50:31
10:54:03,23.27,0.0,2,4654,卖盘,603367,2025-10-17 22:50:31
10:54:15,23.27,0.0,130,302510,卖盘,603367,2025-10-17 22:50:31
10:54:18,23.27,0.0,10,23270,卖盘,603367,2025-10-17 22:50:31
10:54:21,23.27,0.0,30,69810,卖盘,603367,2025-10-17 22:50:31
10:54:24,23.27,0.0,52,121004,卖盘,603367,2025-10-17 22:50:31
10:54:39,23.27,0.0,5,11635,卖盘,603367,2025-10-17 22:50:31
10:54:42,23.27,0.0,8,18616,卖盘,603367,2025-10-17 22:50:31
10:54:48,23.27,0.0,4,9308,卖盘,603367,2025-10-17 22:50:31
10:54:57,23.27,0.0,21,48867,卖盘,603367,2025-10-17 22:50:31
10:55:00,23.27,0.0,21,48867,卖盘,603367,2025-10-17 22:50:31
10:55:03,23.27,0.0,4,9308,卖盘,603367,2025-10-17 22:50:31
10:55:24,23.27,0.0,4,9308,卖盘,603367,2025-10-17 22:50:31
10:55:27,23.27,0.0,1,2327,卖盘,603367,2025-10-17 22:50:31
10:55:33,23.27,0.0,4,9308,卖盘,603367,2025-10-17 22:50:31
10:55:36,23.27,0.0,3,6981,卖盘,603367,2025-10-17 22:50:31
10:55:45,23.27,0.0,196,456092,卖盘,603367,2025-10-17 22:50:31
10:55:48,23.27,0.0,40,93080,卖盘,603367,2025-10-17 22:50:31
10:55:51,23.27,0.0,7,16289,卖盘,603367,2025-10-17 22:50:31
10:56:00,23.27,0.0,1,2327,卖盘,603367,2025-10-17 22:50:31
10:56:06,23.27,0.0,2,4654,卖盘,603367,2025-10-17 22:50:31
10:56:09,23.27,0.0,6,13962,卖盘,603367,2025-10-17 22:50:31
10:56:12,23.27,0.0,31,72137,卖盘,603367,2025-10-17 22:50:31
10:56:21,23.27,0.0,2,4654,卖盘,603367,2025-10-17 22:50:31
10:56:36,23.27,0.0,4,9308,卖盘,603367,2025-10-17 22:50:31
10:56:39,23.27,0.0,12,27924,卖盘,603367,2025-10-17 22:50:31
10:56:42,23.27,0.0,1,2327,卖盘,603367,2025-10-17 22:50:31
10:56:45,23.27,0.0,8,18616,卖盘,603367,2025-10-17 22:50:31
10:56:51,23.27,0.0,30,69810,卖盘,603367,2025-10-17 22:50:31
10:57:09,23.27,0.0,4,9308,卖盘,603367,2025-10-17 22:50:31
10:57:12,23.27,0.0,1,2327,卖盘,603367,2025-10-17 22:50:31
10:57:15,23.27,0.0,5,11635,卖盘,603367,2025-10-17 22:50:31
10:57:18,23.27,0.0,6,13962,卖盘,603367,2025-10-17 22:50:31
10:57:33,23.27,0.0,13,30251,卖盘,603367,2025-10-17 22:50:31
10:57:36,23.27,0.0,10,23270,卖盘,603367,2025-10-17 22:50:31
10:57:39,23.27,0.0,15,34905,卖盘,603367,2025-10-17 22:50:31
10:57:42,23.27,0.0,2,4654,卖盘,603367,2025-10-17 22:50:31
10:57:51,23.27,0.0,2,4654,卖盘,603367,2025-10-17 22:50:31
10:58:06,23.27,0.0,1,2327,卖盘,603367,2025-10-17 22:50:31
10:58:09,23.27,0.0,11,25597,卖盘,603367,2025-10-17 22:50:31
10:58:21,23.27,0.0,1,2327,卖盘,603367,2025-10-17 22:50:31
10:58:24,23.27,0.0,15,34905,卖盘,603367,2025-10-17 22:50:31
10:58:27,23.27,0.0,1,2327,卖盘,603367,2025-10-17 22:50:31
10:58:30,23.27,0.0,1,2327,卖盘,603367,2025-10-17 22:50:31
10:58:33,23.27,0.0,20,46540,卖盘,603367,2025-10-17 22:50:31
10:58:36,23.27,0.0,3,6981,卖盘,603367,2025-10-17 22:50:31
10:58:39,23.27,0.0,10,23270,卖盘,603367,2025-10-17 22:50:31
10:58:42,23.27,0.0,229,532883,卖盘,603367,2025-10-17 22:50:31
10:58:45,23.27,0.0,23,53521,卖盘,603367,2025-10-17 22:50:31
10:58:48,23.27,0.0,36,83772,卖盘,603367,2025-10-17 22:50:31
10:58:51,23.27,0.0,8,18616,卖盘,603367,2025-10-17 22:50:31
10:59:09,23.27,0.0,5,11635,卖盘,603367,2025-10-17 22:50:31
10:59:15,23.27,0.0,5,11635,卖盘,603367,2025-10-17 22:50:31
10:59:18,23.27,0.0,17,39559,卖盘,603367,2025-10-17 22:50:31
10:59:27,23.27,0.0,4,9308,卖盘,603367,2025-10-17 22:50:31
10:59:48,23.27,0.0,4,9308,卖盘,603367,2025-10-17 22:50:31
10:59:51,23.27,0.0,57,132639,卖盘,603367,2025-10-17 22:50:31
10:59:54,23.27,0.0,47,109369,卖盘,603367,2025-10-17 22:50:31
10:59:57,23.27,0.0,4,9308,卖盘,603367,2025-10-17 22:50:31
11:00:00,23.27,0.0,30,69810,卖盘,603367,2025-10-17 22:50:31
11:00:09,23.27,0.0,7,16289,卖盘,603367,2025-10-17 22:50:31
11:00:24,23.27,0.0,10,23270,卖盘,603367,2025-10-17 22:50:31
11:00:30,23.27,0.0,2,4654,卖盘,603367,2025-10-17 22:50:31
11:00:33,23.27,0.0,50,116350,卖盘,603367,2025-10-17 22:50:31
11:00:36,23.27,0.0,15,34905,卖盘,603367,2025-10-17 22:50:31
11:00:39,23.27,0.0,100,232700,卖盘,603367,2025-10-17 22:50:31
11:00:42,23.27,0.0,12,27924,卖盘,603367,2025-10-17 22:50:31
11:00:45,23.27,0.0,100,232700,卖盘,603367,2025-10-17 22:50:31
11:00:51,23.27,0.0,261,607347,卖盘,603367,2025-10-17 22:50:31
11:00:57,23.27,0.0,2,4654,卖盘,603367,2025-10-17 22:50:31
11:01:00,23.27,0.0,255,593385,卖盘,603367,2025-10-17 22:50:31
11:01:27,23.27,0.0,19,44213,卖盘,603367,2025-10-17 22:50:31
11:01:30,23.27,0.0,11,25597,卖盘,603367,2025-10-17 22:50:31
11:01:36,23.27,0.0,4,9308,卖盘,603367,2025-10-17 22:50:31
11:01:42,23.27,0.0,9,20943,卖盘,603367,2025-10-17 22:50:31
11:01:48,23.27,0.0,1,2327,卖盘,603367,2025-10-17 22:50:31
11:01:51,23.27,0.0,16,37232,卖盘,603367,2025-10-17 22:50:31
11:02:03,23.27,0.0,3,6981,卖盘,603367,2025-10-17 22:50:31
11:02:06,23.27,0.0,102,237354,卖盘,603367,2025-10-17 22:50:31
11:02:12,23.27,0.0,64,148928,卖盘,603367,2025-10-17 22:50:31
11:02:18,23.27,0.0,6,13962,卖盘,603367,2025-10-17 22:50:31
11:02:21,23.27,0.0,2,4654,卖盘,603367,2025-10-17 22:50:31
11:02:27,23.27,0.0,264,614328,卖盘,603367,2025-10-17 22:50:31
11:02:30,23.27,0.0,5,11635,卖盘,603367,2025-10-17 22:50:31
11:02:33,23.27,0.0,9,20943,卖盘,603367,2025-10-17 22:50:31
11:02:36,23.27,0.0,4,9308,卖盘,603367,2025-10-17 22:50:31
11:02:42,23.27,0.0,3,6981,卖盘,603367,2025-10-17 22:50:31
11:02:45,23.27,0.0,22,51194,卖盘,603367,2025-10-17 22:50:31
11:02:54,23.27,0.0,4,9308,卖盘,603367,2025-10-17 22:50:31
11:02:57,23.27,0.0,12,27924,卖盘,603367,2025-10-17 22:50:31
11:03:03,23.27,0.0,2,4654,卖盘,603367,2025-10-17 22:50:31
11:03:09,23.27,0.0,22,51194,卖盘,603367,2025-10-17 22:50:31
11:03:12,23.27,0.0,2,4654,卖盘,603367,2025-10-17 22:50:31
11:03:15,23.27,0.0,25,58175,卖盘,603367,2025-10-17 22:50:31
11:03:18,23.27,0.0,10,23270,卖盘,603367,2025-10-17 22:50:31
11:03:21,23.27,0.0,8,18616,卖盘,603367,2025-10-17 22:50:31
11:03:27,23.27,0.0,5,11635,卖盘,603367,2025-10-17 22:50:31
11:03:33,23.27,0.0,2,4654,卖盘,603367,2025-10-17 22:50:31
11:03:36,23.27,0.0,2,4654,卖盘,603367,2025-10-17 22:50:31
11:03:42,23.27,0.0,20,46540,卖盘,603367,2025-10-17 22:50:31
11:03:45,23.27,0.0,30,69810,卖盘,603367,2025-10-17 22:50:31
11:03:48,23.27,0.0,3,6981,卖盘,603367,2025-10-17 22:50:31
11:03:54,23.27,0.0,5,11635,卖盘,603367,2025-10-17 22:50:31
11:04:00,23.27,0.0,4,9308,卖盘,603367,2025-10-17 22:50:31
11:04:09,23.27,0.0,11,25597,卖盘,603367,2025-10-17 22:50:31
11:04:12,23.27,0.0,2,4654,卖盘,603367,2025-10-17 22:50:31
11:04:15,23.27,0.0,5,11635,卖盘,603367,2025-10-17 22:50:31
11:04:18,23.27,0.0,8,18616,卖盘,603367,2025-10-17 22:50:31
11:04:24,23.27,0.0,24,55848,卖盘,603367,2025-10-17 22:50:31
11:04:33,23.27,0.0,7,16289,卖盘,603367,2025-10-17 22:50:31
11:04:39,23.27,0.0,1,2327,卖盘,603367,2025-10-17 22:50:31
11:04:54,23.27,0.0,2,4654,卖盘,603367,2025-10-17 22:50:31
11:04:57,23.27,0.0,1,2327,卖盘,603367,2025-10-17 22:50:31
11:05:03,23.27,0.0,42,97734,卖盘,603367,2025-10-17 22:50:31
11:05:06,23.27,0.0,1,2327,卖盘,603367,2025-10-17 22:50:31
11:05:09,23.27,0.0,3,6981,卖盘,603367,2025-10-17 22:50:31
11:05:12,23.27,0.0,11,25597,卖盘,603367,2025-10-17 22:50:31
11:05:15,23.27,0.0,108,251316,卖盘,603367,2025-10-17 22:50:31
11:05:18,23.27,0.0,61,141947,卖盘,603367,2025-10-17 22:50:31
11:05:21,23.27,0.0,19,44213,卖盘,603367,2025-10-17 22:50:31
11:05:24,23.27,0.0,1,2327,卖盘,603367,2025-10-17 22:50:31
11:05:27,23.27,0.0,2,4654,卖盘,603367,2025-10-17 22:50:31
11:05:30,23.27,0.0,15,34905,卖盘,603367,2025-10-17 22:50:31
11:05:33,23.27,0.0,4,9308,卖盘,603367,2025-10-17 22:50:31
11:05:36,23.27,0.0,22,51194,卖盘,603367,2025-10-17 22:50:31
11:05:39,23.27,0.0,4,9308,卖盘,603367,2025-10-17 22:50:31
11:05:42,23.27,0.0,6,13962,卖盘,603367,2025-10-17 22:50:31
11:05:45,23.27,0.0,5,11635,卖盘,603367,2025-10-17 22:50:31
11:05:48,23.27,0.0,12,27924,卖盘,603367,2025-10-17 22:50:31
11:05:51,23.27,0.0,3,6981,卖盘,603367,2025-10-17 22:50:31
11:05:57,23.27,0.0,5,11635,卖盘,603367,2025-10-17 22:50:31
11:06:03,23.27,0.0,26,60502,卖盘,603367,2025-10-17 22:50:31
11:06:09,23.27,0.0,5,11635,卖盘,603367,2025-10-17 22:50:31
11:06:12,23.27,0.0,13,30251,卖盘,603367,2025-10-17 22:50:31
11:06:18,23.27,0.0,5,11635,卖盘,603367,2025-10-17 22:50:31
11:06:24,23.27,0.0,70,162890,卖盘,603367,2025-10-17 22:50:31
11:06:27,23.27,0.0,21,48867,卖盘,603367,2025-10-17 22:50:31
11:06:30,23.27,0.0,12,27924,卖盘,603367,2025-10-17 22:50:31
11:06:36,23.27,0.0,151,351377,卖盘,603367,2025-10-17 22:50:31
11:06:39,23.27,0.0,1,2327,卖盘,603367,2025-10-17 22:50:31
11:06:42,23.27,0.0,16,37232,卖盘,603367,2025-10-17 22:50:31
11:06:45,23.27,0.0,20,46540,卖盘,603367,2025-10-17 22:50:31
11:06:48,23.27,0.0,3,6981,卖盘,603367,2025-10-17 22:50:31
11:07:00,23.27,0.0,90,209430,卖盘,603367,2025-10-17 22:50:31
11:07:06,23.27,0.0,2,4654,卖盘,603367,2025-10-17 22:50:31
11:07:09,23.27,0.0,1,2327,卖盘,603367,2025-10-17 22:50:31
11:07:15,23.27,0.0,10,23270,卖盘,603367,2025-10-17 22:50:31
11:07:18,23.27,0.0,7,16289,卖盘,603367,2025-10-17 22:50:31
11:07:21,23.27,0.0,23,53521,卖盘,603367,2025-10-17 22:50:31
11:07:27,23.27,0.0,9,20943,卖盘,603367,2025-10-17 22:50:31
11:07:30,23.27,0.0,20,46540,卖盘,603367,2025-10-17 22:50:31
11:07:39,23.27,0.0,8,18616,卖盘,603367,2025-10-17 22:50:31
11:07:45,23.27,0.0,50,116350,卖盘,603367,2025-10-17 22:50:31
11:07:48,23.27,0.0,5,11635,卖盘,603367,2025-10-17 22:50:31
11:07:51,23.27,0.0,28,65156,卖盘,603367,2025-10-17 22:50:31
11:07:57,23.27,0.0,53,123331,卖盘,603367,2025-10-17 22:50:31
11:08:00,23.27,0.0,1,2327,卖盘,603367,2025-10-17 22:50:31
