时间,成交价,价格变动,成交量,成交额,买卖盘性质,股票代码,采集时间
09:25:04,8.48,0.0,162,137376,卖盘,603313,2025-10-17 22:54:48
09:30:04,8.5,0.02,30,25467,买盘,603313,2025-10-17 22:54:48
09:30:07,8.48,-0.02,9,7632,卖盘,603313,2025-10-17 22:54:48
09:30:10,8.47,-0.01,14,11869,卖盘,603313,2025-10-17 22:54:48
09:30:13,8.47,0.0,11,9317,买盘,603313,2025-10-17 22:54:48
09:30:16,8.49,0.02,82,69523,买盘,603313,2025-10-17 22:54:48
09:30:19,8.48,-0.01,3,2545,卖盘,603313,2025-10-17 22:54:48
09:30:22,8.47,-0.01,57,48307,卖盘,603313,2025-10-17 22:54:48
09:30:25,8.47,0.0,68,57662,卖盘,603313,2025-10-17 22:54:48
09:30:28,8.48,0.01,63,53408,买盘,603313,2025-10-17 22:54:48
09:30:31,8.48,0.0,75,63601,买盘,603313,2025-10-17 22:54:48
09:30:34,8.49,0.01,58,49209,买盘,603313,2025-10-17 22:54:48
09:30:37,8.49,0.0,20,16979,买盘,603313,2025-10-17 22:54:48
09:30:40,8.49,0.0,234,198664,买盘,603313,2025-10-17 22:54:48
09:30:43,8.49,0.0,174,147827,买盘,603313,2025-10-17 22:54:48
09:30:46,8.51,0.02,57,48495,中性盘,603313,2025-10-17 22:54:48
09:30:49,8.52,0.01,68,57898,买盘,603313,2025-10-17 22:54:48
09:30:52,8.54,0.02,66,56297,买盘,603313,2025-10-17 22:54:48
09:30:55,8.52,-0.02,1,852,卖盘,603313,2025-10-17 22:54:48
09:30:58,8.53,0.01,6,5123,中性盘,603313,2025-10-17 22:54:48
09:31:01,8.57,0.04,441,377015,买盘,603313,2025-10-17 22:54:48
09:31:04,8.57,0.0,107,91636,买盘,603313,2025-10-17 22:54:48
09:31:07,8.58,0.01,268,229444,买盘,603313,2025-10-17 22:54:48
09:31:13,8.57,-0.01,5,4285,买盘,603313,2025-10-17 22:54:48
09:31:16,8.56,-0.01,19,16249,中性盘,603313,2025-10-17 22:54:48
09:31:19,8.53,-0.03,136,116169,卖盘,603313,2025-10-17 22:54:48
09:31:22,8.54,0.01,17,14530,中性盘,603313,2025-10-17 22:54:48
09:31:25,8.56,0.02,66,56496,买盘,603313,2025-10-17 22:54:48
09:31:28,8.55,-0.01,11,9405,买盘,603313,2025-10-17 22:54:48
09:31:31,8.56,0.01,72,61633,买盘,603313,2025-10-17 22:54:48
09:31:34,8.57,0.01,189,161978,买盘,603313,2025-10-17 22:54:48
09:31:37,8.58,0.01,44,37752,买盘,603313,2025-10-17 22:54:48
09:31:40,8.57,-0.01,25,21425,卖盘,603313,2025-10-17 22:54:48
09:31:43,8.57,0.0,1,857,卖盘,603313,2025-10-17 22:54:48
09:31:46,8.59,0.02,311,266776,买盘,603313,2025-10-17 22:54:48
09:31:49,8.57,-0.02,15,12867,卖盘,603313,2025-10-17 22:54:48
09:31:52,8.59,0.02,124,106515,买盘,603313,2025-10-17 22:54:48
09:31:55,8.59,0.0,558,479761,卖盘,603313,2025-10-17 22:54:48
09:31:58,8.6,0.01,15,12900,中性盘,603313,2025-10-17 22:54:48
09:32:01,8.6,0.0,2,1720,卖盘,603313,2025-10-17 22:54:48
09:32:04,8.65,0.05,965,832696,买盘,603313,2025-10-17 22:54:48
09:32:07,8.63,-0.02,151,130435,中性盘,603313,2025-10-17 22:54:48
09:32:10,8.63,0.0,46,39698,中性盘,603313,2025-10-17 22:54:48
09:32:13,8.62,-0.01,472,407441,卖盘,603313,2025-10-17 22:54:48
09:32:16,8.62,0.0,77,66405,卖盘,603313,2025-10-17 22:54:48
09:32:19,8.65,0.03,488,421774,买盘,603313,2025-10-17 22:54:48
09:32:22,8.65,0.0,516,446385,买盘,603313,2025-10-17 22:54:48
09:32:25,8.64,-0.01,114,98565,卖盘,603313,2025-10-17 22:54:48
09:32:28,8.64,0.0,28,24192,买盘,603313,2025-10-17 22:54:48
09:32:31,8.65,0.01,3,2595,买盘,603313,2025-10-17 22:54:48
09:32:34,8.64,-0.01,99,85550,卖盘,603313,2025-10-17 22:54:48
09:32:37,8.64,0.0,29,25084,卖盘,603313,2025-10-17 22:54:48
09:32:40,8.63,-0.01,77,66535,卖盘,603313,2025-10-17 22:54:48
09:32:43,8.63,0.0,95,82126,卖盘,603313,2025-10-17 22:54:48
09:32:46,8.64,0.01,72,62208,买盘,603313,2025-10-17 22:54:48
09:32:49,8.64,0.0,165,142530,买盘,603313,2025-10-17 22:54:48
09:32:52,8.64,0.0,35,30210,买盘,603313,2025-10-17 22:54:48
09:32:55,8.66,0.02,1739,1506173,买盘,603313,2025-10-17 22:54:48
09:32:58,8.66,0.0,750,652081,卖盘,603313,2025-10-17 22:54:48
09:33:01,8.72,0.06,545,474872,买盘,603313,2025-10-17 22:54:48
09:33:04,8.71,-0.01,581,506831,卖盘,603313,2025-10-17 22:54:48
09:33:07,8.72,0.01,201,175330,买盘,603313,2025-10-17 22:54:48
09:33:10,8.72,0.0,20,17426,买盘,603313,2025-10-17 22:54:48
09:33:13,8.7,-0.02,140,121826,卖盘,603313,2025-10-17 22:54:48
09:33:16,8.69,-0.01,532,463171,卖盘,603313,2025-10-17 22:54:48
09:33:19,8.68,-0.01,131,113810,卖盘,603313,2025-10-17 22:54:48
09:33:22,8.68,0.0,80,69508,卖盘,603313,2025-10-17 22:54:48
09:33:28,8.68,0.0,81,70371,卖盘,603313,2025-10-17 22:54:48
09:33:34,8.68,0.0,10,8680,卖盘,603313,2025-10-17 22:54:48
09:33:37,8.67,-0.01,37,32084,卖盘,603313,2025-10-17 22:54:48
09:33:40,8.67,0.0,52,45080,卖盘,603313,2025-10-17 22:54:48
09:33:43,8.67,0.0,148,128203,买盘,603313,2025-10-17 22:54:48
09:33:46,8.66,-0.01,2,1732,卖盘,603313,2025-10-17 22:54:48
09:33:49,8.67,0.01,272,235848,买盘,603313,2025-10-17 22:54:48
09:33:52,8.7,0.03,591,513292,买盘,603313,2025-10-17 22:54:48
09:33:55,8.7,0.0,171,148891,买盘,603313,2025-10-17 22:54:48
09:33:58,8.71,0.01,128,111384,买盘,603313,2025-10-17 22:54:48
09:34:01,8.72,0.01,252,219651,买盘,603313,2025-10-17 22:54:48
09:34:04,8.72,0.0,294,256151,买盘,603313,2025-10-17 22:54:48
09:34:07,8.7,-0.02,186,162184,卖盘,603313,2025-10-17 22:54:48
09:34:10,8.72,0.02,3,2616,中性盘,603313,2025-10-17 22:54:48
09:34:13,8.71,-0.01,56,48826,卖盘,603313,2025-10-17 22:54:48
09:34:16,8.71,0.0,63,54943,卖盘,603313,2025-10-17 22:54:48
09:34:19,8.71,0.0,65,56627,买盘,603313,2025-10-17 22:54:48
09:34:22,8.7,-0.01,22,19145,卖盘,603313,2025-10-17 22:54:48
09:34:25,8.71,0.01,80,69662,买盘,603313,2025-10-17 22:54:48
09:34:28,8.69,-0.02,126,109745,卖盘,603313,2025-10-17 22:54:48
09:34:31,8.72,0.03,745,649095,买盘,603313,2025-10-17 22:54:48
09:34:34,8.76,0.04,1707,1493381,买盘,603313,2025-10-17 22:54:48
09:34:37,8.78,0.02,417,365457,买盘,603313,2025-10-17 22:54:48
09:34:40,8.77,-0.01,138,121042,卖盘,603313,2025-10-17 22:54:48
09:34:43,8.76,-0.01,76,66607,卖盘,603313,2025-10-17 22:54:48
09:34:46,8.78,0.02,123,107859,买盘,603313,2025-10-17 22:54:48
09:34:49,8.75,-0.03,119,104210,卖盘,603313,2025-10-17 22:54:48
09:34:52,8.74,-0.01,80,70024,卖盘,603313,2025-10-17 22:54:48
09:34:55,8.76,0.02,53,46428,买盘,603313,2025-10-17 22:54:48
09:34:58,8.74,-0.02,34,29720,卖盘,603313,2025-10-17 22:54:48
09:35:01,8.74,0.0,130,113672,卖盘,603313,2025-10-17 22:54:48
09:35:04,8.74,0.0,8,6992,买盘,603313,2025-10-17 22:54:48
09:35:07,8.76,0.02,129,112867,买盘,603313,2025-10-17 22:54:48
09:35:10,8.75,-0.01,193,168787,卖盘,603313,2025-10-17 22:54:48
09:35:13,8.74,-0.01,183,159996,卖盘,603313,2025-10-17 22:54:48
09:35:16,8.75,0.01,20,17476,买盘,603313,2025-10-17 22:54:48
09:35:19,8.73,-0.02,13,11352,卖盘,603313,2025-10-17 22:54:48
09:35:22,8.74,0.01,90,78590,买盘,603313,2025-10-17 22:54:48
09:35:25,8.73,-0.01,14,12222,卖盘,603313,2025-10-17 22:54:48
09:35:28,8.72,-0.01,56,48847,卖盘,603313,2025-10-17 22:54:48
09:35:31,8.73,0.01,125,109015,买盘,603313,2025-10-17 22:54:48
09:35:34,8.7,-0.03,63,54813,卖盘,603313,2025-10-17 22:54:48
09:35:37,8.75,0.05,653,570679,买盘,603313,2025-10-17 22:54:48
09:35:40,8.76,0.01,624,546497,买盘,603313,2025-10-17 22:54:48
09:35:43,8.74,-0.02,818,716188,卖盘,603313,2025-10-17 22:54:48
09:35:46,8.75,0.01,132,115629,卖盘,603313,2025-10-17 22:54:48
09:35:49,8.78,0.03,191,167353,买盘,603313,2025-10-17 22:54:48
09:35:52,8.74,-0.04,73,63802,卖盘,603313,2025-10-17 22:54:48
09:35:55,8.74,0.0,35,30559,中性盘,603313,2025-10-17 22:54:48
09:35:58,8.74,0.0,111,96949,中性盘,603313,2025-10-17 22:54:48
09:36:01,8.75,0.01,97,84874,买盘,603313,2025-10-17 22:54:48
09:36:04,8.75,0.0,56,48994,卖盘,603313,2025-10-17 22:54:48
09:36:07,8.74,-0.01,74,64715,卖盘,603313,2025-10-17 22:54:48
09:36:10,8.75,0.01,6,5250,中性盘,603313,2025-10-17 22:54:48
09:36:13,8.75,0.0,152,132965,卖盘,603313,2025-10-17 22:54:48
09:36:16,8.73,-0.02,1320,1153960,卖盘,603313,2025-10-17 22:54:48
09:36:19,8.72,-0.01,34,29648,卖盘,603313,2025-10-17 22:54:48
09:36:22,8.73,0.01,90,78566,买盘,603313,2025-10-17 22:54:48
09:36:25,8.71,-0.02,40,34840,卖盘,603313,2025-10-17 22:54:48
09:36:28,8.7,-0.01,458,398652,卖盘,603313,2025-10-17 22:54:48
09:36:31,8.7,0.0,370,321900,卖盘,603313,2025-10-17 22:54:48
09:36:34,8.7,0.0,208,181078,卖盘,603313,2025-10-17 22:54:48
09:36:37,8.75,0.05,677,590904,买盘,603313,2025-10-17 22:54:48
09:36:40,8.76,0.01,161,140697,买盘,603313,2025-10-17 22:54:48
09:36:43,8.74,-0.02,38,33208,买盘,603313,2025-10-17 22:54:48
09:36:46,8.74,0.0,2,1748,买盘,603313,2025-10-17 22:54:48
09:36:49,8.72,-0.02,221,192715,卖盘,603313,2025-10-17 22:54:48
09:36:52,8.73,0.01,780,682350,中性盘,603313,2025-10-17 22:54:48
09:36:55,8.74,0.01,20,17480,中性盘,603313,2025-10-17 22:54:48
09:36:58,8.73,-0.01,179,156766,卖盘,603313,2025-10-17 22:54:48
09:37:01,8.76,0.03,233,203880,买盘,603313,2025-10-17 22:54:48
09:37:04,8.76,0.0,305,266865,买盘,603313,2025-10-17 22:54:48
09:37:07,8.77,0.01,24,21036,买盘,603313,2025-10-17 22:54:48
09:37:10,8.76,-0.01,114,100227,卖盘,603313,2025-10-17 22:54:48
09:37:13,8.76,0.0,1,876,买盘,603313,2025-10-17 22:54:48
09:37:16,8.75,-0.01,5,4375,卖盘,603313,2025-10-17 22:54:48
09:37:19,8.75,0.0,40,35004,卖盘,603313,2025-10-17 22:54:48
09:37:22,8.76,0.01,435,381395,买盘,603313,2025-10-17 22:54:48
09:37:25,8.77,0.01,128,112115,买盘,603313,2025-10-17 22:54:48
09:37:28,8.76,-0.01,107,93632,卖盘,603313,2025-10-17 22:54:48
09:37:31,8.76,0.0,122,106830,买盘,603313,2025-10-17 22:54:48
09:37:34,8.77,0.01,9,7893,买盘,603313,2025-10-17 22:54:48
09:37:37,8.77,0.0,40,35044,买盘,603313,2025-10-17 22:54:48
09:37:40,8.77,0.0,88,77055,买盘,603313,2025-10-17 22:54:48
09:37:43,8.77,0.0,8,7016,买盘,603313,2025-10-17 22:54:48
09:37:46,8.76,-0.01,142,124397,买盘,603313,2025-10-17 22:54:48
09:37:49,8.77,0.01,169,148213,买盘,603313,2025-10-17 22:54:48
09:37:52,8.77,0.0,425,373141,卖盘,603313,2025-10-17 22:54:48
09:37:55,8.8,0.03,998,877794,买盘,603313,2025-10-17 22:54:48
09:37:58,8.8,0.0,228,200790,买盘,603313,2025-10-17 22:54:48
09:38:01,8.82,0.02,350,308592,买盘,603313,2025-10-17 22:54:48
09:38:04,8.85,0.03,688,608013,买盘,603313,2025-10-17 22:54:48
09:38:07,8.88,0.03,417,369223,买盘,603313,2025-10-17 22:54:48
09:38:10,8.85,-0.03,214,189806,卖盘,603313,2025-10-17 22:54:48
09:38:13,8.85,0.0,71,62853,买盘,603313,2025-10-17 22:54:48
09:38:16,8.84,-0.01,207,182823,卖盘,603313,2025-10-17 22:54:48
09:38:19,8.82,-0.02,153,135081,卖盘,603313,2025-10-17 22:54:48
09:38:22,8.82,0.0,127,112069,卖盘,603313,2025-10-17 22:54:48
09:38:25,8.8,-0.02,525,462484,卖盘,603313,2025-10-17 22:54:48
09:38:28,8.79,-0.01,175,153936,中性盘,603313,2025-10-17 22:54:48
09:38:31,8.78,-0.01,227,199687,卖盘,603313,2025-10-17 22:54:48
09:38:34,8.79,0.01,10,8790,卖盘,603313,2025-10-17 22:54:48
09:38:37,8.8,0.01,210,184626,买盘,603313,2025-10-17 22:54:48
09:38:40,8.79,-0.01,101,88869,中性盘,603313,2025-10-17 22:54:48
09:38:43,8.79,0.0,162,142537,卖盘,603313,2025-10-17 22:54:48
09:38:46,8.8,0.01,11,9680,中性盘,603313,2025-10-17 22:54:48
09:38:49,8.79,-0.01,44,38711,卖盘,603313,2025-10-17 22:54:48
09:38:52,8.79,0.0,21,18478,卖盘,603313,2025-10-17 22:54:48
09:38:55,8.8,0.01,3,2640,中性盘,603313,2025-10-17 22:54:48
09:38:58,8.79,-0.01,1,879,卖盘,603313,2025-10-17 22:54:48
09:39:01,8.8,0.01,336,295680,买盘,603313,2025-10-17 22:54:48
09:39:04,8.83,0.03,411,362352,买盘,603313,2025-10-17 22:54:48
09:39:07,8.83,0.0,861,762515,卖盘,603313,2025-10-17 22:54:48
09:39:10,8.87,0.04,165,146209,买盘,603313,2025-10-17 22:54:48
09:39:13,8.87,0.0,96,85092,买盘,603313,2025-10-17 22:54:48
09:39:16,8.87,0.0,1089,966116,买盘,603313,2025-10-17 22:54:48
09:39:19,8.85,-0.02,418,370828,卖盘,603313,2025-10-17 22:54:48
09:39:22,8.85,0.0,71,62835,卖盘,603313,2025-10-17 22:54:48
09:39:25,8.85,0.0,395,349754,买盘,603313,2025-10-17 22:54:48
09:39:28,8.85,0.0,38,33649,卖盘,603313,2025-10-17 22:54:48
09:39:31,8.84,-0.01,50,44223,中性盘,603313,2025-10-17 22:54:48
09:39:34,8.83,-0.01,64,56542,卖盘,603313,2025-10-17 22:54:48
09:39:37,8.82,-0.01,14,12363,卖盘,603313,2025-10-17 22:54:48
09:39:40,8.82,0.0,6,5292,卖盘,603313,2025-10-17 22:54:48
09:39:43,8.82,0.0,80,70427,买盘,603313,2025-10-17 22:54:48
09:39:46,8.82,0.0,43,37909,买盘,603313,2025-10-17 22:54:48
09:39:49,8.82,0.0,45,39690,买盘,603313,2025-10-17 22:54:48
09:39:52,8.82,0.0,48,42336,买盘,603313,2025-10-17 22:54:48
09:39:55,8.8,-0.02,185,162984,卖盘,603313,2025-10-17 22:54:48
09:39:58,8.8,0.0,31,27285,卖盘,603313,2025-10-17 22:54:48
09:40:01,8.8,0.0,30,26400,卖盘,603313,2025-10-17 22:54:48
09:40:04,8.77,-0.03,1468,1290043,卖盘,603313,2025-10-17 22:54:48
09:40:07,8.77,0.0,62,54394,卖盘,603313,2025-10-17 22:54:48
09:40:10,8.77,0.0,132,115766,卖盘,603313,2025-10-17 22:54:48
09:40:13,8.81,0.04,1142,1004990,买盘,603313,2025-10-17 22:54:48
09:40:16,8.83,0.02,453,399540,买盘,603313,2025-10-17 22:54:48
09:40:19,8.82,-0.01,448,395992,卖盘,603313,2025-10-17 22:54:48
09:40:22,8.85,0.03,808,715093,买盘,603313,2025-10-17 22:54:48
09:40:25,8.89,0.04,2253,2002732,买盘,603313,2025-10-17 22:54:48
09:40:28,8.87,-0.02,653,579258,卖盘,603313,2025-10-17 22:54:48
09:40:31,8.86,-0.01,287,254299,卖盘,603313,2025-10-17 22:54:48
09:40:34,8.86,0.0,75,66455,卖盘,603313,2025-10-17 22:54:48
09:40:37,8.85,-0.01,568,503313,卖盘,603313,2025-10-17 22:54:48
09:40:40,8.86,0.01,91,80656,中性盘,603313,2025-10-17 22:54:48
09:40:43,8.9,0.04,640,568983,买盘,603313,2025-10-17 22:54:48
09:40:46,8.91,0.01,229,204000,买盘,603313,2025-10-17 22:54:48
09:40:49,8.9,-0.01,82,73036,卖盘,603313,2025-10-17 22:54:48
09:40:52,8.89,-0.01,244,217076,卖盘,603313,2025-10-17 22:54:48
09:40:55,8.88,-0.01,61,54241,卖盘,603313,2025-10-17 22:54:48
09:40:58,8.88,0.0,27,23978,卖盘,603313,2025-10-17 22:54:48
09:41:01,8.89,0.01,317,281665,买盘,603313,2025-10-17 22:54:48
09:41:04,8.87,-0.02,33,29294,卖盘,603313,2025-10-17 22:54:48
09:41:07,8.88,0.01,965,857715,买盘,603313,2025-10-17 22:54:48
09:41:10,8.86,-0.02,272,241422,卖盘,603313,2025-10-17 22:54:48
09:41:13,8.85,-0.01,41,36336,卖盘,603313,2025-10-17 22:54:48
09:41:16,8.86,0.01,50,44300,买盘,603313,2025-10-17 22:54:48
09:41:19,8.87,0.01,174,154325,买盘,603313,2025-10-17 22:54:48
09:41:22,8.86,-0.01,63,55818,卖盘,603313,2025-10-17 22:54:48
09:41:25,8.86,0.0,104,92213,买盘,603313,2025-10-17 22:54:48
09:41:28,8.86,0.0,62,54932,卖盘,603313,2025-10-17 22:54:48
09:41:31,8.85,-0.01,219,194045,卖盘,603313,2025-10-17 22:54:48
09:41:34,8.86,0.01,41,36318,买盘,603313,2025-10-17 22:54:48
09:41:37,8.85,-0.01,149,132013,卖盘,603313,2025-10-17 22:54:48
09:41:40,8.89,0.04,530,470596,买盘,603313,2025-10-17 22:54:48
09:41:43,8.9,0.01,913,812922,买盘,603313,2025-10-17 22:54:48
09:41:46,8.92,0.02,114,101588,买盘,603313,2025-10-17 22:54:48
09:41:49,8.92,0.0,861,768474,买盘,603313,2025-10-17 22:54:48
09:41:52,8.93,0.01,26,23212,中性盘,603313,2025-10-17 22:54:48
09:41:55,8.95,0.02,212,189751,买盘,603313,2025-10-17 22:54:48
09:41:58,8.95,0.0,179,160118,卖盘,603313,2025-10-17 22:54:48
09:42:01,8.95,0.0,441,394756,卖盘,603313,2025-10-17 22:54:48
09:42:04,8.95,0.0,109,97579,卖盘,603313,2025-10-17 22:54:48
09:42:07,9.01,0.06,4130,3721885,买盘,603313,2025-10-17 22:54:48
09:42:10,9.03,0.02,271,244681,中性盘,603313,2025-10-17 22:54:48
09:42:13,9.05,0.02,1015,918024,买盘,603313,2025-10-17 22:54:48
09:42:16,9.06,0.01,248,224618,买盘,603313,2025-10-17 22:54:48
09:42:19,9.05,-0.01,1485,1346093,卖盘,603313,2025-10-17 22:54:48
09:42:22,9.05,0.0,301,272768,买盘,603313,2025-10-17 22:54:48
09:42:25,9.02,-0.03,256,231629,卖盘,603313,2025-10-17 22:54:48
09:42:28,9.0,-0.02,15,13516,卖盘,603313,2025-10-17 22:54:48
09:42:31,9.0,0.0,110,99053,卖盘,603313,2025-10-17 22:54:48
09:42:34,9.0,0.0,94,84592,买盘,603313,2025-10-17 22:54:48
09:42:37,8.99,-0.01,151,135852,卖盘,603313,2025-10-17 22:54:48
09:42:40,9.01,0.02,584,526601,买盘,603313,2025-10-17 22:54:48
09:42:43,9.02,0.01,56,50499,买盘,603313,2025-10-17 22:54:48
09:42:46,9.02,0.0,81,73062,买盘,603313,2025-10-17 22:54:48
09:42:49,9.02,0.0,251,226453,卖盘,603313,2025-10-17 22:54:48
09:42:52,9.02,0.0,118,106449,卖盘,603313,2025-10-17 22:54:48
09:42:55,9.06,0.04,954,862279,买盘,603313,2025-10-17 22:54:48
09:42:58,9.08,0.02,1407,1275930,买盘,603313,2025-10-17 22:54:48
09:43:01,9.08,0.0,288,261356,卖盘,603313,2025-10-17 22:54:48
09:43:04,9.07,-0.01,386,349790,中性盘,603313,2025-10-17 22:54:48
09:43:07,9.05,-0.02,117,105935,中性盘,603313,2025-10-17 22:54:48
09:43:10,9.03,-0.02,85,76893,卖盘,603313,2025-10-17 22:54:48
09:43:13,9.04,0.01,169,152713,买盘,603313,2025-10-17 22:54:48
09:43:16,9.03,-0.01,128,115537,买盘,603313,2025-10-17 22:54:48
09:43:19,9.03,0.0,239,215683,买盘,603313,2025-10-17 22:54:48
09:43:22,9.03,0.0,846,762471,买盘,603313,2025-10-17 22:54:48
09:43:25,9.04,0.01,1475,1334035,中性盘,603313,2025-10-17 22:54:48
09:43:28,9.03,-0.01,1159,1046381,卖盘,603313,2025-10-17 22:54:48
09:43:31,9.04,0.01,59,53321,买盘,603313,2025-10-17 22:54:48
09:43:34,9.02,-0.02,146,131717,卖盘,603313,2025-10-17 22:54:48
09:43:37,8.99,-0.03,774,696703,卖盘,603313,2025-10-17 22:54:48
09:43:40,8.99,0.0,102,91922,卖盘,603313,2025-10-17 22:54:48
09:43:43,8.99,0.0,35,31493,卖盘,603313,2025-10-17 22:54:48
09:43:46,8.98,-0.01,174,156664,卖盘,603313,2025-10-17 22:54:48
09:43:49,8.98,0.0,122,109562,卖盘,603313,2025-10-17 22:54:48
09:43:52,8.98,0.0,608,545984,卖盘,603313,2025-10-17 22:54:48
09:43:55,8.98,0.0,351,315198,卖盘,603313,2025-10-17 22:54:48
09:43:58,8.99,0.01,309,277513,买盘,603313,2025-10-17 22:54:48
09:44:01,9.02,0.03,692,623682,买盘,603313,2025-10-17 22:54:48
09:44:04,9.06,0.04,1457,1317362,买盘,603313,2025-10-17 22:54:48
09:44:07,9.09,0.03,1092,990165,买盘,603313,2025-10-17 22:54:48
09:44:10,9.06,-0.03,722,654619,中性盘,603313,2025-10-17 22:54:48
09:44:13,9.07,0.01,639,578711,买盘,603313,2025-10-17 22:54:48
09:44:16,9.06,-0.01,344,311288,中性盘,603313,2025-10-17 22:54:48
09:44:19,9.03,-0.03,134,121308,中性盘,603313,2025-10-17 22:54:48
09:44:22,9.05,0.02,78,70543,中性盘,603313,2025-10-17 22:54:48
09:44:25,9.03,-0.02,81,73203,卖盘,603313,2025-10-17 22:54:48
09:44:28,9.02,-0.01,210,189636,卖盘,603313,2025-10-17 22:54:48
09:44:31,9.02,0.0,70,63239,卖盘,603313,2025-10-17 22:54:48
09:44:34,9.03,0.01,15,13533,中性盘,603313,2025-10-17 22:54:48
09:44:37,9.03,0.0,38,34353,卖盘,603313,2025-10-17 22:54:48
09:44:40,9.04,0.01,808,731417,买盘,603313,2025-10-17 22:54:48
09:44:43,9.06,0.02,306,276465,中性盘,603313,2025-10-17 22:54:48
09:44:46,9.05,-0.01,21,19006,中性盘,603313,2025-10-17 22:54:48
09:44:49,9.06,0.01,399,361761,买盘,603313,2025-10-17 22:54:48
09:44:52,9.05,-0.01,301,272714,卖盘,603313,2025-10-17 22:54:48
09:44:55,9.06,0.01,123,111549,中性盘,603313,2025-10-17 22:54:48
09:44:58,9.05,-0.01,83,75189,卖盘,603313,2025-10-17 22:54:48
09:45:01,9.05,0.0,146,132130,卖盘,603313,2025-10-17 22:54:48
09:45:04,9.04,-0.01,53,47943,卖盘,603313,2025-10-17 22:54:48
09:45:07,9.05,0.01,650,588644,买盘,603313,2025-10-17 22:54:48
09:45:10,9.05,0.0,134,121369,买盘,603313,2025-10-17 22:54:48
09:45:13,9.08,0.03,1353,1229364,买盘,603313,2025-10-17 22:54:48
09:45:16,9.07,-0.01,990,900035,卖盘,603313,2025-10-17 22:54:48
09:45:19,9.08,0.01,1067,970645,卖盘,603313,2025-10-17 22:54:48
09:45:22,9.08,0.0,306,278187,卖盘,603313,2025-10-17 22:54:48
09:45:25,9.05,-0.03,247,224113,卖盘,603313,2025-10-17 22:54:48
09:45:28,9.02,-0.03,375,339137,卖盘,603313,2025-10-17 22:54:48
09:45:31,9.04,0.02,238,214810,买盘,603313,2025-10-17 22:54:48
09:45:34,9.04,0.0,257,232220,买盘,603313,2025-10-17 22:54:48
09:45:37,9.03,-0.01,181,163596,卖盘,603313,2025-10-17 22:54:48
09:45:40,9.04,0.01,206,186224,中性盘,603313,2025-10-17 22:54:48
09:45:43,9.04,0.0,329,297400,买盘,603313,2025-10-17 22:54:48
09:45:46,9.05,0.01,740,669574,买盘,603313,2025-10-17 22:54:48
09:45:49,9.04,-0.01,602,544578,卖盘,603313,2025-10-17 22:54:48
09:45:52,9.05,0.01,455,411425,买盘,603313,2025-10-17 22:54:48
09:45:55,9.04,-0.01,234,211478,卖盘,603313,2025-10-17 22:54:48
09:45:58,9.04,0.0,129,116616,买盘,603313,2025-10-17 22:54:48
09:46:01,9.05,0.01,556,503001,买盘,603313,2025-10-17 22:54:48
09:46:04,9.05,0.0,1993,1803618,买盘,603313,2025-10-17 22:54:48
09:46:07,9.08,0.03,1621,1468917,买盘,603313,2025-10-17 22:54:48
09:46:10,9.1,0.02,1259,1143552,买盘,603313,2025-10-17 22:54:48
09:46:13,9.1,0.0,1468,1335337,买盘,603313,2025-10-17 22:54:48
09:46:16,9.1,0.0,407,370696,卖盘,603313,2025-10-17 22:54:48
09:46:19,9.08,-0.02,1029,935842,卖盘,603313,2025-10-17 22:54:48
09:46:22,9.09,0.01,645,585508,买盘,603313,2025-10-17 22:54:48
09:46:25,9.04,-0.05,289,262600,卖盘,603313,2025-10-17 22:54:48
09:46:28,9.07,0.03,94,85262,买盘,603313,2025-10-17 22:54:48
09:46:31,9.08,0.01,201,182343,买盘,603313,2025-10-17 22:54:48
09:46:34,9.07,-0.01,50,45334,买盘,603313,2025-10-17 22:54:48
09:46:37,9.07,0.0,163,147767,买盘,603313,2025-10-17 22:54:48
09:46:40,9.07,0.0,64,58034,卖盘,603313,2025-10-17 22:54:48
09:46:43,9.07,0.0,650,590938,买盘,603313,2025-10-17 22:54:48
09:46:46,9.08,0.01,90,81689,买盘,603313,2025-10-17 22:54:48
09:46:49,9.08,0.0,28,25435,卖盘,603313,2025-10-17 22:54:48
09:46:52,9.08,0.0,101,91734,卖盘,603313,2025-10-17 22:54:48
09:46:55,9.08,0.0,99,89963,卖盘,603313,2025-10-17 22:54:48
09:46:58,9.07,-0.01,193,175328,卖盘,603313,2025-10-17 22:54:48
09:47:01,9.07,0.0,28,25402,卖盘,603313,2025-10-17 22:54:48
09:47:04,9.07,0.0,215,195306,卖盘,603313,2025-10-17 22:54:48
09:47:07,9.07,0.0,547,497241,卖盘,603313,2025-10-17 22:54:48
09:47:10,9.07,0.0,353,320460,卖盘,603313,2025-10-17 22:54:48
09:47:13,9.08,0.01,637,579939,买盘,603313,2025-10-17 22:54:48
09:47:16,9.09,0.01,519,471273,买盘,603313,2025-10-17 22:54:48
09:47:19,9.1,0.01,71,64559,买盘,603313,2025-10-17 22:54:48
09:47:22,9.09,-0.01,827,752178,中性盘,603313,2025-10-17 22:54:48
09:47:25,9.1,0.01,302,274881,买盘,603313,2025-10-17 22:54:48
09:47:28,9.11,0.01,784,715253,买盘,603313,2025-10-17 22:54:48
09:47:31,9.13,0.02,915,829433,买盘,603313,2025-10-17 22:54:48
09:47:34,9.11,-0.02,539,492096,中性盘,603313,2025-10-17 22:54:48
09:47:37,9.14,0.03,644,588948,中性盘,603313,2025-10-17 22:54:48
09:47:40,9.12,-0.02,1223,1118160,卖盘,603313,2025-10-17 22:54:48
09:47:43,9.14,0.02,216,197468,中性盘,603313,2025-10-17 22:54:48
09:47:46,9.18,0.04,2925,2690879,买盘,603313,2025-10-17 22:54:48
09:47:49,9.22,0.04,1663,1531038,买盘,603313,2025-10-17 22:54:48
09:47:52,9.18,-0.04,838,773229,卖盘,603313,2025-10-17 22:54:48
09:47:55,9.22,0.04,3735,3452441,买盘,603313,2025-10-17 22:54:48
09:47:58,9.25,0.03,909,836243,买盘,603313,2025-10-17 22:54:48
09:48:01,9.18,-0.07,1062,977110,卖盘,603313,2025-10-17 22:54:48
09:48:04,9.16,-0.02,258,237216,卖盘,603313,2025-10-17 22:54:48
09:48:07,9.17,0.01,278,255148,中性盘,603313,2025-10-17 22:54:48
09:48:10,9.18,0.01,533,488964,买盘,603313,2025-10-17 22:54:48
09:48:13,9.16,-0.02,116,106332,卖盘,603313,2025-10-17 22:54:48
09:48:16,9.17,0.01,1055,968426,买盘,603313,2025-10-17 22:54:48
09:48:19,9.18,0.01,150,137551,买盘,603313,2025-10-17 22:54:48
09:48:22,9.18,0.0,458,421413,卖盘,603313,2025-10-17 22:54:48
09:48:25,9.2,0.02,657,604845,买盘,603313,2025-10-17 22:54:48
09:48:28,9.19,-0.01,536,492602,卖盘,603313,2025-10-17 22:54:48
09:48:31,9.19,0.0,207,190305,买盘,603313,2025-10-17 22:54:48
09:48:34,9.21,0.02,949,874632,买盘,603313,2025-10-17 22:54:48
09:48:37,9.24,0.03,1301,1202034,买盘,603313,2025-10-17 22:54:48
09:48:40,9.25,0.01,620,573855,买盘,603313,2025-10-17 22:54:48
09:48:43,9.25,0.0,643,595696,卖盘,603313,2025-10-17 22:54:48
09:48:46,9.33,0.08,17471,16287533,买盘,603313,2025-10-17 22:54:48
09:48:49,9.33,0.0,910,849030,卖盘,603313,2025-10-17 22:54:48
09:48:52,9.33,0.0,213,198729,卖盘,603313,2025-10-17 22:54:48
09:48:55,9.33,0.0,5301,4945833,卖盘,603313,2025-10-17 22:54:48
09:48:58,9.33,0.0,654,610182,卖盘,603313,2025-10-17 22:54:48
09:49:01,9.33,0.0,701,654033,卖盘,603313,2025-10-17 22:54:48
09:49:04,9.33,0.0,576,537408,卖盘,603313,2025-10-17 22:54:48
09:49:07,9.33,0.0,873,814509,卖盘,603313,2025-10-17 22:54:48
09:49:10,9.33,0.0,576,537408,卖盘,603313,2025-10-17 22:54:48
09:49:13,9.33,0.0,443,413319,卖盘,603313,2025-10-17 22:54:48
09:49:16,9.33,0.0,420,391860,卖盘,603313,2025-10-17 22:54:48
09:49:19,9.33,0.0,262,244446,卖盘,603313,2025-10-17 22:54:48
09:49:22,9.33,0.0,396,369468,卖盘,603313,2025-10-17 22:54:48
09:49:25,9.33,0.0,1217,1135461,卖盘,603313,2025-10-17 22:54:48
09:49:28,9.33,0.0,509,474897,卖盘,603313,2025-10-17 22:54:48
09:49:31,9.33,0.0,558,520614,卖盘,603313,2025-10-17 22:54:48
09:49:34,9.33,0.0,172,160476,卖盘,603313,2025-10-17 22:54:48
09:49:37,9.33,0.0,1363,1271772,卖盘,603313,2025-10-17 22:54:48
09:49:40,9.33,0.0,373,348009,卖盘,603313,2025-10-17 22:54:48
09:49:43,9.33,0.0,1166,1087878,卖盘,603313,2025-10-17 22:54:48
09:49:46,9.33,0.0,191,178203,卖盘,603313,2025-10-17 22:54:48
09:49:49,9.33,0.0,235,219255,卖盘,603313,2025-10-17 22:54:48
09:49:52,9.33,0.0,356,332148,卖盘,603313,2025-10-17 22:54:48
09:49:55,9.33,0.0,349,325617,卖盘,603313,2025-10-17 22:54:48
09:49:58,9.33,0.0,205,191265,卖盘,603313,2025-10-17 22:54:48
09:50:01,9.33,0.0,2047,1909851,卖盘,603313,2025-10-17 22:54:48
09:50:04,9.33,0.0,46,42918,卖盘,603313,2025-10-17 22:54:48
09:50:07,9.33,0.0,473,441029,卖盘,603313,2025-10-17 22:54:48
09:50:10,9.33,0.0,503,469299,卖盘,603313,2025-10-17 22:54:48
09:50:13,9.33,0.0,124,115692,卖盘,603313,2025-10-17 22:54:48
09:50:16,9.33,0.0,174,162342,卖盘,603313,2025-10-17 22:54:48
09:50:19,9.33,0.0,545,508485,卖盘,603313,2025-10-17 22:54:48
09:50:22,9.33,0.0,219,204327,卖盘,603313,2025-10-17 22:54:48
09:50:25,9.33,0.0,437,407721,卖盘,603313,2025-10-17 22:54:48
09:50:28,9.33,0.0,350,326924,卖盘,603313,2025-10-17 22:54:48
09:50:31,9.33,0.0,199,185667,卖盘,603313,2025-10-17 22:54:48
09:50:34,9.33,0.0,220,205260,卖盘,603313,2025-10-17 22:54:48
09:50:37,9.33,0.0,193,180069,卖盘,603313,2025-10-17 22:54:48
09:50:40,9.33,0.0,278,259374,卖盘,603313,2025-10-17 22:54:48
09:50:43,9.33,0.0,1389,1295937,卖盘,603313,2025-10-17 22:54:48
09:50:46,9.33,0.0,56,52248,卖盘,603313,2025-10-17 22:54:48
09:50:49,9.33,0.0,161,150213,卖盘,603313,2025-10-17 22:54:48
09:50:52,9.33,0.0,434,404922,卖盘,603313,2025-10-17 22:54:48
09:50:55,9.33,0.0,1112,1037496,卖盘,603313,2025-10-17 22:54:48
09:50:58,9.33,0.0,1298,1211034,卖盘,603313,2025-10-17 22:54:48
09:51:01,9.33,0.0,988,921804,卖盘,603313,2025-10-17 22:54:48
09:51:04,9.33,0.0,276,257508,卖盘,603313,2025-10-17 22:54:48
09:51:07,9.33,0.0,561,523413,卖盘,603313,2025-10-17 22:54:48
09:51:10,9.33,0.0,569,530877,卖盘,603313,2025-10-17 22:54:48
09:51:13,9.33,0.0,209,194997,卖盘,603313,2025-10-17 22:54:48
09:51:16,9.33,0.0,604,563438,卖盘,603313,2025-10-17 22:54:48
09:51:19,9.33,0.0,587,547671,卖盘,603313,2025-10-17 22:54:48
09:51:22,9.33,0.0,194,181002,卖盘,603313,2025-10-17 22:54:48
09:51:25,9.33,0.0,1002,934866,卖盘,603313,2025-10-17 22:54:48
09:51:28,9.33,0.0,136,126888,卖盘,603313,2025-10-17 22:54:48
09:51:31,9.33,0.0,48,44784,卖盘,603313,2025-10-17 22:54:48
09:51:34,9.33,0.0,468,436644,卖盘,603313,2025-10-17 22:54:48
09:51:37,9.33,0.0,83,77439,卖盘,603313,2025-10-17 22:54:48
09:51:40,9.33,0.0,245,228585,卖盘,603313,2025-10-17 22:54:48
09:51:43,9.33,0.0,187,174471,卖盘,603313,2025-10-17 22:54:48
09:51:46,9.33,0.0,194,181002,卖盘,603313,2025-10-17 22:54:48
09:51:49,9.33,0.0,261,243513,卖盘,603313,2025-10-17 22:54:48
09:51:52,9.33,0.0,355,331215,卖盘,603313,2025-10-17 22:54:48
09:51:55,9.33,0.0,1134,1058022,卖盘,603313,2025-10-17 22:54:48
09:51:58,9.33,0.0,427,398391,卖盘,603313,2025-10-17 22:54:48
09:52:01,9.33,0.0,123,114759,卖盘,603313,2025-10-17 22:54:48
09:52:04,9.33,0.0,275,256575,卖盘,603313,2025-10-17 22:54:48
09:52:07,9.33,0.0,450,419850,卖盘,603313,2025-10-17 22:54:48
09:52:10,9.33,0.0,221,206193,卖盘,603313,2025-10-17 22:54:48
09:52:13,9.33,0.0,570,531810,卖盘,603313,2025-10-17 22:54:48
09:52:16,9.33,0.0,8,7464,卖盘,603313,2025-10-17 22:54:48
09:52:19,9.33,0.0,404,376932,卖盘,603313,2025-10-17 22:54:48
09:52:22,9.33,0.0,53,49449,卖盘,603313,2025-10-17 22:54:48
09:52:25,9.33,0.0,72,67176,卖盘,603313,2025-10-17 22:54:48
09:52:28,9.33,0.0,180,167940,卖盘,603313,2025-10-17 22:54:48
09:52:31,9.33,0.0,106,98898,卖盘,603313,2025-10-17 22:54:48
09:52:34,9.33,0.0,55,51315,卖盘,603313,2025-10-17 22:54:48
09:52:37,9.33,0.0,30,27990,卖盘,603313,2025-10-17 22:54:48
09:52:40,9.33,0.0,70,65310,卖盘,603313,2025-10-17 22:54:48
09:52:43,9.33,0.0,73,68109,卖盘,603313,2025-10-17 22:54:48
09:52:46,9.33,0.0,285,265905,卖盘,603313,2025-10-17 22:54:48
09:52:52,9.33,0.0,180,167940,卖盘,603313,2025-10-17 22:54:48
09:52:55,9.33,0.0,25,23325,卖盘,603313,2025-10-17 22:54:48
09:52:58,9.33,0.0,37,34521,卖盘,603313,2025-10-17 22:54:48
09:53:01,9.33,0.0,47,43851,卖盘,603313,2025-10-17 22:54:48
09:53:04,9.33,0.0,35,32655,卖盘,603313,2025-10-17 22:54:48
09:53:07,9.33,0.0,107,99831,卖盘,603313,2025-10-17 22:54:48
09:53:10,9.33,0.0,6031,5626923,卖盘,603313,2025-10-17 22:54:48
09:53:13,9.33,0.0,3212,2996796,卖盘,603313,2025-10-17 22:54:48
09:53:16,9.33,0.0,2967,2768211,卖盘,603313,2025-10-17 22:54:48
09:53:19,9.33,0.0,2409,2247597,卖盘,603313,2025-10-17 22:54:48
09:53:22,9.33,0.0,261,243513,卖盘,603313,2025-10-17 22:54:48
09:53:25,9.33,0.0,469,437577,卖盘,603313,2025-10-17 22:54:48
09:53:28,9.33,0.0,272,253776,卖盘,603313,2025-10-17 22:54:48
09:53:31,9.33,0.0,249,232317,卖盘,603313,2025-10-17 22:54:48
09:53:34,9.33,0.0,59,55047,卖盘,603313,2025-10-17 22:54:48
09:53:37,9.33,0.0,199,185667,卖盘,603313,2025-10-17 22:54:48
09:53:40,9.33,0.0,41,38253,卖盘,603313,2025-10-17 22:54:48
09:53:43,9.33,0.0,33,30789,卖盘,603313,2025-10-17 22:54:48
09:53:46,9.33,0.0,113,105429,卖盘,603313,2025-10-17 22:54:48
09:53:49,9.33,0.0,286,266838,卖盘,603313,2025-10-17 22:54:48
09:53:52,9.33,0.0,63,58779,卖盘,603313,2025-10-17 22:54:48
09:53:55,9.33,0.0,55,51315,卖盘,603313,2025-10-17 22:54:48
09:53:58,9.33,0.0,151,140883,卖盘,603313,2025-10-17 22:54:48
09:54:01,9.33,0.0,131,121897,卖盘,603313,2025-10-17 22:54:48
09:54:04,9.33,0.0,61,56913,卖盘,603313,2025-10-17 22:54:48
09:54:07,9.33,0.0,210,195930,卖盘,603313,2025-10-17 22:54:48
09:54:10,9.33,0.0,25,23325,卖盘,603313,2025-10-17 22:54:48
09:54:13,9.33,0.0,185,172605,卖盘,603313,2025-10-17 22:54:48
09:54:16,9.33,0.0,92,85836,卖盘,603313,2025-10-17 22:54:48
09:54:19,9.33,0.0,160,149280,卖盘,603313,2025-10-17 22:54:48
09:54:22,9.33,0.0,63,58779,卖盘,603313,2025-10-17 22:54:48
09:54:25,9.33,0.0,32,29856,卖盘,603313,2025-10-17 22:54:48
09:54:28,9.33,0.0,58,54114,卖盘,603313,2025-10-17 22:54:48
09:54:31,9.33,0.0,307,286431,卖盘,603313,2025-10-17 22:54:48
09:54:34,9.33,0.0,33,30789,卖盘,603313,2025-10-17 22:54:48
09:54:37,9.33,0.0,35,32655,卖盘,603313,2025-10-17 22:54:48
09:54:40,9.33,0.0,43,40119,卖盘,603313,2025-10-17 22:54:48
09:54:43,9.33,0.0,197,183801,卖盘,603313,2025-10-17 22:54:48
09:54:46,9.33,0.0,269,250977,卖盘,603313,2025-10-17 22:54:48
09:54:49,9.33,0.0,297,277101,卖盘,603313,2025-10-17 22:54:48
09:54:52,9.33,0.0,177,165141,卖盘,603313,2025-10-17 22:54:48
09:54:55,9.33,0.0,151,140883,卖盘,603313,2025-10-17 22:54:48
09:54:58,9.33,0.0,20,18660,卖盘,603313,2025-10-17 22:54:48
09:55:01,9.33,0.0,117,109161,卖盘,603313,2025-10-17 22:54:48
09:55:04,9.33,0.0,30,27990,卖盘,603313,2025-10-17 22:54:48
09:55:07,9.33,0.0,296,276168,卖盘,603313,2025-10-17 22:54:48
09:55:10,9.33,0.0,35,32655,卖盘,603313,2025-10-17 22:54:48
09:55:13,9.33,0.0,154,143682,卖盘,603313,2025-10-17 22:54:48
09:55:16,9.33,0.0,7,6531,卖盘,603313,2025-10-17 22:54:48
09:55:19,9.33,0.0,31,28923,卖盘,603313,2025-10-17 22:54:48
09:55:22,9.33,0.0,1184,1104672,卖盘,603313,2025-10-17 22:54:48
09:55:25,9.33,0.0,46,42918,卖盘,603313,2025-10-17 22:54:48
09:55:28,9.33,0.0,487,454371,卖盘,603313,2025-10-17 22:54:48
09:55:31,9.33,0.0,1,933,卖盘,603313,2025-10-17 22:54:48
09:55:34,9.33,0.0,137,127821,卖盘,603313,2025-10-17 22:54:48
09:55:37,9.33,0.0,349,325617,卖盘,603313,2025-10-17 22:54:48
09:55:40,9.33,0.0,76,70908,卖盘,603313,2025-10-17 22:54:48
09:55:43,9.33,0.0,49,45717,卖盘,603313,2025-10-17 22:54:48
09:55:46,9.33,0.0,143,133419,卖盘,603313,2025-10-17 22:54:48
09:55:49,9.33,0.0,73,68109,卖盘,603313,2025-10-17 22:54:48
09:55:52,9.33,0.0,90,83970,卖盘,603313,2025-10-17 22:54:48
09:55:55,9.33,0.0,31,28923,卖盘,603313,2025-10-17 22:54:48
09:55:58,9.33,0.0,612,570996,卖盘,603313,2025-10-17 22:54:48
09:56:01,9.33,0.0,140,130620,卖盘,603313,2025-10-17 22:54:48
09:56:04,9.33,0.0,62,57846,卖盘,603313,2025-10-17 22:54:48
09:56:07,9.33,0.0,60,55980,卖盘,603313,2025-10-17 22:54:48
09:56:10,9.33,0.0,160,149280,卖盘,603313,2025-10-17 22:54:48
09:56:13,9.33,0.0,122,113826,卖盘,603313,2025-10-17 22:54:48
09:56:16,9.33,0.0,424,395592,卖盘,603313,2025-10-17 22:54:48
09:56:19,9.33,0.0,33,31069,卖盘,603313,2025-10-17 22:54:48
09:56:22,9.33,0.0,33,30789,卖盘,603313,2025-10-17 22:54:48
09:56:25,9.33,0.0,139,129687,卖盘,603313,2025-10-17 22:54:48
09:56:28,9.33,0.0,9,8397,卖盘,603313,2025-10-17 22:54:48
09:56:31,9.33,0.0,317,295761,卖盘,603313,2025-10-17 22:54:48
09:56:34,9.33,0.0,79,73707,卖盘,603313,2025-10-17 22:54:48
09:56:37,9.33,0.0,33,30789,卖盘,603313,2025-10-17 22:54:48
09:56:40,9.33,0.0,116,108228,卖盘,603313,2025-10-17 22:54:48
09:56:43,9.33,0.0,794,740802,卖盘,603313,2025-10-17 22:54:48
09:56:46,9.33,0.0,21,19593,卖盘,603313,2025-10-17 22:54:48
09:56:49,9.33,0.0,215,200595,卖盘,603313,2025-10-17 22:54:48
09:56:52,9.33,0.0,53,49449,卖盘,603313,2025-10-17 22:54:48
09:56:55,9.33,0.0,419,390927,卖盘,603313,2025-10-17 22:54:48
09:56:58,9.33,0.0,1,933,卖盘,603313,2025-10-17 22:54:48
09:57:01,9.33,0.0,130,121290,卖盘,603313,2025-10-17 22:54:48
09:57:04,9.33,0.0,90,83970,卖盘,603313,2025-10-17 22:54:48
09:57:07,9.33,0.0,90,83970,卖盘,603313,2025-10-17 22:54:48
09:57:10,9.33,0.0,241,224853,卖盘,603313,2025-10-17 22:54:48
09:57:13,9.33,0.0,2,1866,卖盘,603313,2025-10-17 22:54:48
09:57:16,9.33,0.0,125,116625,卖盘,603313,2025-10-17 22:54:48
09:57:19,9.33,0.0,71,66243,卖盘,603313,2025-10-17 22:54:48
09:57:22,9.33,0.0,263,245379,卖盘,603313,2025-10-17 22:54:48
09:57:25,9.33,0.0,52,48516,卖盘,603313,2025-10-17 22:54:48
09:57:28,9.33,0.0,25,23325,卖盘,603313,2025-10-17 22:54:48
09:57:31,9.33,0.0,4,3732,卖盘,603313,2025-10-17 22:54:48
09:57:34,9.33,0.0,92,85836,卖盘,603313,2025-10-17 22:54:48
09:57:37,9.33,0.0,128,119424,卖盘,603313,2025-10-17 22:54:48
09:57:40,9.33,0.0,595,555135,卖盘,603313,2025-10-17 22:54:48
09:57:43,9.33,0.0,105,97965,卖盘,603313,2025-10-17 22:54:48
09:57:46,9.33,0.0,1080,1007640,卖盘,603313,2025-10-17 22:54:48
09:57:49,9.33,0.0,17,15861,卖盘,603313,2025-10-17 22:54:48
09:57:52,9.33,0.0,646,602718,卖盘,603313,2025-10-17 22:54:48
09:57:55,9.33,0.0,13,12129,卖盘,603313,2025-10-17 22:54:48
09:57:58,9.33,0.0,57,53181,卖盘,603313,2025-10-17 22:54:48
09:58:01,9.33,0.0,18,16794,卖盘,603313,2025-10-17 22:54:48
09:58:04,9.33,0.0,91,84903,卖盘,603313,2025-10-17 22:54:48
09:58:07,9.33,0.0,35,32655,卖盘,603313,2025-10-17 22:54:48
09:58:10,9.33,0.0,43,40119,卖盘,603313,2025-10-17 22:54:48
09:58:13,9.33,0.0,41,38253,卖盘,603313,2025-10-17 22:54:48
09:58:16,9.33,0.0,21,19593,卖盘,603313,2025-10-17 22:54:48
09:58:22,9.33,0.0,5,4665,卖盘,603313,2025-10-17 22:54:48
09:58:25,9.33,0.0,70,65310,卖盘,603313,2025-10-17 22:54:48
09:58:28,9.33,0.0,10,9330,卖盘,603313,2025-10-17 22:54:48
09:58:31,9.33,0.0,61,56913,卖盘,603313,2025-10-17 22:54:48
09:58:37,9.33,0.0,125,116625,卖盘,603313,2025-10-17 22:54:48
09:58:40,9.33,0.0,271,252843,卖盘,603313,2025-10-17 22:54:48
09:58:43,9.33,0.0,12,11196,卖盘,603313,2025-10-17 22:54:48
09:58:46,9.33,0.0,100,93300,卖盘,603313,2025-10-17 22:54:48
09:58:49,9.33,0.0,70,65310,卖盘,603313,2025-10-17 22:54:48
09:58:52,9.33,0.0,63,58779,卖盘,603313,2025-10-17 22:54:48
09:58:55,9.33,0.0,33,30789,卖盘,603313,2025-10-17 22:54:48
09:58:58,9.33,0.0,244,227838,卖盘,603313,2025-10-17 22:54:48
09:59:01,9.33,0.0,248,231384,卖盘,603313,2025-10-17 22:54:48
09:59:04,9.33,0.0,1106,1031898,卖盘,603313,2025-10-17 22:54:48
09:59:07,9.33,0.0,898,837834,卖盘,603313,2025-10-17 22:54:48
09:59:10,9.33,0.0,7,6531,卖盘,603313,2025-10-17 22:54:48
09:59:13,9.33,0.0,940,877020,卖盘,603313,2025-10-17 22:54:48
09:59:19,9.33,0.0,16,14928,卖盘,603313,2025-10-17 22:54:48
09:59:25,9.33,0.0,22,20526,卖盘,603313,2025-10-17 22:54:48
09:59:28,9.33,0.0,110,102630,卖盘,603313,2025-10-17 22:54:48
09:59:31,9.33,0.0,9,8397,卖盘,603313,2025-10-17 22:54:48
09:59:34,9.33,0.0,59,55047,卖盘,603313,2025-10-17 22:54:48
09:59:37,9.33,0.0,3,2799,卖盘,603313,2025-10-17 22:54:48
09:59:40,9.33,0.0,16,14928,卖盘,603313,2025-10-17 22:54:48
09:59:43,9.33,0.0,2,1866,卖盘,603313,2025-10-17 22:54:48
09:59:46,9.33,0.0,14,13062,卖盘,603313,2025-10-17 22:54:48
09:59:49,9.33,0.0,61,56913,卖盘,603313,2025-10-17 22:54:48
09:59:52,9.33,0.0,23,21459,卖盘,603313,2025-10-17 22:54:48
09:59:55,9.33,0.0,58,54114,卖盘,603313,2025-10-17 22:54:48
09:59:58,9.33,0.0,102,95166,卖盘,603313,2025-10-17 22:54:48
10:00:01,9.33,0.0,18,16794,卖盘,603313,2025-10-17 22:54:48
10:00:04,9.33,0.0,3,2799,卖盘,603313,2025-10-17 22:54:48
10:00:07,9.33,0.0,20,18660,卖盘,603313,2025-10-17 22:54:48
10:00:10,9.33,0.0,125,116625,卖盘,603313,2025-10-17 22:54:48
10:00:16,9.33,0.0,49,45717,卖盘,603313,2025-10-17 22:54:48
10:00:19,9.33,0.0,2,1866,卖盘,603313,2025-10-17 22:54:48
10:00:22,9.33,0.0,17,15861,卖盘,603313,2025-10-17 22:54:48
10:00:25,9.33,0.0,277,258441,卖盘,603313,2025-10-17 22:54:48
10:00:28,9.33,0.0,126,117558,卖盘,603313,2025-10-17 22:54:48
10:00:31,9.33,0.0,113,105616,卖盘,603313,2025-10-17 22:54:48
10:00:34,9.33,0.0,47,43851,卖盘,603313,2025-10-17 22:54:48
10:00:37,9.33,0.0,109,101697,卖盘,603313,2025-10-17 22:54:48
10:00:40,9.33,0.0,54,50382,卖盘,603313,2025-10-17 22:54:48
10:00:43,9.33,0.0,321,299493,卖盘,603313,2025-10-17 22:54:48
10:00:46,9.33,0.0,295,275235,卖盘,603313,2025-10-17 22:54:48
10:00:49,9.33,0.0,367,342411,卖盘,603313,2025-10-17 22:54:48
10:00:52,9.33,0.0,114,106362,卖盘,603313,2025-10-17 22:54:48
10:00:55,9.33,0.0,184,171336,卖盘,603313,2025-10-17 22:54:48
10:00:58,9.33,0.0,13,12129,卖盘,603313,2025-10-17 22:54:48
10:01:01,9.33,0.0,33,30789,卖盘,603313,2025-10-17 22:54:48
10:01:04,9.33,0.0,194,181002,卖盘,603313,2025-10-17 22:54:48
10:01:07,9.33,0.0,200,186600,卖盘,603313,2025-10-17 22:54:48
10:01:10,9.33,0.0,1093,1019769,卖盘,603313,2025-10-17 22:54:48
10:01:13,9.33,0.0,120,111960,卖盘,603313,2025-10-17 22:54:48
10:01:16,9.33,0.0,1168,1089744,卖盘,603313,2025-10-17 22:54:48
10:01:19,9.18,-0.15,7238,6737799,卖盘,603313,2025-10-17 22:54:48
10:01:22,9.22,0.04,3018,2769929,买盘,603313,2025-10-17 22:54:48
10:01:25,9.33,0.11,3962,3683052,买盘,603313,2025-10-17 22:54:48
10:01:28,9.33,0.0,95,88635,卖盘,603313,2025-10-17 22:54:48
10:01:31,9.33,0.0,44,41052,卖盘,603313,2025-10-17 22:54:48
10:01:34,9.33,0.0,73,68109,卖盘,603313,2025-10-17 22:54:48
10:01:37,9.33,0.0,3082,2875506,卖盘,603313,2025-10-17 22:54:48
10:01:40,9.33,0.0,44,41052,卖盘,603313,2025-10-17 22:54:48
10:01:43,9.33,0.0,172,160476,卖盘,603313,2025-10-17 22:54:48
10:01:46,9.33,0.0,50,46650,卖盘,603313,2025-10-17 22:54:48
10:01:49,9.33,0.0,150,139950,卖盘,603313,2025-10-17 22:54:48
10:01:52,9.33,0.0,120,111960,卖盘,603313,2025-10-17 22:54:48
10:01:55,9.33,0.0,11,10263,卖盘,603313,2025-10-17 22:54:48
10:01:58,9.33,0.0,2,1866,卖盘,603313,2025-10-17 22:54:48
10:02:01,9.33,0.0,31,28923,卖盘,603313,2025-10-17 22:54:48
10:02:04,9.33,0.0,71,66243,卖盘,603313,2025-10-17 22:54:48
10:02:07,9.33,0.0,10,9330,卖盘,603313,2025-10-17 22:54:48
10:02:10,9.33,0.0,347,323751,卖盘,603313,2025-10-17 22:54:48
10:02:13,9.33,0.0,20,18660,卖盘,603313,2025-10-17 22:54:48
10:02:16,9.33,0.0,2,1866,卖盘,603313,2025-10-17 22:54:48
10:02:19,9.33,0.0,19,17727,卖盘,603313,2025-10-17 22:54:48
10:02:22,9.33,0.0,4,3732,卖盘,603313,2025-10-17 22:54:48
10:02:25,9.33,0.0,13,12129,卖盘,603313,2025-10-17 22:54:48
10:02:28,9.33,0.0,100,93300,卖盘,603313,2025-10-17 22:54:48
10:02:31,9.33,0.0,9,8397,卖盘,603313,2025-10-17 22:54:48
10:02:34,9.33,0.0,2,1866,卖盘,603313,2025-10-17 22:54:48
10:02:37,9.33,0.0,20,18660,卖盘,603313,2025-10-17 22:54:48
10:02:43,9.33,0.0,5,4665,卖盘,603313,2025-10-17 22:54:48
10:02:46,9.33,0.0,1,933,卖盘,603313,2025-10-17 22:54:48
10:02:49,9.33,0.0,69,64377,卖盘,603313,2025-10-17 22:54:48
10:02:58,9.33,0.0,58,54114,卖盘,603313,2025-10-17 22:54:48
10:03:07,9.33,0.0,19,17727,卖盘,603313,2025-10-17 22:54:48
10:03:10,9.33,0.0,1,933,卖盘,603313,2025-10-17 22:54:48
10:03:16,9.33,0.0,5,4665,卖盘,603313,2025-10-17 22:54:48
10:03:19,9.33,0.0,27,25191,卖盘,603313,2025-10-17 22:54:48
10:03:28,9.33,0.0,8,7464,卖盘,603313,2025-10-17 22:54:48
10:03:31,9.33,0.0,70,65310,卖盘,603313,2025-10-17 22:54:48
10:03:34,9.33,0.0,20,18660,卖盘,603313,2025-10-17 22:54:48
10:03:37,9.33,0.0,3,2799,卖盘,603313,2025-10-17 22:54:48
10:03:46,9.33,0.0,23,21459,卖盘,603313,2025-10-17 22:54:48
10:03:55,9.33,0.0,187,174471,卖盘,603313,2025-10-17 22:54:48
10:04:04,9.33,0.0,6,5598,卖盘,603313,2025-10-17 22:54:48
10:04:07,9.33,0.0,32,29856,卖盘,603313,2025-10-17 22:54:48
10:04:13,9.33,0.0,4,3732,卖盘,603313,2025-10-17 22:54:48
10:04:16,9.33,0.0,1,933,卖盘,603313,2025-10-17 22:54:48
10:04:25,9.33,0.0,10,9330,卖盘,603313,2025-10-17 22:54:48
10:04:28,9.33,0.0,20,18660,卖盘,603313,2025-10-17 22:54:48
10:04:31,9.33,0.0,62,57846,卖盘,603313,2025-10-17 22:54:48
10:04:34,9.33,0.0,5,4665,卖盘,603313,2025-10-17 22:54:48
10:04:37,9.33,0.0,9,8397,卖盘,603313,2025-10-17 22:54:48
10:04:49,9.33,0.0,12,11196,卖盘,603313,2025-10-17 22:54:48
10:04:58,9.33,0.0,10,9330,卖盘,603313,2025-10-17 22:54:48
10:05:07,9.33,0.0,8,7464,卖盘,603313,2025-10-17 22:54:48
10:05:10,9.33,0.0,1,933,卖盘,603313,2025-10-17 22:54:48
10:05:13,9.33,0.0,13,12129,卖盘,603313,2025-10-17 22:54:48
10:05:16,9.33,0.0,32,29856,卖盘,603313,2025-10-17 22:54:48
10:05:19,9.33,0.0,19,17727,卖盘,603313,2025-10-17 22:54:48
10:05:28,9.33,0.0,25,23325,卖盘,603313,2025-10-17 22:54:48
10:05:31,9.33,0.0,3,2799,卖盘,603313,2025-10-17 22:54:48
10:05:37,9.33,0.0,25,23325,卖盘,603313,2025-10-17 22:54:48
10:05:40,9.33,0.0,8,7464,卖盘,603313,2025-10-17 22:54:48
10:05:46,9.33,0.0,70,65310,卖盘,603313,2025-10-17 22:54:48
10:05:49,9.33,0.0,10,9330,卖盘,603313,2025-10-17 22:54:48
10:05:55,9.33,0.0,9,8397,卖盘,603313,2025-10-17 22:54:48
10:06:04,9.33,0.0,55,51315,卖盘,603313,2025-10-17 22:54:48
10:06:10,9.33,0.0,2,1866,卖盘,603313,2025-10-17 22:54:48
10:06:13,9.33,0.0,7,6531,卖盘,603313,2025-10-17 22:54:48
10:06:28,9.33,0.0,12,11196,卖盘,603313,2025-10-17 22:54:48
10:06:40,9.33,0.0,65,60645,卖盘,603313,2025-10-17 22:54:48
10:06:43,9.33,0.0,180,167940,卖盘,603313,2025-10-17 22:54:48
10:06:58,9.33,0.0,1,933,卖盘,603313,2025-10-17 22:54:48
10:07:07,9.33,0.0,165,153945,卖盘,603313,2025-10-17 22:54:48
10:07:10,9.33,0.0,29,27057,卖盘,603313,2025-10-17 22:54:48
10:07:19,9.33,0.0,1,933,卖盘,603313,2025-10-17 22:54:48
10:07:22,9.33,0.0,75,69975,卖盘,603313,2025-10-17 22:54:48
10:07:34,9.33,0.0,3,2799,卖盘,603313,2025-10-17 22:54:48
10:07:40,9.33,0.0,4,3732,卖盘,603313,2025-10-17 22:54:48
10:07:43,9.33,0.0,135,125675,卖盘,603313,2025-10-17 22:54:48
10:07:55,9.33,0.0,6,5598,卖盘,603313,2025-10-17 22:54:48
10:07:58,9.33,0.0,10,9330,卖盘,603313,2025-10-17 22:54:48
10:08:01,9.33,0.0,58,54114,卖盘,603313,2025-10-17 22:54:48
10:08:04,9.33,0.0,25,23325,卖盘,603313,2025-10-17 22:54:48
10:08:07,9.33,0.0,8,7464,卖盘,603313,2025-10-17 22:54:48
10:08:19,9.33,0.0,27,25191,卖盘,603313,2025-10-17 22:54:48
10:08:22,9.33,0.0,1,933,卖盘,603313,2025-10-17 22:54:48
10:08:25,9.33,0.0,3,2799,卖盘,603313,2025-10-17 22:54:48
10:08:31,9.33,0.0,1,933,卖盘,603313,2025-10-17 22:54:48
10:08:40,9.33,0.0,170,158610,卖盘,603313,2025-10-17 22:54:48
10:08:43,9.33,0.0,28,26124,卖盘,603313,2025-10-17 22:54:48
10:08:46,9.33,0.0,1,933,卖盘,603313,2025-10-17 22:54:48
10:08:49,9.33,0.0,1,933,卖盘,603313,2025-10-17 22:54:48
10:08:52,9.33,0.0,1,933,卖盘,603313,2025-10-17 22:54:48
10:08:55,9.33,0.0,2,1866,卖盘,603313,2025-10-17 22:54:48
10:08:58,9.33,0.0,46,42918,卖盘,603313,2025-10-17 22:54:48
10:09:07,9.33,0.0,5,4665,卖盘,603313,2025-10-17 22:54:48
10:09:13,9.33,0.0,1,933,卖盘,603313,2025-10-17 22:54:48
10:09:19,9.33,0.0,6,5598,卖盘,603313,2025-10-17 22:54:48
10:09:22,9.33,0.0,1,933,卖盘,603313,2025-10-17 22:54:48
10:09:25,9.33,0.0,3,2799,卖盘,603313,2025-10-17 22:54:48
10:09:46,9.33,0.0,2,1866,卖盘,603313,2025-10-17 22:54:48
10:09:55,9.33,0.0,15,13995,卖盘,603313,2025-10-17 22:54:48
10:10:01,9.33,0.0,1,933,卖盘,603313,2025-10-17 22:54:48
10:10:07,9.33,0.0,9,8397,卖盘,603313,2025-10-17 22:54:48
10:10:16,9.33,0.0,22,20526,卖盘,603313,2025-10-17 22:54:48
10:10:19,9.33,0.0,2,1866,卖盘,603313,2025-10-17 22:54:48
10:10:28,9.33,0.0,30,27990,卖盘,603313,2025-10-17 22:54:48
10:10:31,9.33,0.0,27,25191,卖盘,603313,2025-10-17 22:54:48
10:10:34,9.33,0.0,51,47583,卖盘,603313,2025-10-17 22:54:48
10:10:37,9.33,0.0,15,13995,卖盘,603313,2025-10-17 22:54:48
10:10:40,9.33,0.0,5,4665,卖盘,603313,2025-10-17 22:54:48
10:10:43,9.33,0.0,9,8397,卖盘,603313,2025-10-17 22:54:48
10:10:52,9.33,0.0,15,13995,卖盘,603313,2025-10-17 22:54:48
10:10:55,9.33,0.0,13,12129,卖盘,603313,2025-10-17 22:54:48
10:10:58,9.33,0.0,1,933,卖盘,603313,2025-10-17 22:54:48
10:11:01,9.33,0.0,10,9330,卖盘,603313,2025-10-17 22:54:48
10:11:13,9.33,0.0,1,933,卖盘,603313,2025-10-17 22:54:48
10:11:16,9.33,0.0,1,933,卖盘,603313,2025-10-17 22:54:48
10:11:19,9.33,0.0,10,9330,卖盘,603313,2025-10-17 22:54:48
10:11:28,9.33,0.0,3,2799,卖盘,603313,2025-10-17 22:54:48
10:11:37,9.33,0.0,43,40119,卖盘,603313,2025-10-17 22:54:48
10:11:43,9.33,0.0,66,61578,卖盘,603313,2025-10-17 22:54:48
10:11:55,9.33,0.0,55,51315,卖盘,603313,2025-10-17 22:54:48
10:12:01,9.33,0.0,15,13995,卖盘,603313,2025-10-17 22:54:48
10:12:13,9.33,0.0,14,13062,卖盘,603313,2025-10-17 22:54:48
10:12:16,9.33,0.0,36,33588,卖盘,603313,2025-10-17 22:54:48
10:12:19,9.33,0.0,40,37320,卖盘,603313,2025-10-17 22:54:48
10:12:25,9.33,0.0,8,7464,卖盘,603313,2025-10-17 22:54:48
10:12:31,9.33,0.0,201,187533,卖盘,603313,2025-10-17 22:54:48
10:12:34,9.33,0.0,53,49449,卖盘,603313,2025-10-17 22:54:48
10:12:37,9.33,0.0,10,9330,卖盘,603313,2025-10-17 22:54:48
10:12:40,9.33,0.0,26,24258,卖盘,603313,2025-10-17 22:54:48
10:12:46,9.33,0.0,4,3732,卖盘,603313,2025-10-17 22:54:48
10:12:49,9.33,0.0,22,20526,卖盘,603313,2025-10-17 22:54:48
10:12:52,9.33,0.0,8,7464,卖盘,603313,2025-10-17 22:54:48
10:13:01,9.33,0.0,2,1866,卖盘,603313,2025-10-17 22:54:48
10:13:10,9.33,0.0,9,8397,卖盘,603313,2025-10-17 22:54:48
10:13:13,9.33,0.0,23,21459,卖盘,603313,2025-10-17 22:54:48
10:13:19,9.33,0.0,5,4665,卖盘,603313,2025-10-17 22:54:48
10:13:22,9.33,0.0,1,933,卖盘,603313,2025-10-17 22:54:48
10:13:28,9.33,0.0,8,7884,卖盘,603313,2025-10-17 22:54:48
10:13:46,9.33,0.0,19,17727,卖盘,603313,2025-10-17 22:54:48
10:14:07,9.33,0.0,20,18660,卖盘,603313,2025-10-17 22:54:48
10:14:13,9.33,0.0,5,4665,卖盘,603313,2025-10-17 22:54:48
10:14:16,9.33,0.0,38,35454,卖盘,603313,2025-10-17 22:54:48
10:14:25,9.33,0.0,4,3732,卖盘,603313,2025-10-17 22:54:48
10:14:31,9.33,0.0,75,69975,卖盘,603313,2025-10-17 22:54:48
10:14:40,9.33,0.0,20,18660,卖盘,603313,2025-10-17 22:54:48
10:14:43,9.33,0.0,14,13062,卖盘,603313,2025-10-17 22:54:48
10:14:46,9.33,0.0,10,9330,卖盘,603313,2025-10-17 22:54:48
10:14:49,9.33,0.0,100,93300,卖盘,603313,2025-10-17 22:54:48
10:15:19,9.33,0.0,50,46650,卖盘,603313,2025-10-17 22:54:48
10:15:25,9.33,0.0,2,1866,卖盘,603313,2025-10-17 22:54:48
10:15:28,9.33,0.0,1,933,卖盘,603313,2025-10-17 22:54:48
10:15:31,9.33,0.0,70,65310,卖盘,603313,2025-10-17 22:54:48
10:15:34,9.33,0.0,15,13995,卖盘,603313,2025-10-17 22:54:48
10:15:40,9.33,0.0,5,4665,卖盘,603313,2025-10-17 22:54:48
10:15:43,9.33,0.0,36,33588,卖盘,603313,2025-10-17 22:54:48
10:15:49,9.33,0.0,11,10356,卖盘,603313,2025-10-17 22:54:48
10:15:52,9.33,0.0,29,27057,卖盘,603313,2025-10-17 22:54:48
10:15:55,9.33,0.0,2,1866,卖盘,603313,2025-10-17 22:54:48
10:15:58,9.33,0.0,10,9330,卖盘,603313,2025-10-17 22:54:48
10:16:04,9.33,0.0,70,65310,卖盘,603313,2025-10-17 22:54:48
10:16:16,9.33,0.0,3,2799,卖盘,603313,2025-10-17 22:54:48
10:16:28,9.33,0.0,20,18660,卖盘,603313,2025-10-17 22:54:48
10:16:52,9.33,0.0,7,6531,卖盘,603313,2025-10-17 22:54:48
10:17:01,9.33,0.0,20,18660,卖盘,603313,2025-10-17 22:54:48
10:17:04,9.33,0.0,10,9330,卖盘,603313,2025-10-17 22:54:48
10:17:07,9.33,0.0,3,2799,卖盘,603313,2025-10-17 22:54:48
10:17:10,9.33,0.0,10,9330,卖盘,603313,2025-10-17 22:54:48
10:17:13,9.33,0.0,2,1866,卖盘,603313,2025-10-17 22:54:48
10:17:16,9.33,0.0,7,6531,卖盘,603313,2025-10-17 22:54:48
10:17:22,9.33,0.0,0,187,卖盘,603313,2025-10-17 22:54:48
10:17:31,9.33,0.0,33,30789,卖盘,603313,2025-10-17 22:54:48
10:17:49,9.33,0.0,1,933,卖盘,603313,2025-10-17 22:54:48
10:17:55,9.33,0.0,50,46650,卖盘,603313,2025-10-17 22:54:48
10:18:10,9.33,0.0,10,9330,卖盘,603313,2025-10-17 22:54:48
10:18:16,9.33,0.0,344,320952,卖盘,603313,2025-10-17 22:54:48
10:18:19,9.33,0.0,10,9330,卖盘,603313,2025-10-17 22:54:48
10:18:22,9.33,0.0,47,43851,卖盘,603313,2025-10-17 22:54:48
10:18:25,9.33,0.0,16,14928,卖盘,603313,2025-10-17 22:54:48
10:18:28,9.33,0.0,4,3732,卖盘,603313,2025-10-17 22:54:48
10:18:31,9.33,0.0,12,11196,卖盘,603313,2025-10-17 22:54:48
10:18:40,9.33,0.0,27,25191,卖盘,603313,2025-10-17 22:54:48
10:18:43,9.33,0.0,8,7464,卖盘,603313,2025-10-17 22:54:48
10:18:49,9.33,0.0,1,933,卖盘,603313,2025-10-17 22:54:48
10:18:55,9.33,0.0,1,933,卖盘,603313,2025-10-17 22:54:48
10:19:07,9.33,0.0,3,2799,卖盘,603313,2025-10-17 22:54:48
10:19:13,9.33,0.0,87,81171,卖盘,603313,2025-10-17 22:54:48
10:19:25,9.33,0.0,4,3732,卖盘,603313,2025-10-17 22:54:48
10:19:28,9.33,0.0,2,1866,卖盘,603313,2025-10-17 22:54:48
10:19:37,9.33,0.0,8,7464,卖盘,603313,2025-10-17 22:54:48
10:19:40,9.33,0.0,3,2799,卖盘,603313,2025-10-17 22:54:48
10:19:46,9.33,0.0,26,24258,卖盘,603313,2025-10-17 22:54:48
10:19:55,9.33,0.0,4,3732,卖盘,603313,2025-10-17 22:54:48
10:20:01,9.33,0.0,10,9330,卖盘,603313,2025-10-17 22:54:48
10:20:16,9.33,0.0,20,18660,卖盘,603313,2025-10-17 22:54:48
10:20:22,9.33,0.0,1,933,卖盘,603313,2025-10-17 22:54:48
10:20:25,9.33,0.0,51,47583,卖盘,603313,2025-10-17 22:54:48
10:20:28,9.33,0.0,20,18660,卖盘,603313,2025-10-17 22:54:48
10:20:31,9.33,0.0,13,12129,卖盘,603313,2025-10-17 22:54:48
10:20:37,9.33,0.0,60,55980,卖盘,603313,2025-10-17 22:54:48
10:20:40,9.33,0.0,10,9330,卖盘,603313,2025-10-17 22:54:48
10:20:46,9.33,0.0,17,15861,卖盘,603313,2025-10-17 22:54:48
10:20:49,9.33,0.0,11,10263,卖盘,603313,2025-10-17 22:54:48
10:20:52,9.33,0.0,30,27990,卖盘,603313,2025-10-17 22:54:48
10:20:55,9.33,0.0,50,46650,卖盘,603313,2025-10-17 22:54:48
10:21:01,9.33,0.0,26,24258,卖盘,603313,2025-10-17 22:54:48
10:21:13,9.33,0.0,10,9330,卖盘,603313,2025-10-17 22:54:48
10:21:22,9.33,0.0,5,4665,卖盘,603313,2025-10-17 22:54:48
10:21:31,9.33,0.0,5,4665,卖盘,603313,2025-10-17 22:54:48
10:21:43,9.33,0.0,126,117558,卖盘,603313,2025-10-17 22:54:48
10:21:49,9.33,0.0,20,18660,卖盘,603313,2025-10-17 22:54:48
10:21:52,9.33,0.0,35,32655,卖盘,603313,2025-10-17 22:54:48
10:21:58,9.33,0.0,13,12129,卖盘,603313,2025-10-17 22:54:48
10:22:07,9.33,0.0,34,31722,卖盘,603313,2025-10-17 22:54:48
10:22:19,9.33,0.0,28,26124,卖盘,603313,2025-10-17 22:54:48
10:22:34,9.33,0.0,12,11196,卖盘,603313,2025-10-17 22:54:48
10:22:37,9.33,0.0,30,27990,卖盘,603313,2025-10-17 22:54:48
10:22:43,9.33,0.0,1,933,卖盘,603313,2025-10-17 22:54:48
10:23:01,9.33,0.0,10,9330,卖盘,603313,2025-10-17 22:54:48
10:23:22,9.33,0.0,56,52248,卖盘,603313,2025-10-17 22:54:48
10:23:31,9.33,0.0,47,43851,卖盘,603313,2025-10-17 22:54:48
10:23:34,9.33,0.0,128,119424,卖盘,603313,2025-10-17 22:54:48
10:23:40,9.33,0.0,2,1866,卖盘,603313,2025-10-17 22:54:48
10:23:52,9.33,0.0,30,27990,卖盘,603313,2025-10-17 22:54:48
10:24:19,9.33,0.0,1,933,卖盘,603313,2025-10-17 22:54:48
10:24:22,9.33,0.0,50,46650,卖盘,603313,2025-10-17 22:54:48
10:24:49,9.33,0.0,3,2799,卖盘,603313,2025-10-17 22:54:48
10:24:55,9.33,0.0,10,9330,卖盘,603313,2025-10-17 22:54:48
10:24:58,9.33,0.0,5,4665,卖盘,603313,2025-10-17 22:54:48
10:25:13,9.33,0.0,3,2799,卖盘,603313,2025-10-17 22:54:48
10:25:16,9.33,0.0,12,11196,卖盘,603313,2025-10-17 22:54:48
10:25:28,9.33,0.0,56,52248,卖盘,603313,2025-10-17 22:54:48
10:25:31,9.33,0.0,16,14928,卖盘,603313,2025-10-17 22:54:48
10:25:55,9.33,0.0,2,1866,卖盘,603313,2025-10-17 22:54:48
10:26:10,9.33,0.0,115,107295,卖盘,603313,2025-10-17 22:54:48
10:26:13,9.33,0.0,10,9330,卖盘,603313,2025-10-17 22:54:48
10:26:28,9.33,0.0,10,9330,卖盘,603313,2025-10-17 22:54:48
10:26:46,9.33,0.0,2,1866,卖盘,603313,2025-10-17 22:54:48
10:26:49,9.33,0.0,11,10263,卖盘,603313,2025-10-17 22:54:48
10:27:16,9.33,0.0,1,933,卖盘,603313,2025-10-17 22:54:48
10:27:25,9.33,0.0,100,93300,卖盘,603313,2025-10-17 22:54:48
10:27:31,9.33,0.0,347,323751,卖盘,603313,2025-10-17 22:54:48
10:27:37,9.33,0.0,50,46650,卖盘,603313,2025-10-17 22:54:48
10:27:43,9.33,0.0,8,7464,卖盘,603313,2025-10-17 22:54:48
10:27:46,9.33,0.0,3,2799,卖盘,603313,2025-10-17 22:54:48
10:27:55,9.33,0.0,8,7464,卖盘,603313,2025-10-17 22:54:48
10:28:22,9.33,0.0,27,25191,卖盘,603313,2025-10-17 22:54:48
10:28:28,9.33,0.0,8,7464,卖盘,603313,2025-10-17 22:54:48
10:28:34,9.33,0.0,1,933,卖盘,603313,2025-10-17 22:54:48
10:28:37,9.33,0.0,3,2799,卖盘,603313,2025-10-17 22:54:48
10:28:46,9.33,0.0,20,18660,卖盘,603313,2025-10-17 22:54:48
10:28:58,9.33,0.0,4,3732,卖盘,603313,2025-10-17 22:54:48
10:29:07,9.33,0.0,58,54114,卖盘,603313,2025-10-17 22:54:48
10:29:10,9.33,0.0,4,3732,卖盘,603313,2025-10-17 22:54:48
10:29:13,9.33,0.0,1,933,卖盘,603313,2025-10-17 22:54:48
10:29:16,9.33,0.0,35,32655,卖盘,603313,2025-10-17 22:54:48
10:29:28,9.33,0.0,1,933,卖盘,603313,2025-10-17 22:54:48
10:29:31,9.33,0.0,2,1866,卖盘,603313,2025-10-17 22:54:48
10:29:34,9.33,0.0,140,130620,卖盘,603313,2025-10-17 22:54:48
10:29:49,9.33,0.0,5,4665,卖盘,603313,2025-10-17 22:54:48
10:30:01,9.33,0.0,1,933,卖盘,603313,2025-10-17 22:54:48
10:30:04,9.33,0.0,8,7464,卖盘,603313,2025-10-17 22:54:48
10:30:34,9.33,0.0,1,933,卖盘,603313,2025-10-17 22:54:48
10:30:37,9.33,0.0,133,124089,卖盘,603313,2025-10-17 22:54:48
10:30:40,9.33,0.0,4,3732,卖盘,603313,2025-10-17 22:54:48
10:30:46,9.33,0.0,2,1866,卖盘,603313,2025-10-17 22:54:48
10:30:49,9.33,0.0,34,31722,卖盘,603313,2025-10-17 22:54:48
10:30:52,9.33,0.0,20,18660,卖盘,603313,2025-10-17 22:54:48
10:30:55,9.33,0.0,2,1866,卖盘,603313,2025-10-17 22:54:48
10:30:58,9.33,0.0,13,12129,卖盘,603313,2025-10-17 22:54:48
10:31:04,9.33,0.0,3,2799,卖盘,603313,2025-10-17 22:54:48
10:31:34,9.33,0.0,100,93300,卖盘,603313,2025-10-17 22:54:48
10:31:43,9.33,0.0,4,3732,卖盘,603313,2025-10-17 22:54:48
10:31:46,9.33,0.0,14,13062,卖盘,603313,2025-10-17 22:54:48
10:31:49,9.33,0.0,5,4665,卖盘,603313,2025-10-17 22:54:48
10:32:04,9.33,0.0,5,4665,卖盘,603313,2025-10-17 22:54:48
10:32:16,9.33,0.0,116,108228,卖盘,603313,2025-10-17 22:54:48
10:32:28,9.33,0.0,5,4665,卖盘,603313,2025-10-17 22:54:48
10:32:34,9.33,0.0,1,933,卖盘,603313,2025-10-17 22:54:48
10:32:43,9.33,0.0,1,933,卖盘,603313,2025-10-17 22:54:48
10:32:52,9.33,0.0,4,3732,卖盘,603313,2025-10-17 22:54:48
10:32:55,9.33,0.0,50,46650,卖盘,603313,2025-10-17 22:54:48
10:33:25,9.33,0.0,6,5598,卖盘,603313,2025-10-17 22:54:48
10:33:28,9.33,0.0,9,8397,卖盘,603313,2025-10-17 22:54:48
10:33:37,9.33,0.0,30,27990,卖盘,603313,2025-10-17 22:54:48
10:34:04,9.33,0.0,13,12129,卖盘,603313,2025-10-17 22:54:48
10:34:07,9.33,0.0,6,5598,卖盘,603313,2025-10-17 22:54:48
10:34:13,9.33,0.0,76,70908,卖盘,603313,2025-10-17 22:54:48
10:34:25,9.33,0.0,2,1866,卖盘,603313,2025-10-17 22:54:48
10:34:28,9.33,0.0,4,3732,卖盘,603313,2025-10-17 22:54:48
10:34:37,9.33,0.0,40,37320,卖盘,603313,2025-10-17 22:54:48
10:35:10,9.33,0.0,18,16794,卖盘,603313,2025-10-17 22:54:48
10:35:22,9.33,0.0,1,933,卖盘,603313,2025-10-17 22:54:48
10:35:55,9.33,0.0,9,8397,卖盘,603313,2025-10-17 22:54:48
10:36:37,9.33,0.0,24,22392,卖盘,603313,2025-10-17 22:54:48
10:36:49,9.33,0.0,1,933,卖盘,603313,2025-10-17 22:54:48
10:37:01,9.33,0.0,50,46650,卖盘,603313,2025-10-17 22:54:48
10:37:22,9.33,0.0,11,10263,卖盘,603313,2025-10-17 22:54:48
10:37:25,9.33,0.0,16,14928,卖盘,603313,2025-10-17 22:54:48
10:37:28,9.33,0.0,4,3732,卖盘,603313,2025-10-17 22:54:48
10:37:37,9.33,0.0,16,14928,卖盘,603313,2025-10-17 22:54:48
10:38:16,9.33,0.0,7,6531,卖盘,603313,2025-10-17 22:54:48
10:38:28,9.33,0.0,15,13995,卖盘,603313,2025-10-17 22:54:48
10:38:34,9.33,0.0,22,20526,卖盘,603313,2025-10-17 22:54:48
10:38:55,9.33,0.0,8,7464,卖盘,603313,2025-10-17 22:54:48
10:39:01,9.33,0.0,70,65310,卖盘,603313,2025-10-17 22:54:48
10:39:07,9.33,0.0,2,1866,卖盘,603313,2025-10-17 22:54:48
10:39:28,9.33,0.0,5,4665,卖盘,603313,2025-10-17 22:54:48
10:39:37,9.33,0.0,10,9330,卖盘,603313,2025-10-17 22:54:48
10:39:58,9.33,0.0,3,2799,卖盘,603313,2025-10-17 22:54:48
10:40:19,9.33,0.0,11,10263,卖盘,603313,2025-10-17 22:54:48
10:40:31,9.33,0.0,5,4665,卖盘,603313,2025-10-17 22:54:48
10:41:01,9.33,0.0,100,93300,卖盘,603313,2025-10-17 22:54:48
10:41:40,9.33,0.0,1,933,卖盘,603313,2025-10-17 22:54:48
10:42:13,9.33,0.0,1,933,卖盘,603313,2025-10-17 22:54:48
10:43:01,9.33,0.0,14,13062,卖盘,603313,2025-10-17 22:54:48
10:43:07,9.33,0.0,17,15861,卖盘,603313,2025-10-17 22:54:48
10:43:10,9.33,0.0,2,2053,卖盘,603313,2025-10-17 22:54:48
10:43:28,9.33,0.0,78,72774,卖盘,603313,2025-10-17 22:54:48
10:43:49,9.33,0.0,18,16794,卖盘,603313,2025-10-17 22:54:48
10:44:25,9.33,0.0,1,933,卖盘,603313,2025-10-17 22:54:48
10:44:34,9.33,0.0,80,74640,卖盘,603313,2025-10-17 22:54:48
10:44:37,9.33,0.0,1,933,卖盘,603313,2025-10-17 22:54:48
10:45:01,9.33,0.0,5,4665,卖盘,603313,2025-10-17 22:54:48
10:45:07,9.33,0.0,105,97965,卖盘,603313,2025-10-17 22:54:48
10:45:22,9.33,0.0,12,11196,卖盘,603313,2025-10-17 22:54:48
10:45:31,9.33,0.0,2,1866,卖盘,603313,2025-10-17 22:54:48
10:45:34,9.33,0.0,2,1866,卖盘,603313,2025-10-17 22:54:48
10:45:37,9.33,0.0,17,15861,卖盘,603313,2025-10-17 22:54:48
10:45:43,9.33,0.0,9,8397,卖盘,603313,2025-10-17 22:54:48
10:46:19,9.33,0.0,2,1866,卖盘,603313,2025-10-17 22:54:48
10:46:22,9.33,0.0,28,26124,卖盘,603313,2025-10-17 22:54:48
10:47:10,9.33,0.0,4,3732,卖盘,603313,2025-10-17 22:54:48
10:47:31,9.33,0.0,1,933,卖盘,603313,2025-10-17 22:54:48
10:47:46,9.33,0.0,30,27990,卖盘,603313,2025-10-17 22:54:48
10:47:58,9.33,0.0,20,18660,卖盘,603313,2025-10-17 22:54:48
10:48:37,9.33,0.0,5,4665,卖盘,603313,2025-10-17 22:54:48
10:48:43,9.33,0.0,10,9330,卖盘,603313,2025-10-17 22:54:48
10:48:49,9.33,0.0,1,933,卖盘,603313,2025-10-17 22:54:48
10:49:37,9.33,0.0,8,7464,卖盘,603313,2025-10-17 22:54:48
10:50:04,9.33,0.0,90,83970,卖盘,603313,2025-10-17 22:54:48
10:50:10,9.33,0.0,1022,953526,卖盘,603313,2025-10-17 22:54:48
10:50:31,9.33,0.0,25,23325,卖盘,603313,2025-10-17 22:54:48
10:50:37,9.33,0.0,100,93300,卖盘,603313,2025-10-17 22:54:48
10:50:43,9.33,0.0,6,5598,卖盘,603313,2025-10-17 22:54:48
10:50:46,9.33,0.0,2,1866,卖盘,603313,2025-10-17 22:54:48
10:50:58,9.33,0.0,409,381597,卖盘,603313,2025-10-17 22:54:48
10:51:13,9.33,0.0,1,933,卖盘,603313,2025-10-17 22:54:48
10:51:49,9.33,0.0,5,4665,卖盘,603313,2025-10-17 22:54:48
10:52:04,9.33,0.0,10,9330,卖盘,603313,2025-10-17 22:54:48
10:52:22,9.33,0.0,71,66243,卖盘,603313,2025-10-17 22:54:48
10:52:40,9.33,0.0,8,7464,卖盘,603313,2025-10-17 22:54:48
10:52:49,9.33,0.0,40,37320,卖盘,603313,2025-10-17 22:54:48
10:52:52,9.33,0.0,4,3732,卖盘,603313,2025-10-17 22:54:48
10:53:04,9.33,0.0,5,4665,卖盘,603313,2025-10-17 22:54:48
10:53:28,9.33,0.0,5,4665,卖盘,603313,2025-10-17 22:54:48
10:53:31,9.33,0.0,3,2799,卖盘,603313,2025-10-17 22:54:48
10:53:46,9.33,0.0,22,20526,卖盘,603313,2025-10-17 22:54:48
10:53:49,9.33,0.0,136,126888,卖盘,603313,2025-10-17 22:54:48
10:54:04,9.33,0.0,10,9330,卖盘,603313,2025-10-17 22:54:48
10:54:22,9.33,0.0,2,1866,卖盘,603313,2025-10-17 22:54:48
10:54:37,9.33,0.0,8,7464,卖盘,603313,2025-10-17 22:54:48
10:55:37,9.33,0.0,65,60645,卖盘,603313,2025-10-17 22:54:48
10:55:46,9.33,0.0,10,9330,卖盘,603313,2025-10-17 22:54:48
10:55:52,9.33,0.0,1,933,卖盘,603313,2025-10-17 22:54:48
10:56:07,9.33,0.0,301,280833,卖盘,603313,2025-10-17 22:54:48
10:56:31,9.33,0.0,2,1866,卖盘,603313,2025-10-17 22:54:48
10:56:52,9.33,0.0,18,16794,卖盘,603313,2025-10-17 22:54:48
10:56:55,9.33,0.0,5,4665,卖盘,603313,2025-10-17 22:54:48
10:57:04,9.33,0.0,5,4665,卖盘,603313,2025-10-17 22:54:48
10:57:10,9.33,0.0,3,2799,卖盘,603313,2025-10-17 22:54:48
10:57:22,9.33,0.0,10,9330,卖盘,603313,2025-10-17 22:54:48
10:57:25,9.33,0.0,100,93300,卖盘,603313,2025-10-17 22:54:48
10:57:55,9.33,0.0,8,7464,卖盘,603313,2025-10-17 22:54:48
10:58:04,9.33,0.0,10,9330,卖盘,603313,2025-10-17 22:54:48
10:58:07,9.33,0.0,5,4665,卖盘,603313,2025-10-17 22:54:48
10:58:28,9.33,0.0,5,4665,卖盘,603313,2025-10-17 22:54:48
10:58:40,9.33,0.0,10,9330,卖盘,603313,2025-10-17 22:54:48
10:58:55,9.33,0.0,20,18660,卖盘,603313,2025-10-17 22:54:48
10:59:19,9.33,0.0,3,2799,卖盘,603313,2025-10-17 22:54:48
11:00:13,9.33,0.0,82,76506,卖盘,603313,2025-10-17 22:54:48
11:00:25,9.33,0.0,10,9330,卖盘,603313,2025-10-17 22:54:48
11:00:40,9.33,0.0,14,13062,卖盘,603313,2025-10-17 22:54:48
11:00:49,9.33,0.0,5,4665,卖盘,603313,2025-10-17 22:54:48
11:01:25,9.33,0.0,181,168873,卖盘,603313,2025-10-17 22:54:48
11:01:28,9.33,0.0,1,933,卖盘,603313,2025-10-17 22:54:48
11:01:40,9.33,0.0,9,8397,卖盘,603313,2025-10-17 22:54:48
11:01:52,9.33,0.0,3,2799,卖盘,603313,2025-10-17 22:54:48
11:02:10,9.33,0.0,10,9330,卖盘,603313,2025-10-17 22:54:48
11:02:19,9.33,0.0,1,933,卖盘,603313,2025-10-17 22:54:48
11:02:22,9.33,0.0,135,125955,卖盘,603313,2025-10-17 22:54:48
11:02:40,9.33,0.0,10,9330,卖盘,603313,2025-10-17 22:54:48
11:02:58,9.33,0.0,9,8397,卖盘,603313,2025-10-17 22:54:48
11:03:31,9.33,0.0,14,13062,卖盘,603313,2025-10-17 22:54:48
11:03:40,9.33,0.0,1,933,卖盘,603313,2025-10-17 22:54:48
11:03:58,9.33,0.0,2,1866,卖盘,603313,2025-10-17 22:54:48
11:04:16,9.33,0.0,19,17727,卖盘,603313,2025-10-17 22:54:48
11:04:22,9.33,0.0,20,18660,卖盘,603313,2025-10-17 22:54:48
11:04:34,9.33,0.0,110,102630,卖盘,603313,2025-10-17 22:54:48
11:04:49,9.33,0.0,2,1866,卖盘,603313,2025-10-17 22:54:48
11:05:01,9.33,0.0,1,933,卖盘,603313,2025-10-17 22:54:48
11:05:22,9.33,0.0,6,5598,卖盘,603313,2025-10-17 22:54:48
11:05:28,9.33,0.0,28,26124,卖盘,603313,2025-10-17 22:54:48
11:05:58,9.33,0.0,4,3732,卖盘,603313,2025-10-17 22:54:48
11:06:04,9.33,0.0,1,933,卖盘,603313,2025-10-17 22:54:48
11:06:10,9.33,0.0,1,933,卖盘,603313,2025-10-17 22:54:48
11:06:43,9.33,0.0,15,13528,卖盘,603313,2025-10-17 22:54:48
11:06:52,9.33,0.0,3,2799,卖盘,603313,2025-10-17 22:54:48
11:06:58,9.33,0.0,232,216456,卖盘,603313,2025-10-17 22:54:48
11:07:01,9.33,0.0,1,933,卖盘,603313,2025-10-17 22:54:48
11:07:31,9.33,0.0,21,19593,卖盘,603313,2025-10-17 22:54:48
11:08:37,9.33,0.0,3,2799,卖盘,603313,2025-10-17 22:54:48
11:08:55,9.33,0.0,3,2799,卖盘,603313,2025-10-17 22:54:48
11:08:58,9.33,0.0,10,9330,卖盘,603313,2025-10-17 22:54:48
11:09:13,9.33,0.0,3,2799,卖盘,603313,2025-10-17 22:54:48
11:09:16,9.33,0.0,11,10263,卖盘,603313,2025-10-17 22:54:48
11:09:28,9.33,0.0,3,2799,卖盘,603313,2025-10-17 22:54:48
11:09:34,9.33,0.0,2,1866,卖盘,603313,2025-10-17 22:54:48
11:09:46,9.33,0.0,8,7464,卖盘,603313,2025-10-17 22:54:48
11:10:16,9.33,0.0,16,14928,卖盘,603313,2025-10-17 22:54:48
11:10:31,9.33,0.0,3,2799,卖盘,603313,2025-10-17 22:54:48
11:10:34,9.33,0.0,15,13995,卖盘,603313,2025-10-17 22:54:48
11:10:43,9.33,0.0,48,44784,卖盘,603313,2025-10-17 22:54:48
11:10:46,9.33,0.0,8,7464,卖盘,603313,2025-10-17 22:54:48
11:11:13,9.33,0.0,2,1866,卖盘,603313,2025-10-17 22:54:48
11:11:25,9.33,0.0,8,7464,卖盘,603313,2025-10-17 22:54:48
11:11:28,9.33,0.0,10,9330,卖盘,603313,2025-10-17 22:54:48
11:11:34,9.33,0.0,1,933,卖盘,603313,2025-10-17 22:54:48
11:12:19,9.33,0.0,5,4665,卖盘,603313,2025-10-17 22:54:48
11:12:22,9.33,0.0,4,3732,卖盘,603313,2025-10-17 22:54:48
11:12:28,9.33,0.0,8,7464,卖盘,603313,2025-10-17 22:54:48
11:12:37,9.33,0.0,20,18660,卖盘,603313,2025-10-17 22:54:48
11:13:04,9.33,0.0,10,9330,卖盘,603313,2025-10-17 22:54:48
11:13:07,9.33,0.0,30,27990,卖盘,603313,2025-10-17 22:54:48
11:13:10,9.33,0.0,14,13062,卖盘,603313,2025-10-17 22:54:48
11:13:34,9.33,0.0,2,1866,卖盘,603313,2025-10-17 22:54:48
11:14:13,9.33,0.0,10,9330,卖盘,603313,2025-10-17 22:54:48
11:14:28,9.33,0.0,181,168873,卖盘,603313,2025-10-17 22:54:48
11:14:40,9.33,0.0,5,4665,卖盘,603313,2025-10-17 22:54:48
11:14:52,9.33,0.0,3,2799,卖盘,603313,2025-10-17 22:54:48
11:15:13,9.33,0.0,30,27990,卖盘,603313,2025-10-17 22:54:48
11:15:16,9.33,0.0,8,7464,卖盘,603313,2025-10-17 22:54:48
11:15:28,9.33,0.0,4,3732,卖盘,603313,2025-10-17 22:54:48
11:15:37,9.33,0.0,11,10263,卖盘,603313,2025-10-17 22:54:48
11:15:40,9.33,0.0,4,3732,卖盘,603313,2025-10-17 22:54:48
11:15:49,9.33,0.0,10,9330,卖盘,603313,2025-10-17 22:54:48
11:16:13,9.33,0.0,2,1866,卖盘,603313,2025-10-17 22:54:48
11:16:40,9.33,0.0,1,933,卖盘,603313,2025-10-17 22:54:48
11:17:40,9.33,0.0,63,58779,卖盘,603313,2025-10-17 22:54:48
11:17:43,9.33,0.0,2,1866,卖盘,603313,2025-10-17 22:54:48
11:18:01,9.33,0.0,2,1866,卖盘,603313,2025-10-17 22:54:48
11:18:25,9.33,0.0,18,16794,卖盘,603313,2025-10-17 22:54:48
11:18:31,9.33,0.0,5,4665,卖盘,603313,2025-10-17 22:54:48
11:18:37,9.33,0.0,3,2799,卖盘,603313,2025-10-17 22:54:48
11:18:43,9.33,0.0,4,3732,卖盘,603313,2025-10-17 22:54:48
11:18:55,9.33,0.0,8,7464,卖盘,603313,2025-10-17 22:54:48
11:20:10,9.33,0.0,30,27990,卖盘,603313,2025-10-17 22:54:48
11:20:13,9.33,0.0,40,37320,卖盘,603313,2025-10-17 22:54:48
11:20:34,9.33,0.0,5,4665,卖盘,603313,2025-10-17 22:54:48
11:21:55,9.33,0.0,1,933,卖盘,603313,2025-10-17 22:54:48
11:22:34,9.33,0.0,42,39186,卖盘,603313,2025-10-17 22:54:48
11:22:46,9.33,0.0,1,933,卖盘,603313,2025-10-17 22:54:48
11:22:49,9.33,0.0,20,18660,卖盘,603313,2025-10-17 22:54:48
11:23:19,9.33,0.0,34,31722,卖盘,603313,2025-10-17 22:54:48
11:23:52,9.33,0.0,8,7464,卖盘,603313,2025-10-17 22:54:48
11:24:07,9.33,0.0,8,7464,卖盘,603313,2025-10-17 22:54:48
11:24:19,9.33,0.0,1,933,卖盘,603313,2025-10-17 22:54:48
11:24:40,9.33,0.0,1,933,卖盘,603313,2025-10-17 22:54:48
11:24:49,9.33,0.0,95,88635,卖盘,603313,2025-10-17 22:54:48
11:24:52,9.33,0.0,1,933,卖盘,603313,2025-10-17 22:54:48
11:25:04,9.33,0.0,3,2799,卖盘,603313,2025-10-17 22:54:48
11:25:19,9.33,0.0,1,933,卖盘,603313,2025-10-17 22:54:48
11:25:25,9.33,0.0,5,4665,卖盘,603313,2025-10-17 22:54:48
11:25:34,9.33,0.0,8,7464,卖盘,603313,2025-10-17 22:54:48
11:25:43,9.33,0.0,2,1866,卖盘,603313,2025-10-17 22:54:48
11:25:46,9.33,0.0,5,4665,卖盘,603313,2025-10-17 22:54:48
11:26:34,9.33,0.0,2,1866,卖盘,603313,2025-10-17 22:54:48
11:26:40,9.33,0.0,1,933,卖盘,603313,2025-10-17 22:54:48
11:27:04,9.33,0.0,13,12129,卖盘,603313,2025-10-17 22:54:48
11:27:07,9.33,0.0,12,11196,卖盘,603313,2025-10-17 22:54:48
11:27:13,9.33,0.0,1,933,卖盘,603313,2025-10-17 22:54:48
11:27:16,9.33,0.0,1,933,卖盘,603313,2025-10-17 22:54:48
11:27:28,9.33,0.0,3,2799,卖盘,603313,2025-10-17 22:54:48
11:27:34,9.33,0.0,10,9330,卖盘,603313,2025-10-17 22:54:48
11:27:40,9.33,0.0,2,1866,卖盘,603313,2025-10-17 22:54:48
11:27:43,9.33,0.0,9,8397,卖盘,603313,2025-10-17 22:54:48
11:27:49,9.33,0.0,29,27057,卖盘,603313,2025-10-17 22:54:48
11:27:55,9.33,0.0,2,1866,卖盘,603313,2025-10-17 22:54:48
11:28:16,9.33,0.0,1,933,卖盘,603313,2025-10-17 22:54:48
11:28:43,9.33,0.0,4,3732,卖盘,603313,2025-10-17 22:54:48
11:28:55,9.33,0.0,1,933,卖盘,603313,2025-10-17 22:54:48
11:28:58,9.33,0.0,1,933,卖盘,603313,2025-10-17 22:54:48
11:29:10,9.33,0.0,7,6531,卖盘,603313,2025-10-17 22:54:48
11:29:43,9.33,0.0,25,23325,卖盘,603313,2025-10-17 22:54:48
13:00:01,9.33,0.0,2,1866,卖盘,603313,2025-10-17 22:54:48
13:00:04,9.33,0.0,158,147414,卖盘,603313,2025-10-17 22:54:48
13:00:07,9.33,0.0,178,166074,卖盘,603313,2025-10-17 22:54:48
13:00:10,9.33,0.0,159,148347,卖盘,603313,2025-10-17 22:54:48
13:00:13,9.33,0.0,167,155811,卖盘,603313,2025-10-17 22:54:48
13:00:16,9.33,0.0,35,32655,卖盘,603313,2025-10-17 22:54:48
13:00:19,9.33,0.0,62,57846,卖盘,603313,2025-10-17 22:54:48
13:00:40,9.33,0.0,7,6531,卖盘,603313,2025-10-17 22:54:48
13:00:49,9.33,0.0,4,3732,卖盘,603313,2025-10-17 22:54:48
13:00:52,9.33,0.0,3,2799,卖盘,603313,2025-10-17 22:54:48
13:01:04,9.33,0.0,200,186600,卖盘,603313,2025-10-17 22:54:48
13:01:07,9.33,0.0,4,3732,卖盘,603313,2025-10-17 22:54:48
13:01:10,9.33,0.0,53,49449,卖盘,603313,2025-10-17 22:54:48
13:01:40,9.33,0.0,50,46650,卖盘,603313,2025-10-17 22:54:48
13:01:55,9.33,0.0,5,4665,卖盘,603313,2025-10-17 22:54:48
13:01:58,9.33,0.0,3,2799,卖盘,603313,2025-10-17 22:54:48
13:02:01,9.33,0.0,5,4665,卖盘,603313,2025-10-17 22:54:48
13:02:10,9.33,0.0,2,1866,卖盘,603313,2025-10-17 22:54:48
13:02:16,9.33,0.0,1,933,卖盘,603313,2025-10-17 22:54:48
13:02:22,9.33,0.0,20,18660,卖盘,603313,2025-10-17 22:54:48
13:02:31,9.33,0.0,2,1866,卖盘,603313,2025-10-17 22:54:48
13:02:37,9.33,0.0,4,3732,卖盘,603313,2025-10-17 22:54:48
13:03:55,9.33,0.0,25,23325,卖盘,603313,2025-10-17 22:54:48
13:03:58,9.33,0.0,60,55980,卖盘,603313,2025-10-17 22:54:48
13:04:04,9.33,0.0,10,9330,卖盘,603313,2025-10-17 22:54:48
13:04:10,9.33,0.0,6,5598,卖盘,603313,2025-10-17 22:54:48
13:04:40,9.33,0.0,118,110094,卖盘,603313,2025-10-17 22:54:48
13:04:43,9.33,0.0,29,27057,卖盘,603313,2025-10-17 22:54:48
13:04:58,9.33,0.0,2,1866,卖盘,603313,2025-10-17 22:54:48
13:05:01,9.33,0.0,9,7977,卖盘,603313,2025-10-17 22:54:48
13:05:07,9.33,0.0,2,1866,卖盘,603313,2025-10-17 22:54:48
13:05:19,9.33,0.0,57,53181,卖盘,603313,2025-10-17 22:54:48
13:05:22,9.33,0.0,1,933,卖盘,603313,2025-10-17 22:54:48
13:06:52,9.33,0.0,1,933,卖盘,603313,2025-10-17 22:54:48
13:06:55,9.33,0.0,2,1866,卖盘,603313,2025-10-17 22:54:48
13:07:13,9.33,0.0,20,18660,卖盘,603313,2025-10-17 22:54:48
13:07:19,9.33,0.0,20,18660,卖盘,603313,2025-10-17 22:54:48
13:07:37,9.33,0.0,1,933,卖盘,603313,2025-10-17 22:54:48
13:07:58,9.33,0.0,44,41052,卖盘,603313,2025-10-17 22:54:48
13:08:10,9.33,0.0,4,3732,卖盘,603313,2025-10-17 22:54:48
13:08:13,9.33,0.0,20,18660,卖盘,603313,2025-10-17 22:54:48
13:08:22,9.33,0.0,1,933,卖盘,603313,2025-10-17 22:54:48
13:08:28,9.33,0.0,31,28923,卖盘,603313,2025-10-17 22:54:48
13:08:34,9.33,0.0,2,1866,卖盘,603313,2025-10-17 22:54:48
13:09:01,9.33,0.0,14,13062,卖盘,603313,2025-10-17 22:54:48
13:09:25,9.33,0.0,4,3732,卖盘,603313,2025-10-17 22:54:48
13:09:37,9.33,0.0,10,9330,卖盘,603313,2025-10-17 22:54:48
13:09:49,9.33,0.0,130,121290,卖盘,603313,2025-10-17 22:54:48
13:10:40,9.33,0.0,21,19593,卖盘,603313,2025-10-17 22:54:48
13:10:46,9.33,0.0,40,37320,卖盘,603313,2025-10-17 22:54:48
13:10:55,9.33,0.0,3,2799,卖盘,603313,2025-10-17 22:54:48
13:10:58,9.33,0.0,27,25191,卖盘,603313,2025-10-17 22:54:48
13:11:04,9.33,0.0,10,9330,卖盘,603313,2025-10-17 22:54:48
13:11:13,9.33,0.0,2,1866,卖盘,603313,2025-10-17 22:54:48
13:11:19,9.33,0.0,5,4665,卖盘,603313,2025-10-17 22:54:48
13:11:28,9.33,0.0,4,3732,卖盘,603313,2025-10-17 22:54:48
13:11:43,9.33,0.0,2,1866,卖盘,603313,2025-10-17 22:54:48
13:11:46,9.33,0.0,13,12129,卖盘,603313,2025-10-17 22:54:48
13:11:49,9.33,0.0,40,37320,卖盘,603313,2025-10-17 22:54:48
13:11:58,9.33,0.0,30,27990,卖盘,603313,2025-10-17 22:54:48
13:12:04,9.33,0.0,100,93300,卖盘,603313,2025-10-17 22:54:48
13:12:25,9.33,0.0,5,4665,卖盘,603313,2025-10-17 22:54:48
13:12:37,9.33,0.0,15,13995,卖盘,603313,2025-10-17 22:54:48
13:12:40,9.33,0.0,1,933,卖盘,603313,2025-10-17 22:54:48
13:12:43,9.33,0.0,10,9330,卖盘,603313,2025-10-17 22:54:48
13:12:52,9.33,0.0,15,13995,卖盘,603313,2025-10-17 22:54:48
13:13:04,9.33,0.0,3,2799,卖盘,603313,2025-10-17 22:54:48
13:13:07,9.33,0.0,6,5598,卖盘,603313,2025-10-17 22:54:48
13:13:10,9.33,0.0,10,9330,卖盘,603313,2025-10-17 22:54:48
13:13:22,9.33,0.0,15,13995,卖盘,603313,2025-10-17 22:54:48
13:13:28,9.33,0.0,57,53181,卖盘,603313,2025-10-17 22:54:48
13:13:37,9.33,0.0,4,3732,卖盘,603313,2025-10-17 22:54:48
13:14:04,9.33,0.0,6,5598,卖盘,603313,2025-10-17 22:54:48
13:14:25,9.33,0.0,10,9330,卖盘,603313,2025-10-17 22:54:48
13:14:40,9.33,0.0,36,33588,卖盘,603313,2025-10-17 22:54:48
13:14:49,9.33,0.0,35,32655,卖盘,603313,2025-10-17 22:54:48
13:15:01,9.33,0.0,60,55980,卖盘,603313,2025-10-17 22:54:48
13:15:19,9.33,0.0,10,9330,卖盘,603313,2025-10-17 22:54:48
13:15:43,9.33,0.0,4,3732,卖盘,603313,2025-10-17 22:54:48
13:16:13,9.33,0.0,2,1866,卖盘,603313,2025-10-17 22:54:48
13:16:19,9.33,0.0,20,18660,卖盘,603313,2025-10-17 22:54:48
13:16:28,9.33,0.0,30,27990,卖盘,603313,2025-10-17 22:54:48
13:16:37,9.33,0.0,10,9330,卖盘,603313,2025-10-17 22:54:48
13:16:46,9.33,0.0,11,10263,卖盘,603313,2025-10-17 22:54:48
13:17:04,9.33,0.0,3,2799,卖盘,603313,2025-10-17 22:54:48
13:17:25,9.33,0.0,1,933,卖盘,603313,2025-10-17 22:54:48
13:18:10,9.33,0.0,10,9330,卖盘,603313,2025-10-17 22:54:48
13:18:25,9.33,0.0,2,1866,卖盘,603313,2025-10-17 22:54:48
13:18:55,9.33,0.0,100,93300,卖盘,603313,2025-10-17 22:54:48
13:19:10,9.33,0.0,1,933,卖盘,603313,2025-10-17 22:54:48
13:19:34,9.33,0.0,1,933,卖盘,603313,2025-10-17 22:54:48
13:20:31,9.33,0.0,5,4665,卖盘,603313,2025-10-17 22:54:48
13:20:34,9.33,0.0,2,1866,卖盘,603313,2025-10-17 22:54:48
13:21:46,9.33,0.0,60,55980,卖盘,603313,2025-10-17 22:54:48
13:21:49,9.33,0.0,1,933,卖盘,603313,2025-10-17 22:54:48
13:21:55,9.33,0.0,12,11196,卖盘,603313,2025-10-17 22:54:48
13:22:22,9.33,0.0,50,46650,卖盘,603313,2025-10-17 22:54:48
13:22:28,9.33,0.0,16,14928,卖盘,603313,2025-10-17 22:54:48
13:22:49,9.33,0.0,2,1866,卖盘,603313,2025-10-17 22:54:48
13:23:04,9.33,0.0,50,46650,卖盘,603313,2025-10-17 22:54:48
13:23:10,9.33,0.0,1,933,卖盘,603313,2025-10-17 22:54:48
13:24:10,9.33,0.0,30,27990,卖盘,603313,2025-10-17 22:54:48
13:24:19,9.33,0.0,3,2799,卖盘,603313,2025-10-17 22:54:48
13:24:28,9.33,0.0,6,5598,卖盘,603313,2025-10-17 22:54:48
13:25:01,9.33,0.0,1,933,卖盘,603313,2025-10-17 22:54:48
13:25:34,9.33,0.0,31,28923,卖盘,603313,2025-10-17 22:54:48
13:25:46,9.33,0.0,2,1866,卖盘,603313,2025-10-17 22:54:48
13:27:25,9.33,0.0,16,14928,卖盘,603313,2025-10-17 22:54:48
13:27:46,9.33,0.0,2,1866,卖盘,603313,2025-10-17 22:54:48
13:28:07,9.33,0.0,4,3732,卖盘,603313,2025-10-17 22:54:48
13:28:43,9.33,0.0,14,13062,卖盘,603313,2025-10-17 22:54:48
13:29:19,9.33,0.0,4,4106,卖盘,603313,2025-10-17 22:54:48
13:29:25,9.33,0.0,3,2799,卖盘,603313,2025-10-17 22:54:48
13:29:40,9.33,0.0,1,933,卖盘,603313,2025-10-17 22:54:48
13:30:07,9.33,0.0,2,1866,卖盘,603313,2025-10-17 22:54:48
13:30:28,9.33,0.0,7,6531,卖盘,603313,2025-10-17 22:54:48
13:30:46,9.33,0.0,5,4665,卖盘,603313,2025-10-17 22:54:48
13:31:43,9.33,0.0,17,15767,卖盘,603313,2025-10-17 22:54:48
13:33:13,9.33,0.0,5,4665,卖盘,603313,2025-10-17 22:54:48
13:34:16,9.33,0.0,2,1866,卖盘,603313,2025-10-17 22:54:48
13:34:37,9.33,0.0,1002,934866,卖盘,603313,2025-10-17 22:54:48
13:35:01,9.33,0.0,12,11196,卖盘,603313,2025-10-17 22:54:48
13:35:55,9.33,0.0,17,15861,卖盘,603313,2025-10-17 22:54:48
13:36:31,9.33,0.0,32,29856,卖盘,603313,2025-10-17 22:54:48
13:36:46,9.33,0.0,6,5598,卖盘,603313,2025-10-17 22:54:48
13:36:49,9.33,0.0,1,933,卖盘,603313,2025-10-17 22:54:48
13:36:52,9.33,0.0,16,14928,卖盘,603313,2025-10-17 22:54:48
13:36:58,9.33,0.0,21,19593,卖盘,603313,2025-10-17 22:54:48
13:37:25,9.33,0.0,16,14928,卖盘,603313,2025-10-17 22:54:48
13:38:43,9.33,0.0,60,55980,卖盘,603313,2025-10-17 22:54:48
13:38:49,9.33,0.0,6,5598,卖盘,603313,2025-10-17 22:54:48
13:38:55,9.33,0.0,1,933,卖盘,603313,2025-10-17 22:54:48
13:39:31,9.33,0.0,3,2799,卖盘,603313,2025-10-17 22:54:48
13:39:58,9.33,0.0,2,1866,卖盘,603313,2025-10-17 22:54:48
13:40:13,9.33,0.0,20,18660,卖盘,603313,2025-10-17 22:54:48
13:40:16,9.33,0.0,11,10263,卖盘,603313,2025-10-17 22:54:48
13:40:22,9.33,0.0,194,181002,卖盘,603313,2025-10-17 22:54:48
13:40:40,9.33,0.0,1,933,卖盘,603313,2025-10-17 22:54:48
13:41:37,9.33,0.0,40,37320,卖盘,603313,2025-10-17 22:54:48
13:41:40,9.33,0.0,1,933,卖盘,603313,2025-10-17 22:54:48
13:41:43,9.33,0.0,16,14928,卖盘,603313,2025-10-17 22:54:48
13:41:46,9.33,0.0,22,20526,卖盘,603313,2025-10-17 22:54:48
13:41:49,9.33,0.0,2,1866,卖盘,603313,2025-10-17 22:54:48
13:42:10,9.33,0.0,9,8397,卖盘,603313,2025-10-17 22:54:48
13:42:37,9.33,0.0,2,1866,卖盘,603313,2025-10-17 22:54:48
13:42:49,9.33,0.0,10,9330,卖盘,603313,2025-10-17 22:54:48
13:42:52,9.33,0.0,1,933,卖盘,603313,2025-10-17 22:54:48
13:43:25,9.33,0.0,3,2799,卖盘,603313,2025-10-17 22:54:48
13:44:01,9.33,0.0,1,933,卖盘,603313,2025-10-17 22:54:48
13:44:10,9.33,0.0,4,3732,卖盘,603313,2025-10-17 22:54:48
13:45:04,9.33,0.0,2,1866,卖盘,603313,2025-10-17 22:54:48
13:45:13,9.33,0.0,3,2594,卖盘,603313,2025-10-17 22:54:48
13:45:37,9.33,0.0,4,3732,卖盘,603313,2025-10-17 22:54:48
13:46:07,9.33,0.0,1,933,卖盘,603313,2025-10-17 22:54:48
13:46:28,9.33,0.0,3,2799,卖盘,603313,2025-10-17 22:54:48
13:46:58,9.33,0.0,5,4665,卖盘,603313,2025-10-17 22:54:48
13:47:19,9.33,0.0,10,9330,卖盘,603313,2025-10-17 22:54:48
13:48:07,9.33,0.0,8,7464,卖盘,603313,2025-10-17 22:54:48
13:48:49,9.33,0.0,24,22392,卖盘,603313,2025-10-17 22:54:48
13:49:52,9.33,0.0,4,3732,卖盘,603313,2025-10-17 22:54:48
13:51:01,9.33,0.0,200,186600,卖盘,603313,2025-10-17 22:54:48
13:51:37,9.33,0.0,5,4665,卖盘,603313,2025-10-17 22:54:48
13:51:46,9.33,0.0,6,5598,卖盘,603313,2025-10-17 22:54:48
13:51:49,9.33,0.0,7,6531,卖盘,603313,2025-10-17 22:54:48
13:52:01,9.33,0.0,32,29856,卖盘,603313,2025-10-17 22:54:48
13:52:22,9.33,0.0,3,2799,卖盘,603313,2025-10-17 22:54:48
13:52:25,9.33,0.0,25,23325,卖盘,603313,2025-10-17 22:54:48
13:53:22,9.33,0.0,53,49449,卖盘,603313,2025-10-17 22:54:48
13:53:37,9.33,0.0,1,933,卖盘,603313,2025-10-17 22:54:48
13:53:40,9.33,0.0,6,5598,卖盘,603313,2025-10-17 22:54:48
13:54:13,9.33,0.0,5,4665,卖盘,603313,2025-10-17 22:54:48
13:55:16,9.33,0.0,81,75573,卖盘,603313,2025-10-17 22:54:48
13:55:31,9.33,0.0,90,83970,卖盘,603313,2025-10-17 22:54:48
13:55:34,9.33,0.0,12,11196,卖盘,603313,2025-10-17 22:54:48
13:56:10,9.33,0.0,60,55980,卖盘,603313,2025-10-17 22:54:48
13:56:43,9.33,0.0,8,7464,卖盘,603313,2025-10-17 22:54:48
13:57:07,9.33,0.0,2,1866,卖盘,603313,2025-10-17 22:54:48
13:57:16,9.33,0.0,30,27990,卖盘,603313,2025-10-17 22:54:48
13:57:25,9.33,0.0,59,55047,卖盘,603313,2025-10-17 22:54:48
13:57:34,9.33,0.0,3,2799,卖盘,603313,2025-10-17 22:54:48
13:57:40,9.33,0.0,20,18660,卖盘,603313,2025-10-17 22:54:48
13:57:55,9.33,0.0,30,27990,卖盘,603313,2025-10-17 22:54:48
13:58:13,9.33,0.0,2,1866,卖盘,603313,2025-10-17 22:54:48
13:59:04,9.33,0.0,5,4665,卖盘,603313,2025-10-17 22:54:48
13:59:07,9.33,0.0,20,18660,卖盘,603313,2025-10-17 22:54:48
14:00:04,9.33,0.0,10,9330,卖盘,603313,2025-10-17 22:54:48
14:00:40,9.33,0.0,4,3732,卖盘,603313,2025-10-17 22:54:48
14:00:49,9.33,0.0,55,51315,卖盘,603313,2025-10-17 22:54:48
14:00:55,9.33,0.0,1,933,卖盘,603313,2025-10-17 22:54:48
14:01:04,9.33,0.0,2,1866,卖盘,603313,2025-10-17 22:54:48
14:01:22,9.33,0.0,2,1866,卖盘,603313,2025-10-17 22:54:48
14:01:34,9.33,0.0,10,9330,卖盘,603313,2025-10-17 22:54:48
14:02:22,9.33,0.0,10,9330,卖盘,603313,2025-10-17 22:54:48
14:02:49,9.33,0.0,110,102630,卖盘,603313,2025-10-17 22:54:48
14:03:07,9.33,0.0,2,1866,卖盘,603313,2025-10-17 22:54:48
14:03:25,9.33,0.0,16,14928,卖盘,603313,2025-10-17 22:54:48
14:03:46,9.33,0.0,1,933,卖盘,603313,2025-10-17 22:54:48
14:04:07,9.33,0.0,27,25191,卖盘,603313,2025-10-17 22:54:48
14:04:10,9.33,0.0,20,18660,卖盘,603313,2025-10-17 22:54:48
14:04:28,9.33,0.0,24,22392,卖盘,603313,2025-10-17 22:54:48
14:05:16,9.33,0.0,2,1866,卖盘,603313,2025-10-17 22:54:48
14:05:46,9.33,0.0,11,10263,卖盘,603313,2025-10-17 22:54:48
14:06:10,9.33,0.0,3,2799,卖盘,603313,2025-10-17 22:54:48
14:06:13,9.33,0.0,10,9330,卖盘,603313,2025-10-17 22:54:48
14:06:19,9.33,0.0,16,14928,卖盘,603313,2025-10-17 22:54:48
14:06:28,9.33,0.0,1,933,卖盘,603313,2025-10-17 22:54:48
14:06:43,9.33,0.0,1,933,卖盘,603313,2025-10-17 22:54:48
14:07:01,9.33,0.0,1,933,卖盘,603313,2025-10-17 22:54:48
14:07:13,9.33,0.0,10,9330,卖盘,603313,2025-10-17 22:54:48
14:07:31,9.33,0.0,27,25191,卖盘,603313,2025-10-17 22:54:48
14:08:01,9.33,0.0,17,15768,卖盘,603313,2025-10-17 22:54:48
14:08:16,9.33,0.0,2,1866,卖盘,603313,2025-10-17 22:54:48
14:09:49,9.33,0.0,10,9330,卖盘,603313,2025-10-17 22:54:48
14:10:13,9.33,0.0,9,8397,卖盘,603313,2025-10-17 22:54:48
14:11:10,9.33,0.0,6,5598,卖盘,603313,2025-10-17 22:54:48
14:11:55,9.33,0.0,10,9330,卖盘,603313,2025-10-17 22:54:48
14:12:10,9.33,0.0,10,9330,卖盘,603313,2025-10-17 22:54:48
14:12:13,9.33,0.0,25,23325,卖盘,603313,2025-10-17 22:54:48
14:13:01,9.33,0.0,10,9330,卖盘,603313,2025-10-17 22:54:48
14:13:04,9.33,0.0,5,4665,卖盘,603313,2025-10-17 22:54:48
14:13:16,9.33,0.0,11,10263,卖盘,603313,2025-10-17 22:54:48
14:13:46,9.33,0.0,7,6531,卖盘,603313,2025-10-17 22:54:48
14:13:52,9.33,0.0,1,933,卖盘,603313,2025-10-17 22:54:48
14:13:58,9.33,0.0,4,3732,卖盘,603313,2025-10-17 22:54:48
14:14:13,9.33,0.0,5,4665,卖盘,603313,2025-10-17 22:54:48
14:14:19,9.33,0.0,1,933,卖盘,603313,2025-10-17 22:54:48
14:14:31,9.33,0.0,1,933,卖盘,603313,2025-10-17 22:54:48
14:14:37,9.33,0.0,20,18660,卖盘,603313,2025-10-17 22:54:48
14:15:22,9.33,0.0,14,13062,卖盘,603313,2025-10-17 22:54:48
14:15:34,9.33,0.0,55,51315,卖盘,603313,2025-10-17 22:54:48
14:15:43,9.33,0.0,3,2799,卖盘,603313,2025-10-17 22:54:48
14:15:55,9.33,0.0,26,24258,卖盘,603313,2025-10-17 22:54:48
14:16:04,9.33,0.0,28,26124,卖盘,603313,2025-10-17 22:54:48
14:16:19,9.33,0.0,25,23325,卖盘,603313,2025-10-17 22:54:48
14:16:25,9.33,0.0,4,3732,卖盘,603313,2025-10-17 22:54:48
14:17:22,9.33,0.0,1,933,卖盘,603313,2025-10-17 22:54:48
14:17:28,9.33,0.0,4,3265,卖盘,603313,2025-10-17 22:54:48
14:17:43,9.33,0.0,5,4665,卖盘,603313,2025-10-17 22:54:48
14:17:52,9.33,0.0,1,933,卖盘,603313,2025-10-17 22:54:48
14:18:07,9.33,0.0,25,23325,卖盘,603313,2025-10-17 22:54:48
14:19:04,9.33,0.0,1,933,卖盘,603313,2025-10-17 22:54:48
14:19:19,9.33,0.0,5,4665,卖盘,603313,2025-10-17 22:54:48
14:19:25,9.33,0.0,70,65310,卖盘,603313,2025-10-17 22:54:48
14:19:46,9.33,0.0,2,1866,卖盘,603313,2025-10-17 22:54:48
14:19:52,9.33,0.0,25,23325,卖盘,603313,2025-10-17 22:54:48
14:19:55,9.33,0.0,1,933,卖盘,603313,2025-10-17 22:54:48
14:20:07,9.33,0.0,12,11196,卖盘,603313,2025-10-17 22:54:48
14:20:10,9.33,0.0,51,47583,卖盘,603313,2025-10-17 22:54:48
14:20:46,9.33,0.0,10,9330,卖盘,603313,2025-10-17 22:54:48
14:20:49,9.33,0.0,10,9330,卖盘,603313,2025-10-17 22:54:48
14:21:22,9.33,0.0,21,19593,卖盘,603313,2025-10-17 22:54:48
14:21:34,9.33,0.0,16,14928,卖盘,603313,2025-10-17 22:54:48
14:21:52,9.33,0.0,30,27990,卖盘,603313,2025-10-17 22:54:48
14:22:19,9.33,0.0,10,9330,卖盘,603313,2025-10-17 22:54:48
14:22:28,9.33,0.0,50,46650,卖盘,603313,2025-10-17 22:54:48
14:22:46,9.33,0.0,20,18660,卖盘,603313,2025-10-17 22:54:48
14:23:01,9.33,0.0,50,46650,卖盘,603313,2025-10-17 22:54:48
14:23:07,9.33,0.0,14,13062,卖盘,603313,2025-10-17 22:54:48
14:23:28,9.33,0.0,70,65310,卖盘,603313,2025-10-17 22:54:48
14:23:46,9.33,0.0,30,27990,卖盘,603313,2025-10-17 22:54:48
14:24:04,9.33,0.0,6,5598,卖盘,603313,2025-10-17 22:54:48
14:24:07,9.33,0.0,3,2799,卖盘,603313,2025-10-17 22:54:48
14:24:16,9.33,0.0,80,74640,卖盘,603313,2025-10-17 22:54:48
14:24:40,9.33,0.0,10,9330,卖盘,603313,2025-10-17 22:54:48
14:25:01,9.33,0.0,2,1866,卖盘,603313,2025-10-17 22:54:48
14:25:16,9.33,0.0,5,4665,卖盘,603313,2025-10-17 22:54:48
14:25:19,9.33,0.0,20,18660,卖盘,603313,2025-10-17 22:54:48
14:25:34,9.33,0.0,60,55980,卖盘,603313,2025-10-17 22:54:48
14:25:49,9.33,0.0,5,4665,卖盘,603313,2025-10-17 22:54:48
14:25:55,9.33,0.0,10,9330,卖盘,603313,2025-10-17 22:54:48
14:26:04,9.33,0.0,3,2799,卖盘,603313,2025-10-17 22:54:48
14:26:13,9.33,0.0,100,93300,卖盘,603313,2025-10-17 22:54:48
14:26:19,9.33,0.0,8,7464,卖盘,603313,2025-10-17 22:54:48
14:26:34,9.33,0.0,5,4665,卖盘,603313,2025-10-17 22:54:48
14:26:46,9.33,0.0,10,9330,卖盘,603313,2025-10-17 22:54:48
14:26:58,9.33,0.0,10,9330,卖盘,603313,2025-10-17 22:54:48
14:27:16,9.33,0.0,20,18660,卖盘,603313,2025-10-17 22:54:48
14:27:28,9.33,0.0,4,3732,卖盘,603313,2025-10-17 22:54:48
14:27:49,9.33,0.0,13,12129,卖盘,603313,2025-10-17 22:54:48
14:27:55,9.33,0.0,6,5598,卖盘,603313,2025-10-17 22:54:48
14:28:40,9.33,0.0,30,27990,卖盘,603313,2025-10-17 22:54:48
14:29:07,9.33,0.0,5,4665,卖盘,603313,2025-10-17 22:54:48
14:29:13,9.33,0.0,5,4665,卖盘,603313,2025-10-17 22:54:48
14:29:22,9.33,0.0,107,99831,卖盘,603313,2025-10-17 22:54:48
14:29:34,9.33,0.0,63,58779,卖盘,603313,2025-10-17 22:54:48
14:29:46,9.33,0.0,10,9330,卖盘,603313,2025-10-17 22:54:48
14:30:04,9.33,0.0,7,6531,卖盘,603313,2025-10-17 22:54:48
14:30:25,9.33,0.0,15,13995,卖盘,603313,2025-10-17 22:54:48
14:30:28,9.33,0.0,2,1866,卖盘,603313,2025-10-17 22:54:48
14:30:34,9.33,0.0,4,3732,卖盘,603313,2025-10-17 22:54:48
14:30:37,9.33,0.0,11,10263,卖盘,603313,2025-10-17 22:54:48
14:30:40,9.33,0.0,10,9330,卖盘,603313,2025-10-17 22:54:48
14:30:46,9.33,0.0,3,2799,卖盘,603313,2025-10-17 22:54:48
14:30:52,9.33,0.0,5,4665,卖盘,603313,2025-10-17 22:54:48
14:30:55,9.33,0.0,5,4665,卖盘,603313,2025-10-17 22:54:48
14:31:01,9.33,0.0,60,55980,卖盘,603313,2025-10-17 22:54:48
14:31:10,9.33,0.0,20,18660,卖盘,603313,2025-10-17 22:54:48
14:32:19,9.33,0.0,1,933,卖盘,603313,2025-10-17 22:54:48
14:32:22,9.33,0.0,50,46650,卖盘,603313,2025-10-17 22:54:48
14:32:37,9.33,0.0,30,27990,卖盘,603313,2025-10-17 22:54:48
14:32:55,9.33,0.0,101,94233,卖盘,603313,2025-10-17 22:54:48
14:33:07,9.33,0.0,221,206193,卖盘,603313,2025-10-17 22:54:48
14:33:10,9.33,0.0,1,933,卖盘,603313,2025-10-17 22:54:48
14:33:34,9.33,0.0,79,73707,卖盘,603313,2025-10-17 22:54:48
14:33:58,9.33,0.0,110,102630,卖盘,603313,2025-10-17 22:54:48
14:34:22,9.33,0.0,125,116625,卖盘,603313,2025-10-17 22:54:48
14:34:40,9.33,0.0,22,20526,卖盘,603313,2025-10-17 22:54:48
14:34:52,9.33,0.0,2,1866,卖盘,603313,2025-10-17 22:54:48
14:35:10,9.33,0.0,20,18660,卖盘,603313,2025-10-17 22:54:48
14:35:22,9.33,0.0,1,933,卖盘,603313,2025-10-17 22:54:48
14:35:25,9.33,0.0,10,9330,卖盘,603313,2025-10-17 22:54:48
14:35:43,9.33,0.0,24,22392,卖盘,603313,2025-10-17 22:54:48
14:35:46,9.33,0.0,4,3732,卖盘,603313,2025-10-17 22:54:48
14:36:13,9.33,0.0,3,2799,卖盘,603313,2025-10-17 22:54:48
14:36:22,9.33,0.0,30,27990,卖盘,603313,2025-10-17 22:54:48
14:36:28,9.33,0.0,40,37320,卖盘,603313,2025-10-17 22:54:48
14:36:43,9.33,0.0,22,20526,卖盘,603313,2025-10-17 22:54:48
14:36:46,9.33,0.0,20,18660,卖盘,603313,2025-10-17 22:54:48
14:36:55,9.33,0.0,24,22392,卖盘,603313,2025-10-17 22:54:48
14:37:01,9.33,0.0,60,55980,卖盘,603313,2025-10-17 22:54:48
14:37:04,9.33,0.0,36,33588,卖盘,603313,2025-10-17 22:54:48
14:37:07,9.33,0.0,10,9330,卖盘,603313,2025-10-17 22:54:48
14:37:13,9.33,0.0,25,23045,卖盘,603313,2025-10-17 22:54:48
14:37:28,9.33,0.0,5,4665,卖盘,603313,2025-10-17 22:54:48
14:37:31,9.33,0.0,1,933,卖盘,603313,2025-10-17 22:54:48
14:37:49,9.33,0.0,30,27990,卖盘,603313,2025-10-17 22:54:48
14:37:55,9.33,0.0,30,27990,卖盘,603313,2025-10-17 22:54:48
14:38:13,9.33,0.0,3,2799,卖盘,603313,2025-10-17 22:54:48
14:38:28,9.33,0.0,225,209925,卖盘,603313,2025-10-17 22:54:48
14:38:40,9.33,0.0,52,48516,卖盘,603313,2025-10-17 22:54:48
14:38:43,9.33,0.0,6,5598,卖盘,603313,2025-10-17 22:54:48
14:38:55,9.33,0.0,24,22392,卖盘,603313,2025-10-17 22:54:48
14:39:07,9.33,0.0,15,13995,卖盘,603313,2025-10-17 22:54:48
14:39:16,9.33,0.0,4,3732,卖盘,603313,2025-10-17 22:54:48
14:39:25,9.33,0.0,30,27990,卖盘,603313,2025-10-17 22:54:48
14:39:31,9.33,0.0,1,933,卖盘,603313,2025-10-17 22:54:48
14:39:34,9.33,0.0,15,13995,卖盘,603313,2025-10-17 22:54:48
14:39:46,9.33,0.0,125,116625,卖盘,603313,2025-10-17 22:54:48
14:39:55,9.33,0.0,372,347076,卖盘,603313,2025-10-17 22:54:48
14:40:10,9.33,0.0,3,2799,卖盘,603313,2025-10-17 22:54:48
14:40:16,9.33,0.0,49,45717,卖盘,603313,2025-10-17 22:54:48
14:40:25,9.33,0.0,1,933,卖盘,603313,2025-10-17 22:54:48
14:40:28,9.33,0.0,29,27057,卖盘,603313,2025-10-17 22:54:48
14:40:34,9.33,0.0,5,4665,卖盘,603313,2025-10-17 22:54:48
14:40:37,9.33,0.0,74,69042,卖盘,603313,2025-10-17 22:54:48
14:40:40,9.33,0.0,10,9330,卖盘,603313,2025-10-17 22:54:48
14:40:58,9.33,0.0,5,4665,卖盘,603313,2025-10-17 22:54:48
14:41:07,9.33,0.0,1,933,卖盘,603313,2025-10-17 22:54:48
14:41:10,9.33,0.0,100,93300,卖盘,603313,2025-10-17 22:54:48
14:41:16,9.33,0.0,3,2799,卖盘,603313,2025-10-17 22:54:48
14:41:25,9.33,0.0,10,9330,卖盘,603313,2025-10-17 22:54:48
14:41:34,9.33,0.0,30,27990,卖盘,603313,2025-10-17 22:54:48
14:41:43,9.33,0.0,30,27990,卖盘,603313,2025-10-17 22:54:48
14:41:49,9.33,0.0,10,9330,卖盘,603313,2025-10-17 22:54:48
14:41:52,9.33,0.0,44,41052,卖盘,603313,2025-10-17 22:54:48
14:42:07,9.33,0.0,100,93300,卖盘,603313,2025-10-17 22:54:48
14:42:10,9.33,0.0,3,2799,卖盘,603313,2025-10-17 22:54:48
14:42:40,9.33,0.0,1,933,卖盘,603313,2025-10-17 22:54:48
14:43:28,9.33,0.0,45,41985,卖盘,603313,2025-10-17 22:54:48
14:44:43,9.33,0.0,1,933,卖盘,603313,2025-10-17 22:54:48
14:44:46,9.33,0.0,5,4665,卖盘,603313,2025-10-17 22:54:48
14:44:55,9.33,0.0,10,9330,卖盘,603313,2025-10-17 22:54:48
14:45:04,9.33,0.0,98,91434,卖盘,603313,2025-10-17 22:54:48
14:45:13,9.33,0.0,17,15861,卖盘,603313,2025-10-17 22:54:48
14:45:16,9.33,0.0,66,61578,卖盘,603313,2025-10-17 22:54:48
14:45:19,9.33,0.0,3,2799,卖盘,603313,2025-10-17 22:54:48
14:45:22,9.33,0.0,28,26124,卖盘,603313,2025-10-17 22:54:48
14:45:37,9.33,0.0,3,2799,卖盘,603313,2025-10-17 22:54:48
14:45:40,9.33,0.0,10,9330,卖盘,603313,2025-10-17 22:54:48
14:45:46,9.33,0.0,5,4665,卖盘,603313,2025-10-17 22:54:48
14:45:58,9.33,0.0,1,933,卖盘,603313,2025-10-17 22:54:48
14:46:04,9.33,0.0,10,9330,卖盘,603313,2025-10-17 22:54:48
14:46:22,9.33,0.0,27,25191,卖盘,603313,2025-10-17 22:54:48
14:46:31,9.33,0.0,30,27990,卖盘,603313,2025-10-17 22:54:48
14:46:46,9.33,0.0,20,18660,卖盘,603313,2025-10-17 22:54:48
14:46:52,9.33,0.0,9,8397,卖盘,603313,2025-10-17 22:54:48
14:47:04,9.33,0.0,10,9330,卖盘,603313,2025-10-17 22:54:48
14:47:31,9.33,0.0,13,12129,卖盘,603313,2025-10-17 22:54:48
14:47:43,9.33,0.0,24,22392,卖盘,603313,2025-10-17 22:54:48
14:47:55,9.33,0.0,1,933,卖盘,603313,2025-10-17 22:54:48
14:48:07,9.33,0.0,5,4665,卖盘,603313,2025-10-17 22:54:48
14:48:10,9.33,0.0,3,2799,卖盘,603313,2025-10-17 22:54:48
14:48:13,9.33,0.0,16,14928,卖盘,603313,2025-10-17 22:54:48
14:48:16,9.33,0.0,50,46650,卖盘,603313,2025-10-17 22:54:48
14:48:31,9.33,0.0,2,1866,卖盘,603313,2025-10-17 22:54:48
14:48:40,9.33,0.0,72,67176,卖盘,603313,2025-10-17 22:54:48
14:49:22,9.33,0.0,7,6531,卖盘,603313,2025-10-17 22:54:48
14:49:37,9.33,0.0,1,933,卖盘,603313,2025-10-17 22:54:48
14:49:43,9.33,0.0,79,73707,卖盘,603313,2025-10-17 22:54:48
14:50:10,9.33,0.0,71,66243,卖盘,603313,2025-10-17 22:54:48
14:50:16,9.33,0.0,25,23325,卖盘,603313,2025-10-17 22:54:48
14:50:25,9.33,0.0,1,933,卖盘,603313,2025-10-17 22:54:48
14:50:31,9.33,0.0,12,11196,卖盘,603313,2025-10-17 22:54:48
14:50:34,9.33,0.0,5,4665,卖盘,603313,2025-10-17 22:54:48
14:50:37,9.33,0.0,74,69042,卖盘,603313,2025-10-17 22:54:48
14:50:43,9.33,0.0,2,1866,卖盘,603313,2025-10-17 22:54:48
14:50:55,9.33,0.0,6,5598,卖盘,603313,2025-10-17 22:54:48
14:51:01,9.33,0.0,4,3732,卖盘,603313,2025-10-17 22:54:48
14:51:07,9.33,0.0,31,28923,卖盘,603313,2025-10-17 22:54:48
14:51:13,9.33,0.0,1,933,卖盘,603313,2025-10-17 22:54:48
14:51:43,9.33,0.0,14,13062,卖盘,603313,2025-10-17 22:54:48
14:51:52,9.33,0.0,13,12129,卖盘,603313,2025-10-17 22:54:48
14:52:34,9.33,0.0,35,32655,卖盘,603313,2025-10-17 22:54:48
14:52:46,9.33,0.0,43,40119,卖盘,603313,2025-10-17 22:54:48
14:53:01,9.33,0.0,17,15861,卖盘,603313,2025-10-17 22:54:48
14:53:04,9.33,0.0,10,9330,卖盘,603313,2025-10-17 22:54:48
14:53:13,9.33,0.0,10,9330,卖盘,603313,2025-10-17 22:54:48
14:53:19,9.33,0.0,2,1866,卖盘,603313,2025-10-17 22:54:48
14:53:31,9.33,0.0,1,933,卖盘,603313,2025-10-17 22:54:48
14:53:37,9.33,0.0,10,9330,卖盘,603313,2025-10-17 22:54:48
14:53:43,9.33,0.0,1,933,卖盘,603313,2025-10-17 22:54:48
14:53:46,9.33,0.0,2,1866,卖盘,603313,2025-10-17 22:54:48
14:53:52,9.33,0.0,2,1866,卖盘,603313,2025-10-17 22:54:48
14:53:55,9.33,0.0,74,69042,卖盘,603313,2025-10-17 22:54:48
14:53:58,9.33,0.0,2,1866,卖盘,603313,2025-10-17 22:54:48
14:54:01,9.33,0.0,4,3732,卖盘,603313,2025-10-17 22:54:48
14:54:04,9.33,0.0,4,3732,卖盘,603313,2025-10-17 22:54:48
14:54:13,9.33,0.0,71,66243,卖盘,603313,2025-10-17 22:54:48
14:54:16,9.33,0.0,10,9330,卖盘,603313,2025-10-17 22:54:48
14:54:19,9.33,0.0,2,1866,卖盘,603313,2025-10-17 22:54:48
14:54:25,9.33,0.0,20,18660,卖盘,603313,2025-10-17 22:54:48
14:54:37,9.33,0.0,132,123156,卖盘,603313,2025-10-17 22:54:48
14:54:40,9.33,0.0,3,2799,卖盘,603313,2025-10-17 22:54:48
14:54:43,9.33,0.0,3,2799,卖盘,603313,2025-10-17 22:54:48
14:54:49,9.33,0.0,5,4665,卖盘,603313,2025-10-17 22:54:48
14:55:01,9.33,0.0,6,5598,卖盘,603313,2025-10-17 22:54:48
14:55:04,9.33,0.0,2,1866,卖盘,603313,2025-10-17 22:54:48
14:55:10,9.33,0.0,12,11196,卖盘,603313,2025-10-17 22:54:48
14:55:13,9.33,0.0,262,244446,卖盘,603313,2025-10-17 22:54:48
14:55:16,9.33,0.0,58,54114,卖盘,603313,2025-10-17 22:54:48
14:55:22,9.33,0.0,2,1866,卖盘,603313,2025-10-17 22:54:48
14:55:25,9.33,0.0,36,33588,卖盘,603313,2025-10-17 22:54:48
14:55:34,9.33,0.0,1,933,卖盘,603313,2025-10-17 22:54:48
14:55:46,9.33,0.0,50,46650,卖盘,603313,2025-10-17 22:54:48
14:55:49,9.33,0.0,10,9330,卖盘,603313,2025-10-17 22:54:48
14:55:52,9.33,0.0,51,47583,卖盘,603313,2025-10-17 22:54:48
14:55:58,9.33,0.0,10,9330,卖盘,603313,2025-10-17 22:54:48
14:56:01,9.33,0.0,11,10263,卖盘,603313,2025-10-17 22:54:48
14:56:10,9.33,0.0,1,933,卖盘,603313,2025-10-17 22:54:48
14:56:22,9.33,0.0,125,116625,卖盘,603313,2025-10-17 22:54:48
14:56:25,9.33,0.0,2,1866,卖盘,603313,2025-10-17 22:54:48
14:56:34,9.33,0.0,20,18660,卖盘,603313,2025-10-17 22:54:48
14:56:40,9.33,0.0,5,4665,卖盘,603313,2025-10-17 22:54:48
14:56:49,9.33,0.0,12,11196,卖盘,603313,2025-10-17 22:54:48
14:56:55,9.33,0.0,50,46650,卖盘,603313,2025-10-17 22:54:48
14:56:58,9.33,0.0,18,16794,卖盘,603313,2025-10-17 22:54:48
15:00:01,9.33,0.0,748,697884,卖盘,603313,2025-10-17 22:54:48
