时间,成交价,价格变动,成交量,成交额,买卖盘性质,股票代码,采集时间
09:25:02,19.35,0.0,39541,76511835,卖盘,603938,2025-10-17 22:49:51
09:30:01,19.22,-0.13,2604,5022839,卖盘,603938,2025-10-17 22:49:51
09:30:05,19.3,0.08,3676,7091569,中性盘,603938,2025-10-17 22:49:51
09:30:08,19.17,-0.13,3683,7061702,卖盘,603938,2025-10-17 22:49:51
09:30:11,19.33,0.16,3475,6692200,买盘,603938,2025-10-17 22:49:51
09:30:14,19.1,-0.23,3182,6122544,卖盘,603938,2025-10-17 22:49:51
09:30:17,19.22,0.12,2279,4372902,买盘,603938,2025-10-17 22:49:51
09:30:20,19.3,0.08,2695,5181564,买盘,603938,2025-10-17 22:49:51
09:30:23,19.2,-0.1,4353,8363671,中性盘,603938,2025-10-17 22:49:51
09:30:26,18.99,-0.21,3287,6295110,卖盘,603938,2025-10-17 22:49:51
09:30:28,19.19,0.2,4492,8655230,买盘,603938,2025-10-17 22:49:51
09:30:32,19.04,-0.15,3457,6637718,卖盘,603938,2025-10-17 22:49:51
09:30:34,18.94,-0.1,2125,4070138,卖盘,603938,2025-10-17 22:49:51
09:30:37,19.04,0.1,1686,3200279,买盘,603938,2025-10-17 22:49:51
09:30:41,18.92,-0.12,1312,2490931,卖盘,603938,2025-10-17 22:49:51
09:30:43,18.92,0.0,2112,3995829,买盘,603938,2025-10-17 22:49:51
09:30:47,18.91,-0.01,1071,2024533,卖盘,603938,2025-10-17 22:49:51
09:30:49,18.9,-0.01,828,1563174,中性盘,603938,2025-10-17 22:49:51
09:30:53,18.84,-0.06,1380,2605846,卖盘,603938,2025-10-17 22:49:51
09:30:55,18.83,-0.01,1277,2402762,卖盘,603938,2025-10-17 22:49:51
09:30:59,18.7,-0.13,700,1312186,卖盘,603938,2025-10-17 22:49:51
09:31:01,18.79,0.09,675,1264035,买盘,603938,2025-10-17 22:49:51
09:31:05,18.79,0.0,5700,10693968,买盘,603938,2025-10-17 22:49:51
09:31:08,18.63,-0.16,1855,3473132,卖盘,603938,2025-10-17 22:49:51
09:31:11,18.77,0.14,1205,2253173,买盘,603938,2025-10-17 22:49:51
09:31:14,18.63,-0.14,950,1776008,卖盘,603938,2025-10-17 22:49:51
09:31:17,18.71,0.08,1658,3100795,买盘,603938,2025-10-17 22:49:51
09:31:19,18.77,0.06,1519,2845321,买盘,603938,2025-10-17 22:49:51
09:31:23,18.79,0.02,2338,4384843,买盘,603938,2025-10-17 22:49:51
09:31:26,18.81,0.02,3796,7130631,买盘,603938,2025-10-17 22:49:51
09:31:29,18.83,0.02,1245,2343211,买盘,603938,2025-10-17 22:49:51
09:31:31,18.89,0.06,992,1872779,买盘,603938,2025-10-17 22:49:51
09:31:34,18.92,0.03,1714,3241196,买盘,603938,2025-10-17 22:49:51
09:31:38,18.99,0.07,1311,2481742,买盘,603938,2025-10-17 22:49:51
09:31:41,19.2,0.21,3528,6713093,买盘,603938,2025-10-17 22:49:51
09:31:44,19.34,0.14,2103,4045512,买盘,603938,2025-10-17 22:49:51
09:31:47,19.35,0.01,11778,22781674,买盘,603938,2025-10-17 22:49:51
09:31:50,19.35,0.0,10149,19635039,买盘,603938,2025-10-17 22:49:51
09:31:53,19.35,0.0,811,1568511,卖盘,603938,2025-10-17 22:49:51
09:31:56,19.35,0.0,830,1606050,卖盘,603938,2025-10-17 22:49:51
09:31:59,19.35,0.0,479,926865,卖盘,603938,2025-10-17 22:49:51
09:32:02,19.35,0.0,656,1268586,卖盘,603938,2025-10-17 22:49:51
09:32:04,19.35,0.0,1431,2768753,卖盘,603938,2025-10-17 22:49:51
09:32:08,19.35,0.0,289,559602,卖盘,603938,2025-10-17 22:49:51
09:32:10,19.35,0.0,1097,2122695,卖盘,603938,2025-10-17 22:49:51
09:32:14,19.35,0.0,287,555345,卖盘,603938,2025-10-17 22:49:51
09:32:17,19.35,0.0,234,452790,卖盘,603938,2025-10-17 22:49:51
09:32:20,19.35,0.0,444,859140,卖盘,603938,2025-10-17 22:49:51
09:32:23,19.35,0.0,372,719820,卖盘,603938,2025-10-17 22:49:51
09:32:26,19.35,0.0,995,1925325,卖盘,603938,2025-10-17 22:49:51
09:32:28,19.35,0.0,424,820440,卖盘,603938,2025-10-17 22:49:51
09:32:32,19.35,0.0,1082,2094057,卖盘,603938,2025-10-17 22:49:51
09:32:35,19.35,0.0,194,376164,卖盘,603938,2025-10-17 22:49:51
09:32:37,19.35,0.0,253,490329,卖盘,603938,2025-10-17 22:49:51
09:32:40,19.35,0.0,146,282510,卖盘,603938,2025-10-17 22:49:51
09:32:44,19.35,0.0,257,497295,卖盘,603938,2025-10-17 22:49:51
09:32:47,19.35,0.0,315,609912,卖盘,603938,2025-10-17 22:49:51
09:32:50,19.35,0.0,390,754650,卖盘,603938,2025-10-17 22:49:51
09:32:53,19.35,0.0,140,270900,卖盘,603938,2025-10-17 22:49:51
09:32:56,19.35,0.0,151,292959,卖盘,603938,2025-10-17 22:49:51
09:32:58,19.35,0.0,127,245745,卖盘,603938,2025-10-17 22:49:51
09:33:02,19.35,0.0,579,1120365,卖盘,603938,2025-10-17 22:49:51
09:33:05,19.35,0.0,130,251550,卖盘,603938,2025-10-17 22:49:51
09:33:08,19.35,0.0,214,414090,卖盘,603938,2025-10-17 22:49:51
09:33:11,19.35,0.0,264,510840,卖盘,603938,2025-10-17 22:49:51
09:33:13,19.35,0.0,1881,3639735,卖盘,603938,2025-10-17 22:49:51
09:33:17,19.35,0.0,133,257355,卖盘,603938,2025-10-17 22:49:51
09:33:20,19.35,0.0,850,1644634,卖盘,603938,2025-10-17 22:49:51
09:33:23,19.35,0.0,231,446985,卖盘,603938,2025-10-17 22:49:51
09:33:25,19.35,0.0,113,218655,卖盘,603938,2025-10-17 22:49:51
09:33:29,19.35,0.0,393,760842,卖盘,603938,2025-10-17 22:49:51
09:33:31,19.35,0.0,190,367650,卖盘,603938,2025-10-17 22:49:51
09:33:34,19.35,0.0,393,760455,卖盘,603938,2025-10-17 22:49:51
09:33:37,19.35,0.0,65,125775,卖盘,603938,2025-10-17 22:49:51
09:33:40,19.35,0.0,234,452790,卖盘,603938,2025-10-17 22:49:51
09:33:44,19.35,0.0,250,483750,卖盘,603938,2025-10-17 22:49:51
09:33:46,19.35,0.0,41,79335,卖盘,603938,2025-10-17 22:49:51
09:33:49,19.35,0.0,242,468270,卖盘,603938,2025-10-17 22:49:51
09:33:53,19.35,0.0,139,268965,卖盘,603938,2025-10-17 22:49:51
09:33:56,19.35,0.0,125,241875,卖盘,603938,2025-10-17 22:49:51
09:33:58,19.35,0.0,105,203175,卖盘,603938,2025-10-17 22:49:51
09:34:02,19.35,0.0,78,150930,卖盘,603938,2025-10-17 22:49:51
09:34:04,19.35,0.0,50,96750,卖盘,603938,2025-10-17 22:49:51
09:34:07,19.35,0.0,358,692730,卖盘,603938,2025-10-17 22:49:51
09:34:10,19.35,0.0,87,168345,卖盘,603938,2025-10-17 22:49:51
09:34:14,19.35,0.0,35,67725,卖盘,603938,2025-10-17 22:49:51
09:34:17,19.35,0.0,273,529029,卖盘,603938,2025-10-17 22:49:51
09:34:20,19.35,0.0,150,290250,卖盘,603938,2025-10-17 22:49:51
09:34:23,19.35,0.0,655,1267425,卖盘,603938,2025-10-17 22:49:51
09:34:26,19.35,0.0,40,78348,卖盘,603938,2025-10-17 22:49:51
09:34:28,19.35,0.0,210,406350,卖盘,603938,2025-10-17 22:49:51
09:34:31,19.35,0.0,120,232974,卖盘,603938,2025-10-17 22:49:51
09:34:35,19.35,0.0,15,29025,卖盘,603938,2025-10-17 22:49:51
09:34:38,19.35,0.0,28,54180,卖盘,603938,2025-10-17 22:49:51
09:34:41,19.35,0.0,33,63855,卖盘,603938,2025-10-17 22:49:51
09:34:44,19.35,0.0,60,116100,卖盘,603938,2025-10-17 22:49:51
09:34:47,19.35,0.0,35,67338,卖盘,603938,2025-10-17 22:49:51
09:34:53,19.35,0.0,15,29025,卖盘,603938,2025-10-17 22:49:51
09:34:56,19.35,0.0,387,748845,卖盘,603938,2025-10-17 22:49:51
09:34:59,19.35,0.0,75,145125,卖盘,603938,2025-10-17 22:49:51
09:35:02,19.35,0.0,82,158670,卖盘,603938,2025-10-17 22:49:51
09:35:05,19.35,0.0,13,25155,卖盘,603938,2025-10-17 22:49:51
09:35:08,19.35,0.0,21,39861,卖盘,603938,2025-10-17 22:49:51
09:35:11,19.35,0.0,93,179955,卖盘,603938,2025-10-17 22:49:51
09:35:14,19.35,0.0,584,1130040,卖盘,603938,2025-10-17 22:49:51
09:35:17,19.35,0.0,67,129645,卖盘,603938,2025-10-17 22:49:51
09:35:20,19.35,0.0,109,210915,卖盘,603938,2025-10-17 22:49:51
09:35:23,19.35,0.0,13,25155,卖盘,603938,2025-10-17 22:49:51
09:35:26,19.35,0.0,4,7740,卖盘,603938,2025-10-17 22:49:51
09:35:28,19.35,0.0,12,23220,卖盘,603938,2025-10-17 22:49:51
09:35:32,19.35,0.0,127,245745,卖盘,603938,2025-10-17 22:49:51
09:35:35,19.35,0.0,91,176085,卖盘,603938,2025-10-17 22:49:51
09:35:38,19.35,0.0,3,5805,卖盘,603938,2025-10-17 22:49:51
09:35:41,19.35,0.0,228,441180,卖盘,603938,2025-10-17 22:49:51
09:35:44,19.35,0.0,130,251550,卖盘,603938,2025-10-17 22:49:51
09:35:47,19.35,0.0,85,164475,卖盘,603938,2025-10-17 22:49:51
09:35:50,19.35,0.0,200,387000,卖盘,603938,2025-10-17 22:49:51
09:35:53,19.35,0.0,87,168345,卖盘,603938,2025-10-17 22:49:51
09:35:55,19.35,0.0,23,44505,卖盘,603938,2025-10-17 22:49:51
09:35:59,19.35,0.0,37,71595,卖盘,603938,2025-10-17 22:49:51
09:36:01,19.35,0.0,32,61920,卖盘,603938,2025-10-17 22:49:51
09:36:05,19.35,0.0,178,344430,卖盘,603938,2025-10-17 22:49:51
09:36:08,19.35,0.0,204,394740,卖盘,603938,2025-10-17 22:49:51
09:36:11,19.35,0.0,25,48375,卖盘,603938,2025-10-17 22:49:51
09:36:14,19.35,0.0,78,150930,卖盘,603938,2025-10-17 22:49:51
09:36:17,19.35,0.0,1,1935,卖盘,603938,2025-10-17 22:49:51
09:36:20,19.35,0.0,60,116100,卖盘,603938,2025-10-17 22:49:51
09:36:26,19.35,0.0,28,54180,卖盘,603938,2025-10-17 22:49:51
09:36:29,19.35,0.0,68,131329,卖盘,603938,2025-10-17 22:49:51
09:36:32,19.35,0.0,84,162540,卖盘,603938,2025-10-17 22:49:51
09:36:35,19.35,0.0,164,317340,卖盘,603938,2025-10-17 22:49:51
09:36:38,19.35,0.0,81,157122,卖盘,603938,2025-10-17 22:49:51
09:36:41,19.35,0.0,14,27090,卖盘,603938,2025-10-17 22:49:51
09:36:44,19.35,0.0,8,15480,卖盘,603938,2025-10-17 22:49:51
09:36:47,19.35,0.0,29,56115,卖盘,603938,2025-10-17 22:49:51
09:36:49,19.35,0.0,6,11610,卖盘,603938,2025-10-17 22:49:51
09:36:52,19.35,0.0,46,89010,卖盘,603938,2025-10-17 22:49:51
09:36:56,19.35,0.0,27,52245,卖盘,603938,2025-10-17 22:49:51
09:36:59,19.35,0.0,65,125775,卖盘,603938,2025-10-17 22:49:51
09:37:05,19.35,0.0,25,48375,卖盘,603938,2025-10-17 22:49:51
09:37:08,19.35,0.0,822,1590570,卖盘,603938,2025-10-17 22:49:51
09:37:11,19.35,0.0,32,61920,卖盘,603938,2025-10-17 22:49:51
09:37:14,19.35,0.0,6,11610,卖盘,603938,2025-10-17 22:49:51
09:37:17,19.35,0.0,105,203175,卖盘,603938,2025-10-17 22:49:51
09:37:20,19.35,0.0,441,853335,卖盘,603938,2025-10-17 22:49:51
09:37:23,19.35,0.0,7,13545,卖盘,603938,2025-10-17 22:49:51
09:37:26,19.35,0.0,14,27090,卖盘,603938,2025-10-17 22:49:51
09:37:29,19.35,0.0,54,104490,卖盘,603938,2025-10-17 22:49:51
09:37:34,19.35,0.0,12,23220,卖盘,603938,2025-10-17 22:49:51
09:37:38,19.35,0.0,18,34830,卖盘,603938,2025-10-17 22:49:51
09:37:41,19.35,0.0,4,7740,卖盘,603938,2025-10-17 22:49:51
09:37:44,19.35,0.0,29,56115,卖盘,603938,2025-10-17 22:49:51
09:37:47,19.35,0.0,111,214011,卖盘,603938,2025-10-17 22:49:51
09:37:50,19.35,0.0,4,7740,卖盘,603938,2025-10-17 22:49:51
09:37:56,19.35,0.0,805,1557675,卖盘,603938,2025-10-17 22:49:51
09:38:02,19.35,0.0,136,263160,卖盘,603938,2025-10-17 22:49:51
09:38:05,19.35,0.0,26,50310,卖盘,603938,2025-10-17 22:49:51
09:38:08,19.35,0.0,21,40635,卖盘,603938,2025-10-17 22:49:51
09:38:10,19.35,0.0,21,39861,卖盘,603938,2025-10-17 22:49:51
09:38:13,19.35,0.0,21,40635,卖盘,603938,2025-10-17 22:49:51
09:38:17,19.35,0.0,29,55341,卖盘,603938,2025-10-17 22:49:51
09:38:20,19.35,0.0,22,42570,卖盘,603938,2025-10-17 22:49:51
09:38:23,19.35,0.0,109,210915,卖盘,603938,2025-10-17 22:49:51
09:38:26,19.35,0.0,74,143190,卖盘,603938,2025-10-17 22:49:51
09:38:29,19.35,0.0,247,477945,卖盘,603938,2025-10-17 22:49:51
09:38:32,19.35,0.0,40,77400,卖盘,603938,2025-10-17 22:49:51
09:38:35,19.35,0.0,344,665640,卖盘,603938,2025-10-17 22:49:51
09:38:38,19.35,0.0,1,1935,卖盘,603938,2025-10-17 22:49:51
09:38:41,19.35,0.0,34,65790,卖盘,603938,2025-10-17 22:49:51
09:38:43,19.35,0.0,118,228330,卖盘,603938,2025-10-17 22:49:51
09:38:46,19.35,0.0,431,833985,卖盘,603938,2025-10-17 22:49:51
09:38:50,19.35,0.0,65,125775,卖盘,603938,2025-10-17 22:49:51
09:38:53,19.35,0.0,140,270900,卖盘,603938,2025-10-17 22:49:51
09:38:56,19.35,0.0,93,180729,卖盘,603938,2025-10-17 22:49:51
09:38:58,19.35,0.0,77,148995,卖盘,603938,2025-10-17 22:49:51
09:39:02,19.35,0.0,247,477945,卖盘,603938,2025-10-17 22:49:51
09:39:05,19.35,0.0,264,510840,卖盘,603938,2025-10-17 22:49:51
09:39:08,19.35,0.0,104,201240,卖盘,603938,2025-10-17 22:49:51
09:39:11,19.35,0.0,14,27090,卖盘,603938,2025-10-17 22:49:51
09:39:14,19.35,0.0,38,73530,卖盘,603938,2025-10-17 22:49:51
09:39:16,19.35,0.0,614,1188090,卖盘,603938,2025-10-17 22:49:51
09:39:20,19.35,0.0,175,338625,卖盘,603938,2025-10-17 22:49:51
09:39:23,19.35,0.0,307,594432,卖盘,603938,2025-10-17 22:49:51
09:39:26,19.35,0.0,34,65790,卖盘,603938,2025-10-17 22:49:51
09:39:29,19.35,0.0,60,116100,卖盘,603938,2025-10-17 22:49:51
09:39:32,19.35,0.0,32818,63503217,卖盘,603938,2025-10-17 22:49:51
09:39:35,18.99,-0.36,4419,8529150,卖盘,603938,2025-10-17 22:49:51
09:39:38,18.9,-0.09,847,1600748,卖盘,603938,2025-10-17 22:49:51
09:39:41,18.9,0.0,560,1057614,买盘,603938,2025-10-17 22:49:51
09:39:44,18.9,0.0,558,1054397,买盘,603938,2025-10-17 22:49:51
09:39:47,18.9,0.0,110,207642,卖盘,603938,2025-10-17 22:49:51
09:39:50,18.9,0.0,666,1259669,卖盘,603938,2025-10-17 22:49:51
09:39:52,18.95,0.05,194,367093,买盘,603938,2025-10-17 22:49:51
09:39:56,18.96,0.01,439,831830,买盘,603938,2025-10-17 22:49:51
09:39:58,18.92,-0.04,447,846956,卖盘,603938,2025-10-17 22:49:51
09:40:01,18.96,0.04,791,1499182,买盘,603938,2025-10-17 22:49:51
09:40:05,18.95,-0.01,815,1543789,买盘,603938,2025-10-17 22:49:51
09:40:08,18.92,-0.03,836,1581431,卖盘,603938,2025-10-17 22:49:51
09:40:11,18.84,-0.08,609,1150861,卖盘,603938,2025-10-17 22:49:51
09:40:13,18.84,0.0,1602,3027105,买盘,603938,2025-10-17 22:49:51
09:40:16,18.82,-0.02,980,1845880,卖盘,603938,2025-10-17 22:49:51
09:40:20,18.79,-0.03,714,1337982,卖盘,603938,2025-10-17 22:49:51
09:40:23,18.77,-0.02,342,642882,中性盘,603938,2025-10-17 22:49:51
09:40:26,18.66,-0.11,516,966766,卖盘,603938,2025-10-17 22:49:51
09:40:28,18.71,0.05,606,1133168,买盘,603938,2025-10-17 22:49:51
09:40:32,18.72,0.01,522,975264,买盘,603938,2025-10-17 22:49:51
09:40:35,18.77,0.05,711,1330819,买盘,603938,2025-10-17 22:49:51
09:40:37,18.8,0.03,734,1376093,买盘,603938,2025-10-17 22:49:51
09:40:40,18.84,0.04,985,1853262,买盘,603938,2025-10-17 22:49:51
09:40:43,18.83,-0.01,441,830566,买盘,603938,2025-10-17 22:49:51
09:40:46,18.85,0.02,640,1206537,买盘,603938,2025-10-17 22:49:51
09:40:49,18.85,0.0,541,1021717,卖盘,603938,2025-10-17 22:49:51
09:40:53,18.91,0.06,541,1021682,买盘,603938,2025-10-17 22:49:51
09:40:55,18.92,0.01,1457,2749648,买盘,603938,2025-10-17 22:49:51
09:40:58,18.92,0.0,760,1438045,卖盘,603938,2025-10-17 22:49:51
09:41:02,18.93,0.01,1018,1924756,买盘,603938,2025-10-17 22:49:51
09:41:05,18.93,0.0,852,1610936,买盘,603938,2025-10-17 22:49:51
09:41:08,18.93,0.0,578,1093115,买盘,603938,2025-10-17 22:49:51
09:41:11,18.94,0.01,790,1496249,买盘,603938,2025-10-17 22:49:51
09:41:14,18.93,-0.01,252,477190,卖盘,603938,2025-10-17 22:49:51
09:41:17,18.95,0.02,705,1335492,买盘,603938,2025-10-17 22:49:51
09:41:20,18.95,0.0,725,1373166,买盘,603938,2025-10-17 22:49:51
09:41:23,19.0,0.05,466,882965,买盘,603938,2025-10-17 22:49:51
09:41:25,19.2,0.2,1138,2160215,买盘,603938,2025-10-17 22:49:51
09:41:29,19.3,0.1,732,1401324,买盘,603938,2025-10-17 22:49:51
09:41:31,19.35,0.05,6096,11790396,买盘,603938,2025-10-17 22:49:51
09:41:34,19.35,0.0,522,1010070,卖盘,603938,2025-10-17 22:49:51
09:41:38,19.35,0.0,291,562698,卖盘,603938,2025-10-17 22:49:51
09:41:41,19.35,0.0,1381,2672235,卖盘,603938,2025-10-17 22:49:51
09:41:44,19.35,0.0,568,1099080,卖盘,603938,2025-10-17 22:49:51
09:41:46,19.35,0.0,1807,3496158,卖盘,603938,2025-10-17 22:49:51
09:41:49,19.35,0.0,922,1784070,卖盘,603938,2025-10-17 22:49:51
09:41:52,19.35,0.0,386,747297,卖盘,603938,2025-10-17 22:49:51
09:41:56,19.35,0.0,258,500043,卖盘,603938,2025-10-17 22:49:51
09:41:58,19.35,0.0,1290,2496150,卖盘,603938,2025-10-17 22:49:51
09:42:02,19.35,0.0,860,1664874,卖盘,603938,2025-10-17 22:49:51
09:42:04,19.35,0.0,493,953955,卖盘,603938,2025-10-17 22:49:51
09:42:07,19.35,0.0,1252,2422620,卖盘,603938,2025-10-17 22:49:51
09:42:11,19.35,0.0,2010,3889853,卖盘,603938,2025-10-17 22:49:51
09:42:13,19.35,0.0,1191,2304585,卖盘,603938,2025-10-17 22:49:51
09:42:16,19.35,0.0,360,696987,卖盘,603938,2025-10-17 22:49:51
09:42:19,19.35,0.0,297,574695,卖盘,603938,2025-10-17 22:49:51
09:42:23,19.35,0.0,200,387000,卖盘,603938,2025-10-17 22:49:51
09:42:25,19.35,0.0,1147,2219445,卖盘,603938,2025-10-17 22:49:51
09:42:28,19.35,0.0,2830,5476824,卖盘,603938,2025-10-17 22:49:51
09:42:32,19.35,0.0,6697,12959082,卖盘,603938,2025-10-17 22:49:51
09:42:34,19.35,0.0,2759,5338278,卖盘,603938,2025-10-17 22:49:51
09:42:38,19.11,-0.24,3212,6209190,卖盘,603938,2025-10-17 22:49:51
09:42:40,19.12,0.01,366,696999,中性盘,603938,2025-10-17 22:49:51
09:42:43,19.11,-0.01,166,316323,中性盘,603938,2025-10-17 22:49:51
09:42:46,19.11,0.0,477,912171,买盘,603938,2025-10-17 22:49:51
09:42:50,19.12,0.01,961,1848578,买盘,603938,2025-10-17 22:49:51
09:42:53,19.23,0.11,1262,2426627,中性盘,603938,2025-10-17 22:49:51
09:42:55,19.35,0.12,1125,2174385,买盘,603938,2025-10-17 22:49:51
09:42:59,19.35,0.0,1246,2407364,买盘,603938,2025-10-17 22:49:51
09:43:01,19.24,-0.11,888,1716653,卖盘,603938,2025-10-17 22:49:51
09:43:04,19.3,0.06,923,1778234,买盘,603938,2025-10-17 22:49:51
09:43:08,19.23,-0.07,908,1736465,中性盘,603938,2025-10-17 22:49:51
09:43:11,19.22,-0.01,155,298014,卖盘,603938,2025-10-17 22:49:51
09:43:14,19.13,-0.09,232,445048,卖盘,603938,2025-10-17 22:49:51
09:43:17,19.13,0.0,183,350473,中性盘,603938,2025-10-17 22:49:51
09:43:20,19.1,-0.03,344,657404,中性盘,603938,2025-10-17 22:49:51
09:43:22,19.05,-0.05,202,384518,中性盘,603938,2025-10-17 22:49:51
09:43:26,19.0,-0.05,698,1328767,卖盘,603938,2025-10-17 22:49:51
09:43:28,19.0,0.0,411,781498,卖盘,603938,2025-10-17 22:49:51
09:43:32,19.09,0.09,421,800765,买盘,603938,2025-10-17 22:49:51
09:43:34,19.05,-0.04,298,567517,中性盘,603938,2025-10-17 22:49:51
09:43:37,19.03,-0.02,357,679710,中性盘,603938,2025-10-17 22:49:51
09:43:40,19.05,0.02,681,1298116,买盘,603938,2025-10-17 22:49:51
09:43:43,19.04,-0.01,491,935344,卖盘,603938,2025-10-17 22:49:51
09:43:46,19.05,0.01,631,1200450,买盘,603938,2025-10-17 22:49:51
09:43:50,19.05,0.0,496,943517,买盘,603938,2025-10-17 22:49:51
09:43:53,19.04,-0.01,472,898175,卖盘,603938,2025-10-17 22:49:51
09:43:55,19.04,0.0,322,612237,买盘,603938,2025-10-17 22:49:51
09:43:58,19.03,-0.01,262,499169,卖盘,603938,2025-10-17 22:49:51
09:44:02,19.03,0.0,1299,2468562,买盘,603938,2025-10-17 22:49:51
09:44:05,19.0,-0.03,199,378317,卖盘,603938,2025-10-17 22:49:51
09:44:08,19.03,0.03,188,358065,买盘,603938,2025-10-17 22:49:51
09:44:10,19.02,-0.01,272,518090,卖盘,603938,2025-10-17 22:49:51
09:44:14,19.0,-0.02,730,1387393,卖盘,603938,2025-10-17 22:49:51
09:44:17,19.01,0.01,446,847296,买盘,603938,2025-10-17 22:49:51
09:44:20,19.01,0.0,181,344056,买盘,603938,2025-10-17 22:49:51
09:44:23,19.01,0.0,578,1098734,中性盘,603938,2025-10-17 22:49:51
09:44:25,19.0,-0.01,428,813709,卖盘,603938,2025-10-17 22:49:51
09:44:28,19.02,0.02,384,730742,买盘,603938,2025-10-17 22:49:51
09:44:31,19.03,0.01,385,731938,买盘,603938,2025-10-17 22:49:51
09:44:34,19.04,0.01,164,312772,买盘,603938,2025-10-17 22:49:51
09:44:37,19.05,0.01,238,453142,买盘,603938,2025-10-17 22:49:51
09:44:41,19.04,-0.01,216,411296,卖盘,603938,2025-10-17 22:49:51
09:44:43,19.05,0.01,613,1169716,买盘,603938,2025-10-17 22:49:51
09:44:46,19.05,0.0,215,409852,卖盘,603938,2025-10-17 22:49:51
09:44:50,19.1,0.05,644,1227628,买盘,603938,2025-10-17 22:49:51
09:44:53,19.13,0.03,347,661922,买盘,603938,2025-10-17 22:49:51
09:44:55,19.22,0.09,272,521199,买盘,603938,2025-10-17 22:49:51
09:44:59,19.29,0.07,145,279041,买盘,603938,2025-10-17 22:49:51
09:45:01,19.29,0.0,166,319629,买盘,603938,2025-10-17 22:49:51
09:45:05,19.3,0.01,299,576804,买盘,603938,2025-10-17 22:49:51
09:45:08,19.3,0.0,439,846612,买盘,603938,2025-10-17 22:49:51
09:45:10,19.3,0.0,673,1298638,买盘,603938,2025-10-17 22:49:51
09:45:14,19.27,-0.03,720,1387009,卖盘,603938,2025-10-17 22:49:51
09:45:17,19.27,0.0,164,316200,买盘,603938,2025-10-17 22:49:51
09:45:19,19.27,0.0,149,286662,买盘,603938,2025-10-17 22:49:51
09:45:23,19.26,-0.01,773,1484216,中性盘,603938,2025-10-17 22:49:51
09:45:26,19.25,-0.01,435,835143,中性盘,603938,2025-10-17 22:49:51
09:45:29,19.2,-0.05,121,232683,中性盘,603938,2025-10-17 22:49:51
09:45:31,19.2,0.0,518,990330,买盘,603938,2025-10-17 22:49:51
09:45:35,19.18,-0.02,133,255184,中性盘,603938,2025-10-17 22:49:51
09:45:38,19.15,-0.03,107,205329,卖盘,603938,2025-10-17 22:49:51
09:45:40,19.15,0.0,206,394479,买盘,603938,2025-10-17 22:49:51
09:45:43,19.1,-0.05,194,371066,卖盘,603938,2025-10-17 22:49:51
09:45:47,19.15,0.05,182,348111,买盘,603938,2025-10-17 22:49:51
09:45:49,19.15,0.0,306,584208,买盘,603938,2025-10-17 22:49:51
09:45:52,19.16,0.01,273,523355,买盘,603938,2025-10-17 22:49:51
09:45:55,19.15,-0.01,277,530160,卖盘,603938,2025-10-17 22:49:51
09:45:58,19.12,-0.03,160,306120,中性盘,603938,2025-10-17 22:49:51
09:46:02,19.1,-0.02,354,677028,卖盘,603938,2025-10-17 22:49:51
09:46:04,19.1,0.0,158,302797,卖盘,603938,2025-10-17 22:49:51
09:46:07,19.1,0.0,274,523180,买盘,603938,2025-10-17 22:49:51
09:46:11,19.08,-0.02,178,339607,卖盘,603938,2025-10-17 22:49:51
09:46:13,19.09,0.01,65,123998,买盘,603938,2025-10-17 22:49:51
09:46:16,19.07,-0.02,139,265076,卖盘,603938,2025-10-17 22:49:51
09:46:19,19.04,-0.03,148,282078,卖盘,603938,2025-10-17 22:49:51
09:46:22,19.03,-0.01,124,236361,卖盘,603938,2025-10-17 22:49:51
09:46:25,19.03,0.0,333,633693,卖盘,603938,2025-10-17 22:49:51
09:46:28,19.02,-0.01,106,201612,卖盘,603938,2025-10-17 22:49:51
09:46:32,19.01,-0.01,329,625922,卖盘,603938,2025-10-17 22:49:51
09:46:34,19.01,0.0,96,182518,卖盘,603938,2025-10-17 22:49:51
09:46:38,19.0,-0.01,406,771234,卖盘,603938,2025-10-17 22:49:51
09:46:40,19.0,0.0,227,431290,卖盘,603938,2025-10-17 22:49:51
09:46:44,18.99,-0.01,102,193635,卖盘,603938,2025-10-17 22:49:51
09:46:47,18.98,-0.01,463,878675,卖盘,603938,2025-10-17 22:49:51
09:46:49,18.96,-0.02,59,111911,卖盘,603938,2025-10-17 22:49:51
09:46:52,18.95,-0.01,131,248275,卖盘,603938,2025-10-17 22:49:51
09:46:55,18.94,-0.01,578,1093388,卖盘,603938,2025-10-17 22:49:51
09:46:58,18.88,-0.06,173,327103,卖盘,603938,2025-10-17 22:49:51
09:47:02,18.86,-0.02,299,564468,卖盘,603938,2025-10-17 22:49:51
09:47:04,18.85,-0.01,149,280848,卖盘,603938,2025-10-17 22:49:51
09:47:07,18.8,-0.05,280,527013,卖盘,603938,2025-10-17 22:49:51
09:47:11,18.83,0.03,254,477867,中性盘,603938,2025-10-17 22:49:51
09:47:14,18.84,0.01,94,177297,买盘,603938,2025-10-17 22:49:51
09:47:16,18.85,0.01,308,580621,买盘,603938,2025-10-17 22:49:51
09:47:19,18.88,0.03,770,1451876,买盘,603938,2025-10-17 22:49:51
09:47:22,18.91,0.03,190,358782,买盘,603938,2025-10-17 22:49:51
09:47:25,18.9,-0.01,835,1576434,卖盘,603938,2025-10-17 22:49:51
09:47:28,18.95,0.05,317,600152,买盘,603938,2025-10-17 22:49:51
09:47:31,18.96,0.01,136,256994,买盘,603938,2025-10-17 22:49:51
09:47:34,18.97,0.01,133,252127,买盘,603938,2025-10-17 22:49:51
09:47:38,18.97,0.0,361,684744,买盘,603938,2025-10-17 22:49:51
09:47:41,18.96,-0.01,300,569898,卖盘,603938,2025-10-17 22:49:51
09:47:43,19.0,0.04,109,206976,买盘,603938,2025-10-17 22:49:51
09:47:46,18.99,-0.01,151,286703,卖盘,603938,2025-10-17 22:49:51
09:47:49,19.0,0.01,1047,1988423,买盘,603938,2025-10-17 22:49:51
09:47:53,19.02,0.02,346,657704,买盘,603938,2025-10-17 22:49:51
09:47:55,19.01,-0.01,168,319352,卖盘,603938,2025-10-17 22:49:51
09:47:58,19.03,0.02,97,184546,买盘,603938,2025-10-17 22:49:51
09:48:02,19.02,-0.01,147,280413,卖盘,603938,2025-10-17 22:49:51
09:48:05,19.02,0.0,1174,2231566,卖盘,603938,2025-10-17 22:49:51
09:48:07,18.9,-0.12,795,1508086,卖盘,603938,2025-10-17 22:49:51
09:48:11,18.88,-0.02,232,437659,卖盘,603938,2025-10-17 22:49:51
09:48:13,18.82,-0.06,68,128211,卖盘,603938,2025-10-17 22:49:51
09:48:16,18.81,-0.01,262,493006,卖盘,603938,2025-10-17 22:49:51
09:48:19,18.81,0.0,104,195609,卖盘,603938,2025-10-17 22:49:51
09:48:23,18.8,-0.01,378,710594,卖盘,603938,2025-10-17 22:49:51
09:48:26,18.78,-0.02,135,253730,卖盘,603938,2025-10-17 22:49:51
09:48:28,18.77,-0.01,154,289175,卖盘,603938,2025-10-17 22:49:51
09:48:31,18.77,0.0,95,178313,卖盘,603938,2025-10-17 22:49:51
09:48:34,18.77,0.0,39,73173,买盘,603938,2025-10-17 22:49:51
09:48:37,18.7,-0.07,1310,2453753,卖盘,603938,2025-10-17 22:49:51
09:48:40,18.7,0.0,746,1390747,买盘,603938,2025-10-17 22:49:51
09:48:44,18.6,-0.1,75,139757,卖盘,603938,2025-10-17 22:49:51
09:48:46,18.56,-0.04,357,664398,卖盘,603938,2025-10-17 22:49:51
09:48:49,18.6,0.04,391,727197,买盘,603938,2025-10-17 22:49:51
09:48:53,18.58,-0.02,559,1039982,卖盘,603938,2025-10-17 22:49:51
09:48:56,18.66,0.08,325,606226,中性盘,603938,2025-10-17 22:49:51
09:48:58,18.61,-0.05,555,1033373,卖盘,603938,2025-10-17 22:49:51
09:49:02,18.72,0.11,481,896316,买盘,603938,2025-10-17 22:49:51
09:49:04,18.6,-0.12,123,229895,卖盘,603938,2025-10-17 22:49:51
09:49:08,18.72,0.12,186,347763,买盘,603938,2025-10-17 22:49:51
09:49:11,18.75,0.03,97,181657,买盘,603938,2025-10-17 22:49:51
09:49:14,18.75,0.0,159,297840,买盘,603938,2025-10-17 22:49:51
09:49:17,18.7,-0.05,561,1049592,卖盘,603938,2025-10-17 22:49:51
09:49:19,18.7,0.0,396,740337,买盘,603938,2025-10-17 22:49:51
09:49:22,18.7,0.0,106,198206,买盘,603938,2025-10-17 22:49:51
09:49:26,18.69,-0.01,85,158863,买盘,603938,2025-10-17 22:49:51
09:49:29,18.69,0.0,188,351439,卖盘,603938,2025-10-17 22:49:51
09:49:31,18.69,0.0,105,196340,卖盘,603938,2025-10-17 22:49:51
09:49:35,18.71,0.02,156,291333,买盘,603938,2025-10-17 22:49:51
09:49:38,18.7,-0.01,87,162663,卖盘,603938,2025-10-17 22:49:51
09:49:41,18.69,-0.01,256,478231,卖盘,603938,2025-10-17 22:49:51
09:49:44,18.71,0.02,134,250650,买盘,603938,2025-10-17 22:49:51
09:49:47,18.72,0.01,261,488361,买盘,603938,2025-10-17 22:49:51
09:49:50,18.72,0.0,121,226427,中性盘,603938,2025-10-17 22:49:51
09:49:53,18.72,0.0,385,720105,买盘,603938,2025-10-17 22:49:51
09:49:56,18.71,-0.01,277,518182,卖盘,603938,2025-10-17 22:49:51
09:49:58,18.73,0.02,128,239588,买盘,603938,2025-10-17 22:49:51
09:50:01,18.73,0.0,172,321913,买盘,603938,2025-10-17 22:49:51
09:50:05,18.73,0.0,267,499997,买盘,603938,2025-10-17 22:49:51
09:50:07,18.73,0.0,80,149466,买盘,603938,2025-10-17 22:49:51
09:50:10,18.72,-0.01,166,311282,卖盘,603938,2025-10-17 22:49:51
09:50:13,18.74,0.02,110,206646,买盘,603938,2025-10-17 22:49:51
09:50:17,18.73,-0.01,71,132130,卖盘,603938,2025-10-17 22:49:51
09:50:19,18.72,-0.01,633,1185475,卖盘,603938,2025-10-17 22:49:51
09:50:22,18.71,-0.01,170,318328,卖盘,603938,2025-10-17 22:49:51
09:50:25,18.72,0.01,261,489095,买盘,603938,2025-10-17 22:49:51
09:50:28,18.74,0.02,279,522319,买盘,603938,2025-10-17 22:49:51
09:50:32,18.71,-0.03,293,547927,卖盘,603938,2025-10-17 22:49:51
09:50:35,18.72,0.01,176,330179,买盘,603938,2025-10-17 22:49:51
09:50:38,18.72,0.0,254,475386,卖盘,603938,2025-10-17 22:49:51
09:50:41,18.73,0.01,258,482816,买盘,603938,2025-10-17 22:49:51
09:50:44,18.67,-0.06,336,627664,卖盘,603938,2025-10-17 22:49:51
09:50:47,18.66,-0.01,125,233363,卖盘,603938,2025-10-17 22:49:51
09:50:50,18.7,0.04,187,349106,买盘,603938,2025-10-17 22:49:51
09:50:53,18.67,-0.03,6,11200,中性盘,603938,2025-10-17 22:49:51
09:50:56,18.69,0.02,140,261316,买盘,603938,2025-10-17 22:49:51
09:50:58,18.67,-0.02,305,568951,中性盘,603938,2025-10-17 22:49:51
09:51:02,18.63,-0.04,129,240447,卖盘,603938,2025-10-17 22:49:51
09:51:05,18.63,0.0,204,380032,买盘,603938,2025-10-17 22:49:51
09:51:08,18.61,-0.02,49,91233,卖盘,603938,2025-10-17 22:49:51
09:51:11,18.63,0.02,211,392862,买盘,603938,2025-10-17 22:49:51
09:51:14,18.63,0.0,127,236462,买盘,603938,2025-10-17 22:49:51
09:51:17,18.62,-0.01,168,312681,卖盘,603938,2025-10-17 22:49:51
09:51:19,18.61,-0.01,55,102393,卖盘,603938,2025-10-17 22:49:51
09:51:22,18.6,-0.01,589,1095691,卖盘,603938,2025-10-17 22:49:51
09:51:25,18.6,0.0,187,347596,买盘,603938,2025-10-17 22:49:51
09:51:28,18.58,-0.02,179,332746,卖盘,603938,2025-10-17 22:49:51
09:51:31,18.58,0.0,99,183987,卖盘,603938,2025-10-17 22:49:51
09:51:35,18.59,0.01,295,547765,买盘,603938,2025-10-17 22:49:51
09:51:37,18.56,-0.03,226,419687,卖盘,603938,2025-10-17 22:49:51
09:51:40,18.56,0.0,69,128064,买盘,603938,2025-10-17 22:49:51
09:51:44,18.56,0.0,195,361743,买盘,603938,2025-10-17 22:49:51
09:51:46,18.56,0.0,151,279455,买盘,603938,2025-10-17 22:49:51
09:51:49,18.55,-0.01,314,583221,卖盘,603938,2025-10-17 22:49:51
09:51:53,18.55,0.0,66,122416,买盘,603938,2025-10-17 22:49:51
09:51:55,18.54,-0.01,263,487123,中性盘,603938,2025-10-17 22:49:51
09:51:59,18.51,-0.03,344,636946,卖盘,603938,2025-10-17 22:49:51
09:52:02,18.51,0.0,403,745636,卖盘,603938,2025-10-17 22:49:51
09:52:05,18.51,0.0,142,262775,买盘,603938,2025-10-17 22:49:51
09:52:07,18.5,-0.01,1424,2634449,卖盘,603938,2025-10-17 22:49:51
09:52:11,18.47,-0.03,222,410154,卖盘,603938,2025-10-17 22:49:51
09:52:14,18.47,0.0,253,467305,卖盘,603938,2025-10-17 22:49:51
09:52:16,18.44,-0.03,212,391371,卖盘,603938,2025-10-17 22:49:51
09:52:20,18.44,0.0,70,129024,买盘,603938,2025-10-17 22:49:51
09:52:23,18.42,-0.02,144,265337,卖盘,603938,2025-10-17 22:49:51
09:52:25,18.42,0.0,242,445748,买盘,603938,2025-10-17 22:49:51
09:52:28,18.42,0.0,409,753211,卖盘,603938,2025-10-17 22:49:51
09:52:31,18.42,0.0,433,797332,买盘,603938,2025-10-17 22:49:51
09:52:34,18.42,0.0,455,838111,卖盘,603938,2025-10-17 22:49:51
09:52:38,18.4,-0.02,473,870625,卖盘,603938,2025-10-17 22:49:51
09:52:40,18.4,0.0,51,93838,买盘,603938,2025-10-17 22:49:51
09:52:43,18.38,-0.02,266,489152,卖盘,603938,2025-10-17 22:49:51
09:52:46,18.38,0.0,99,181942,买盘,603938,2025-10-17 22:49:51
09:52:50,18.37,-0.01,110,202134,卖盘,603938,2025-10-17 22:49:51
09:52:53,18.36,-0.01,86,157930,卖盘,603938,2025-10-17 22:49:51
09:52:56,18.35,-0.01,507,930563,卖盘,603938,2025-10-17 22:49:51
09:52:58,18.35,0.0,190,348712,卖盘,603938,2025-10-17 22:49:51
09:53:01,18.35,0.0,132,242211,买盘,603938,2025-10-17 22:49:51
09:53:04,18.34,-0.01,377,691741,卖盘,603938,2025-10-17 22:49:51
09:53:08,18.35,0.01,267,488945,买盘,603938,2025-10-17 22:49:51
09:53:10,18.34,-0.01,186,341867,卖盘,603938,2025-10-17 22:49:51
09:53:13,18.35,0.01,489,896323,买盘,603938,2025-10-17 22:49:51
09:53:17,18.34,-0.01,243,446048,中性盘,603938,2025-10-17 22:49:51
09:53:20,18.33,-0.01,196,359416,卖盘,603938,2025-10-17 22:49:51
09:53:23,18.33,0.0,173,317109,买盘,603938,2025-10-17 22:49:51
09:53:25,18.33,0.0,86,157592,买盘,603938,2025-10-17 22:49:51
09:53:29,18.33,0.0,263,482003,买盘,603938,2025-10-17 22:49:51
09:53:32,18.34,0.01,323,592838,买盘,603938,2025-10-17 22:49:51
09:53:34,18.34,0.0,598,1098086,卖盘,603938,2025-10-17 22:49:51
09:53:37,18.37,0.03,327,600230,买盘,603938,2025-10-17 22:49:51
09:53:40,18.37,0.0,133,244200,买盘,603938,2025-10-17 22:49:51
09:53:43,18.37,0.0,286,525372,买盘,603938,2025-10-17 22:49:51
09:53:46,18.38,0.01,436,801098,买盘,603938,2025-10-17 22:49:51
09:53:50,18.38,0.0,67,123139,买盘,603938,2025-10-17 22:49:51
09:53:53,18.4,0.02,78,143507,买盘,603938,2025-10-17 22:49:51
09:53:56,18.4,0.0,71,130630,买盘,603938,2025-10-17 22:49:51
09:53:59,18.41,0.01,197,362342,买盘,603938,2025-10-17 22:49:51
09:54:02,18.41,0.0,174,320329,买盘,603938,2025-10-17 22:49:51
09:54:04,18.4,-0.01,424,780380,卖盘,603938,2025-10-17 22:49:51
09:54:07,18.42,0.02,77,141821,买盘,603938,2025-10-17 22:49:51
09:54:11,18.45,0.03,92,169541,买盘,603938,2025-10-17 22:49:51
09:54:13,18.45,0.0,26,47959,买盘,603938,2025-10-17 22:49:51
09:54:16,18.45,0.0,648,1195272,买盘,603938,2025-10-17 22:49:51
09:54:20,18.45,0.0,147,271193,买盘,603938,2025-10-17 22:49:51
09:54:23,18.45,0.0,235,433571,买盘,603938,2025-10-17 22:49:51
09:54:26,18.45,0.0,115,212207,买盘,603938,2025-10-17 22:49:51
09:54:28,18.45,0.0,23,42453,卖盘,603938,2025-10-17 22:49:51
09:54:31,18.5,0.05,65,120021,买盘,603938,2025-10-17 22:49:51
09:54:34,18.49,-0.01,83,153474,卖盘,603938,2025-10-17 22:49:51
09:54:38,18.49,0.0,89,164524,卖盘,603938,2025-10-17 22:49:51
09:54:40,18.5,0.01,249,460998,买盘,603938,2025-10-17 22:49:51
09:54:43,18.47,-0.03,364,672452,卖盘,603938,2025-10-17 22:49:51
09:54:46,18.46,-0.01,250,461515,卖盘,603938,2025-10-17 22:49:51
09:54:50,18.46,0.0,213,393236,买盘,603938,2025-10-17 22:49:51
09:54:53,18.46,0.0,64,117792,买盘,603938,2025-10-17 22:49:51
09:54:55,18.47,0.01,42,77574,买盘,603938,2025-10-17 22:49:51
09:54:59,18.45,-0.02,523,965526,卖盘,603938,2025-10-17 22:49:51
09:55:02,18.45,0.0,197,363447,买盘,603938,2025-10-17 22:49:51
09:55:05,18.45,0.0,127,234315,买盘,603938,2025-10-17 22:49:51
09:55:08,18.45,0.0,82,150926,买盘,603938,2025-10-17 22:49:51
09:55:11,18.46,0.01,12,22148,买盘,603938,2025-10-17 22:49:51
09:55:13,18.46,0.0,38,70138,买盘,603938,2025-10-17 22:49:51
09:55:16,18.46,0.0,66,121835,买盘,603938,2025-10-17 22:49:51
09:55:20,18.46,0.0,28,51691,卖盘,603938,2025-10-17 22:49:51
09:55:23,18.46,0.0,380,701607,卖盘,603938,2025-10-17 22:49:51
09:55:26,18.45,-0.01,242,446756,卖盘,603938,2025-10-17 22:49:51
09:55:29,18.46,0.01,94,173460,买盘,603938,2025-10-17 22:49:51
09:55:32,18.45,-0.01,104,191883,中性盘,603938,2025-10-17 22:49:51
09:55:35,18.45,0.0,21,38745,买盘,603938,2025-10-17 22:49:51
09:55:38,18.46,0.01,96,177099,买盘,603938,2025-10-17 22:49:51
09:55:41,18.46,0.0,20,36920,买盘,603938,2025-10-17 22:49:51
09:55:44,18.43,-0.03,137,252698,卖盘,603938,2025-10-17 22:49:51
09:55:47,18.45,0.02,164,302613,中性盘,603938,2025-10-17 22:49:51
09:55:50,18.44,-0.01,103,190033,中性盘,603938,2025-10-17 22:49:51
09:55:52,18.43,-0.01,334,616062,卖盘,603938,2025-10-17 22:49:51
09:55:55,18.43,0.0,116,213781,买盘,603938,2025-10-17 22:49:51
09:55:59,18.42,-0.01,198,364772,卖盘,603938,2025-10-17 22:49:51
09:56:02,18.41,-0.01,199,366430,卖盘,603938,2025-10-17 22:49:51
09:56:05,18.41,0.0,145,266856,买盘,603938,2025-10-17 22:49:51
09:56:08,18.42,0.01,96,176751,买盘,603938,2025-10-17 22:49:51
09:56:11,18.37,-0.05,321,590382,卖盘,603938,2025-10-17 22:49:51
09:56:14,18.38,0.01,22,40433,买盘,603938,2025-10-17 22:49:51
09:56:17,18.38,0.0,77,141481,买盘,603938,2025-10-17 22:49:51
09:56:19,18.37,-0.01,182,334357,卖盘,603938,2025-10-17 22:49:51
09:56:23,18.37,0.0,58,106545,买盘,603938,2025-10-17 22:49:51
09:56:25,18.37,0.0,66,121204,买盘,603938,2025-10-17 22:49:51
09:56:29,18.36,-0.01,292,535766,卖盘,603938,2025-10-17 22:49:51
09:56:32,18.35,-0.01,34,62390,买盘,603938,2025-10-17 22:49:51
09:56:35,18.34,-0.01,19,34862,中性盘,603938,2025-10-17 22:49:51
09:56:38,18.35,0.01,86,157618,买盘,603938,2025-10-17 22:49:51
09:56:41,18.35,0.0,46,84358,买盘,603938,2025-10-17 22:49:51
09:56:44,18.33,-0.02,170,311204,卖盘,603938,2025-10-17 22:49:51
09:56:47,18.33,0.0,82,150277,买盘,603938,2025-10-17 22:49:51
09:56:49,18.33,0.0,72,131976,买盘,603938,2025-10-17 22:49:51
09:56:52,18.33,0.0,153,280375,买盘,603938,2025-10-17 22:49:51
09:56:55,18.32,-0.01,110,201934,卖盘,603938,2025-10-17 22:49:51
09:56:58,18.32,0.0,89,163048,买盘,603938,2025-10-17 22:49:51
09:57:01,18.31,-0.01,146,267349,卖盘,603938,2025-10-17 22:49:51
09:57:05,18.32,0.01,133,243559,买盘,603938,2025-10-17 22:49:51
09:57:08,18.31,-0.01,228,417482,卖盘,603938,2025-10-17 22:49:51
09:57:11,18.32,0.01,355,650072,买盘,603938,2025-10-17 22:49:51
09:57:14,18.32,0.0,79,144681,买盘,603938,2025-10-17 22:49:51
09:57:17,18.32,0.0,67,122736,买盘,603938,2025-10-17 22:49:51
09:57:20,18.32,0.0,167,305782,买盘,603938,2025-10-17 22:49:51
09:57:23,18.32,0.0,294,538989,买盘,603938,2025-10-17 22:49:51
09:57:26,18.33,0.01,207,379146,买盘,603938,2025-10-17 22:49:51
09:57:29,18.34,0.01,25,45841,买盘,603938,2025-10-17 22:49:51
09:57:32,18.35,0.01,129,236608,买盘,603938,2025-10-17 22:49:51
09:57:35,18.35,0.0,131,240221,买盘,603938,2025-10-17 22:49:51
09:57:38,18.33,-0.02,126,231505,卖盘,603938,2025-10-17 22:49:51
09:57:41,18.36,0.03,39,71598,买盘,603938,2025-10-17 22:49:51
09:57:44,18.35,-0.01,488,895895,卖盘,603938,2025-10-17 22:49:51
09:57:47,18.37,0.02,336,616638,买盘,603938,2025-10-17 22:49:51
09:57:50,18.36,-0.01,86,157920,卖盘,603938,2025-10-17 22:49:51
09:57:52,18.37,0.01,109,200223,买盘,603938,2025-10-17 22:49:51
09:57:56,18.37,0.0,228,418829,买盘,603938,2025-10-17 22:49:51
09:57:59,18.37,0.0,184,338003,买盘,603938,2025-10-17 22:49:51
09:58:01,18.37,0.0,70,128570,买盘,603938,2025-10-17 22:49:51
09:58:04,18.37,0.0,131,240644,买盘,603938,2025-10-17 22:49:51
09:58:07,18.37,0.0,86,157965,买盘,603938,2025-10-17 22:49:51
09:58:11,18.37,0.0,495,909329,买盘,603938,2025-10-17 22:49:51
09:58:13,18.38,0.01,72,132822,买盘,603938,2025-10-17 22:49:51
09:58:16,18.38,0.0,16,29408,买盘,603938,2025-10-17 22:49:51
09:58:20,18.39,0.01,234,429974,买盘,603938,2025-10-17 22:49:51
09:58:23,18.38,-0.01,169,310691,卖盘,603938,2025-10-17 22:49:51
09:58:25,18.4,0.02,115,211582,买盘,603938,2025-10-17 22:49:51
09:58:29,18.39,-0.01,48,87469,卖盘,603938,2025-10-17 22:49:51
09:58:31,18.41,0.02,68,125130,买盘,603938,2025-10-17 22:49:51
09:58:35,18.41,0.0,32,58912,买盘,603938,2025-10-17 22:49:51
09:58:37,18.42,0.01,95,174929,买盘,603938,2025-10-17 22:49:51
09:58:40,18.42,0.0,61,112332,买盘,603938,2025-10-17 22:49:51
09:58:44,18.42,0.0,27,49734,买盘,603938,2025-10-17 22:49:51
09:58:46,18.44,0.02,43,80027,买盘,603938,2025-10-17 22:49:51
09:58:50,18.45,0.01,25,46103,买盘,603938,2025-10-17 22:49:51
09:58:53,18.46,0.01,44,81193,买盘,603938,2025-10-17 22:49:51
09:58:56,18.46,0.0,103,190053,买盘,603938,2025-10-17 22:49:51
09:58:58,18.46,0.0,113,208600,买盘,603938,2025-10-17 22:49:51
09:59:02,18.47,0.01,66,121901,买盘,603938,2025-10-17 22:49:51
09:59:05,18.47,0.0,90,166230,买盘,603938,2025-10-17 22:49:51
09:59:08,18.47,0.0,156,287746,买盘,603938,2025-10-17 22:49:51
09:59:11,18.49,0.02,113,208576,买盘,603938,2025-10-17 22:49:51
09:59:14,18.49,0.0,69,127574,买盘,603938,2025-10-17 22:49:51
09:59:17,18.49,0.0,41,75824,买盘,603938,2025-10-17 22:49:51
09:59:20,18.5,0.01,34,62875,买盘,603938,2025-10-17 22:49:51
09:59:23,18.5,0.0,102,188697,买盘,603938,2025-10-17 22:49:51
09:59:26,18.5,0.0,229,423622,买盘,603938,2025-10-17 22:49:51
09:59:29,18.5,0.0,188,347800,买盘,603938,2025-10-17 22:49:51
09:59:32,18.5,0.0,394,728894,买盘,603938,2025-10-17 22:49:51
09:59:35,18.51,0.01,91,168403,买盘,603938,2025-10-17 22:49:51
09:59:38,18.52,0.01,103,190699,买盘,603938,2025-10-17 22:49:51
09:59:40,18.52,0.0,86,159264,买盘,603938,2025-10-17 22:49:51
09:59:43,18.59,0.07,405,752258,买盘,603938,2025-10-17 22:49:51
09:59:47,18.6,0.01,18,33468,买盘,603938,2025-10-17 22:49:51
09:59:49,18.6,0.0,282,524340,买盘,603938,2025-10-17 22:49:51
09:59:53,18.61,0.01,277,515221,买盘,603938,2025-10-17 22:49:51
09:59:56,18.63,0.02,152,282907,买盘,603938,2025-10-17 22:49:51
09:59:59,18.66,0.03,41,75714,买盘,603938,2025-10-17 22:49:51
10:00:01,18.67,0.01,31,57882,买盘,603938,2025-10-17 22:49:51
10:00:04,18.72,0.05,88,165499,买盘,603938,2025-10-17 22:49:51
10:00:07,18.72,0.0,62,115165,卖盘,603938,2025-10-17 22:49:51
10:00:11,18.74,0.02,144,270589,买盘,603938,2025-10-17 22:49:51
10:00:14,18.75,0.01,145,271801,买盘,603938,2025-10-17 22:49:51
10:00:17,18.75,0.0,201,376815,买盘,603938,2025-10-17 22:49:51
10:00:20,18.75,0.0,29,54389,买盘,603938,2025-10-17 22:49:51
10:00:23,18.74,-0.01,284,532633,卖盘,603938,2025-10-17 22:49:51
10:00:26,18.72,-0.02,691,1293773,卖盘,603938,2025-10-17 22:49:51
10:00:29,18.72,0.0,167,312593,卖盘,603938,2025-10-17 22:49:51
10:00:32,18.72,0.0,325,608396,买盘,603938,2025-10-17 22:49:51
10:00:35,18.68,-0.04,328,612953,中性盘,603938,2025-10-17 22:49:51
10:00:38,18.66,-0.02,20,37258,买盘,603938,2025-10-17 22:49:51
10:00:40,18.66,0.0,125,232748,买盘,603938,2025-10-17 22:49:51
10:00:44,18.61,-0.05,128,238672,卖盘,603938,2025-10-17 22:49:51
10:00:46,18.62,0.01,91,169299,买盘,603938,2025-10-17 22:49:51
10:00:50,18.61,-0.01,55,102342,中性盘,603938,2025-10-17 22:49:51
10:00:53,18.7,0.09,304,566531,买盘,603938,2025-10-17 22:49:51
10:00:56,18.72,0.02,173,323555,买盘,603938,2025-10-17 22:49:51
10:00:59,18.72,0.0,269,502726,买盘,603938,2025-10-17 22:49:51
10:01:02,18.72,0.0,127,237731,买盘,603938,2025-10-17 22:49:51
10:01:04,18.7,-0.02,80,149684,卖盘,603938,2025-10-17 22:49:51
10:01:07,18.72,0.02,64,119785,买盘,603938,2025-10-17 22:49:51
10:01:11,18.72,0.0,35,65501,买盘,603938,2025-10-17 22:49:51
10:01:14,18.83,0.11,555,1043612,买盘,603938,2025-10-17 22:49:51
10:01:17,18.74,-0.09,218,408522,卖盘,603938,2025-10-17 22:49:51
10:01:19,18.8,0.06,359,674838,买盘,603938,2025-10-17 22:49:51
10:01:23,18.8,0.0,74,138938,买盘,603938,2025-10-17 22:49:51
10:01:26,18.8,0.0,135,253625,买盘,603938,2025-10-17 22:49:51
10:01:29,18.75,-0.05,340,637767,中性盘,603938,2025-10-17 22:49:51
10:01:32,18.73,-0.02,125,233388,卖盘,603938,2025-10-17 22:49:51
10:01:34,18.73,0.0,78,145861,买盘,603938,2025-10-17 22:49:51
10:01:37,18.73,0.0,145,271308,买盘,603938,2025-10-17 22:49:51
10:01:40,18.65,-0.08,116,217129,卖盘,603938,2025-10-17 22:49:51
10:01:44,18.73,0.08,88,164532,买盘,603938,2025-10-17 22:49:51
10:01:47,18.73,0.0,143,267009,卖盘,603938,2025-10-17 22:49:51
10:01:50,18.63,-0.1,71,132326,卖盘,603938,2025-10-17 22:49:51
10:01:53,18.7,0.07,284,528913,买盘,603938,2025-10-17 22:49:51
10:01:56,18.62,-0.08,109,203650,卖盘,603938,2025-10-17 22:49:51
10:01:59,18.6,-0.02,66,122884,卖盘,603938,2025-10-17 22:49:51
10:02:01,18.6,0.0,111,206496,卖盘,603938,2025-10-17 22:49:51
10:02:05,18.59,-0.01,91,169173,中性盘,603938,2025-10-17 22:49:51
10:02:08,18.58,-0.01,54,100412,卖盘,603938,2025-10-17 22:49:51
10:02:10,18.6,0.02,66,122801,买盘,603938,2025-10-17 22:49:51
10:02:13,18.59,-0.01,124,230531,卖盘,603938,2025-10-17 22:49:51
10:02:16,18.6,0.01,49,91114,中性盘,603938,2025-10-17 22:49:51
10:02:20,18.59,-0.01,63,117127,卖盘,603938,2025-10-17 22:49:51
10:02:23,18.6,0.01,59,109739,买盘,603938,2025-10-17 22:49:51
10:02:26,18.6,0.0,158,293825,买盘,603938,2025-10-17 22:49:51
10:02:29,18.61,0.01,75,139118,买盘,603938,2025-10-17 22:49:51
10:02:32,18.62,0.01,14,26056,买盘,603938,2025-10-17 22:49:51
10:02:35,18.63,0.01,136,253299,买盘,603938,2025-10-17 22:49:51
10:02:38,18.63,0.0,8,14904,买盘,603938,2025-10-17 22:49:51
10:02:41,18.63,0.0,32,59616,买盘,603938,2025-10-17 22:49:51
10:02:44,18.66,0.03,22,40998,买盘,603938,2025-10-17 22:49:51
10:02:47,18.68,0.02,20,37352,买盘,603938,2025-10-17 22:49:51
10:02:50,18.68,0.0,140,260899,买盘,603938,2025-10-17 22:49:51
10:02:53,18.68,0.0,43,80345,买盘,603938,2025-10-17 22:49:51
10:02:56,18.68,0.0,50,93428,卖盘,603938,2025-10-17 22:49:51
10:02:58,18.69,0.01,56,104664,买盘,603938,2025-10-17 22:49:51
10:03:02,18.7,0.01,110,205597,买盘,603938,2025-10-17 22:49:51
10:03:05,18.7,0.0,28,52338,买盘,603938,2025-10-17 22:49:51
10:03:08,18.7,0.0,54,100980,买盘,603938,2025-10-17 22:49:51
10:03:11,18.7,0.0,23,43010,买盘,603938,2025-10-17 22:49:51
10:03:13,18.7,0.0,75,140243,买盘,603938,2025-10-17 22:49:51
10:03:16,18.69,-0.01,181,338455,卖盘,603938,2025-10-17 22:49:51
10:03:20,18.7,0.01,152,284210,买盘,603938,2025-10-17 22:49:51
10:03:23,18.7,0.0,46,86007,买盘,603938,2025-10-17 22:49:51
10:03:25,18.69,-0.01,417,779360,卖盘,603938,2025-10-17 22:49:51
10:03:28,18.67,-0.02,670,1251600,卖盘,603938,2025-10-17 22:49:51
10:03:31,18.63,-0.04,301,560900,卖盘,603938,2025-10-17 22:49:51
10:03:34,18.61,-0.02,61,113501,卖盘,603938,2025-10-17 22:49:51
10:03:37,18.59,-0.02,142,264024,卖盘,603938,2025-10-17 22:49:51
10:03:40,18.59,0.0,52,96672,卖盘,603938,2025-10-17 22:49:51
10:03:43,18.56,-0.03,196,364048,卖盘,603938,2025-10-17 22:49:51
10:03:46,18.55,-0.01,35,64934,卖盘,603938,2025-10-17 22:49:51
10:03:50,18.55,0.0,44,81643,卖盘,603938,2025-10-17 22:49:51
10:03:53,18.52,-0.03,70,129835,卖盘,603938,2025-10-17 22:49:51
10:03:56,18.52,0.0,20,37046,卖盘,603938,2025-10-17 22:49:51
10:03:59,18.52,0.0,13,24078,卖盘,603938,2025-10-17 22:49:51
10:04:02,18.53,0.01,32,59296,中性盘,603938,2025-10-17 22:49:51
10:04:05,18.54,0.01,48,88945,买盘,603938,2025-10-17 22:49:51
10:04:08,18.54,0.0,148,274359,买盘,603938,2025-10-17 22:49:51
10:04:11,18.55,0.01,13,24114,买盘,603938,2025-10-17 22:49:51
10:04:14,18.55,0.0,40,74194,买盘,603938,2025-10-17 22:49:51
10:04:17,18.55,0.0,163,302778,卖盘,603938,2025-10-17 22:49:51
10:04:20,18.59,0.04,37,68783,买盘,603938,2025-10-17 22:49:51
10:04:23,18.59,0.0,105,194933,买盘,603938,2025-10-17 22:49:51
10:04:26,18.59,0.0,27,50193,买盘,603938,2025-10-17 22:49:51
10:04:29,18.6,0.01,15,28629,买盘,603938,2025-10-17 22:49:51
10:04:32,18.59,-0.01,29,53920,卖盘,603938,2025-10-17 22:49:51
10:04:35,18.6,0.01,58,107843,买盘,603938,2025-10-17 22:49:51
10:04:38,18.61,0.01,184,342244,买盘,603938,2025-10-17 22:49:51
10:04:41,18.6,-0.01,35,65116,卖盘,603938,2025-10-17 22:49:51
10:04:44,18.55,-0.05,648,1204833,卖盘,603938,2025-10-17 22:49:51
10:04:47,18.55,0.0,279,518439,卖盘,603938,2025-10-17 22:49:51
10:04:49,18.55,0.0,33,61277,卖盘,603938,2025-10-17 22:49:51
10:04:53,18.59,0.04,17,30835,买盘,603938,2025-10-17 22:49:51
10:04:56,18.55,-0.04,74,136559,卖盘,603938,2025-10-17 22:49:51
10:04:59,18.55,0.0,51,95372,卖盘,603938,2025-10-17 22:49:51
10:05:01,18.55,0.0,64,118682,买盘,603938,2025-10-17 22:49:51
10:05:05,18.58,0.03,109,201419,买盘,603938,2025-10-17 22:49:51
10:05:08,18.55,-0.03,30,55650,卖盘,603938,2025-10-17 22:49:51
10:05:11,18.58,0.03,18,33429,买盘,603938,2025-10-17 22:49:51
10:05:14,18.58,0.0,3,5574,买盘,603938,2025-10-17 22:49:51
10:05:17,18.55,-0.03,53,98416,卖盘,603938,2025-10-17 22:49:51
10:05:23,18.55,0.0,6,11132,卖盘,603938,2025-10-17 22:49:51
10:05:26,18.58,0.03,13,24152,买盘,603938,2025-10-17 22:49:51
10:05:28,18.56,-0.02,2,3712,卖盘,603938,2025-10-17 22:49:51
10:05:32,18.58,0.02,3,5574,买盘,603938,2025-10-17 22:49:51
10:05:35,18.58,0.0,56,103948,买盘,603938,2025-10-17 22:49:51
10:05:38,18.58,0.0,8,14854,买盘,603938,2025-10-17 22:49:51
10:05:41,18.57,-0.01,16,29713,卖盘,603938,2025-10-17 22:49:51
10:05:44,18.56,-0.01,45,83528,卖盘,603938,2025-10-17 22:49:51
10:05:46,18.56,0.0,36,66799,买盘,603938,2025-10-17 22:49:51
10:05:50,18.55,-0.01,281,521960,卖盘,603938,2025-10-17 22:49:51
10:05:53,18.53,-0.02,8,14824,卖盘,603938,2025-10-17 22:49:51
10:05:56,18.53,0.0,31,57425,买盘,603938,2025-10-17 22:49:51
10:05:59,18.53,0.0,282,522483,买盘,603938,2025-10-17 22:49:51
10:06:01,18.54,0.01,58,107547,中性盘,603938,2025-10-17 22:49:51
10:06:04,18.55,0.01,4,7420,买盘,603938,2025-10-17 22:49:51
10:06:07,18.55,0.0,128,237348,买盘,603938,2025-10-17 22:49:51
10:06:11,18.55,0.0,219,405489,买盘,603938,2025-10-17 22:49:51
10:06:14,18.55,0.0,11,20405,卖盘,603938,2025-10-17 22:49:51
10:06:17,18.52,-0.03,190,353016,卖盘,603938,2025-10-17 22:49:51
10:06:20,18.55,0.03,10,18550,中性盘,603938,2025-10-17 22:49:51
10:06:23,18.53,-0.02,160,296990,卖盘,603938,2025-10-17 22:49:51
10:06:26,18.53,0.0,37,68550,买盘,603938,2025-10-17 22:49:51
10:06:32,18.52,-0.01,67,124285,卖盘,603938,2025-10-17 22:49:51
10:06:35,18.57,0.05,144,267274,买盘,603938,2025-10-17 22:49:51
10:06:38,18.52,-0.05,20,37059,卖盘,603938,2025-10-17 22:49:51
10:06:41,18.55,0.03,5,9275,买盘,603938,2025-10-17 22:49:51
10:06:44,18.53,-0.02,11,20401,卖盘,603938,2025-10-17 22:49:51
10:06:47,18.53,0.0,4,7412,卖盘,603938,2025-10-17 22:49:51
10:06:50,18.56,0.03,21,38928,买盘,603938,2025-10-17 22:49:51
10:06:53,18.55,-0.01,7,12986,卖盘,603938,2025-10-17 22:49:51
10:06:56,18.53,-0.02,22,40804,卖盘,603938,2025-10-17 22:49:51
10:06:59,18.55,0.02,54,100152,买盘,603938,2025-10-17 22:49:51
10:07:02,18.55,0.0,70,129850,卖盘,603938,2025-10-17 22:49:51
10:07:05,18.55,0.0,33,61215,卖盘,603938,2025-10-17 22:49:51
10:07:08,18.56,0.01,15,27834,买盘,603938,2025-10-17 22:49:51
10:07:11,18.55,-0.01,62,115020,卖盘,603938,2025-10-17 22:49:51
10:07:17,18.56,0.01,39,72385,卖盘,603938,2025-10-17 22:49:51
10:07:20,18.55,-0.01,131,243055,卖盘,603938,2025-10-17 22:49:51
10:07:23,18.55,0.0,144,267108,卖盘,603938,2025-10-17 22:49:51
10:07:26,18.55,0.0,10,18550,买盘,603938,2025-10-17 22:49:51
10:07:29,18.55,0.0,81,150156,买盘,603938,2025-10-17 22:49:51
10:07:32,18.53,-0.02,14,25968,卖盘,603938,2025-10-17 22:49:51
10:07:35,18.53,0.0,17,31515,卖盘,603938,2025-10-17 22:49:51
10:07:38,18.55,0.02,33,61200,买盘,603938,2025-10-17 22:49:51
10:07:41,18.55,0.0,67,124285,买盘,603938,2025-10-17 22:49:51
10:07:44,18.53,-0.02,84,155734,卖盘,603938,2025-10-17 22:49:51
10:07:47,18.52,-0.01,19,35203,卖盘,603938,2025-10-17 22:49:51
10:07:50,18.54,0.02,4,7419,中性盘,603938,2025-10-17 22:49:51
10:07:53,18.55,0.01,94,175106,买盘,603938,2025-10-17 22:49:51
10:07:56,18.54,-0.01,194,359877,卖盘,603938,2025-10-17 22:49:51
10:07:59,18.55,0.01,28,51941,卖盘,603938,2025-10-17 22:49:51
10:08:02,18.57,0.02,4,7428,买盘,603938,2025-10-17 22:49:51
10:08:08,18.57,0.0,78,145489,买盘,603938,2025-10-17 22:49:51
10:08:11,18.57,0.0,39,72396,买盘,603938,2025-10-17 22:49:51
10:08:14,18.55,-0.02,3,5565,买盘,603938,2025-10-17 22:49:51
10:08:16,18.57,0.02,19,34540,买盘,603938,2025-10-17 22:49:51
10:08:20,18.58,0.01,24,44554,买盘,603938,2025-10-17 22:49:51
10:08:23,18.58,0.0,318,590840,买盘,603938,2025-10-17 22:49:51
10:08:26,18.58,0.0,176,326969,买盘,603938,2025-10-17 22:49:51
10:08:29,18.58,0.0,315,585278,卖盘,603938,2025-10-17 22:49:51
10:08:32,18.59,0.01,56,104079,买盘,603938,2025-10-17 22:49:51
10:08:35,18.6,0.01,14,26030,买盘,603938,2025-10-17 22:49:51
10:08:38,18.6,0.0,61,113366,买盘,603938,2025-10-17 22:49:51
10:08:41,18.6,0.0,14,26040,买盘,603938,2025-10-17 22:49:51
10:08:44,18.6,0.0,29,53940,买盘,603938,2025-10-17 22:49:51
10:08:47,18.6,0.0,128,238080,买盘,603938,2025-10-17 22:49:51
10:08:50,18.6,0.0,169,313967,买盘,603938,2025-10-17 22:49:51
10:08:53,18.6,0.0,43,79980,买盘,603938,2025-10-17 22:49:51
10:08:56,18.6,0.0,110,204872,买盘,603938,2025-10-17 22:49:51
10:08:59,18.6,0.0,31,57654,买盘,603938,2025-10-17 22:49:51
10:09:01,18.6,0.0,114,211643,买盘,603938,2025-10-17 22:49:51
10:09:04,18.6,0.0,42,78120,卖盘,603938,2025-10-17 22:49:51
10:09:08,18.6,0.0,140,260433,卖盘,603938,2025-10-17 22:49:51
10:09:10,18.59,-0.01,79,147346,卖盘,603938,2025-10-17 22:49:51
10:09:14,18.6,0.01,102,189762,买盘,603938,2025-10-17 22:49:51
10:09:16,18.61,0.01,2,3721,买盘,603938,2025-10-17 22:49:51
10:09:23,18.6,-0.01,23,42797,卖盘,603938,2025-10-17 22:49:51
10:09:26,18.6,0.0,22,40920,买盘,603938,2025-10-17 22:49:51
10:09:29,18.6,0.0,16,29756,买盘,603938,2025-10-17 22:49:51
10:09:32,18.6,0.0,42,78112,买盘,603938,2025-10-17 22:49:51
10:09:35,18.6,0.0,85,158070,买盘,603938,2025-10-17 22:49:51
10:09:38,18.6,0.0,44,82584,买盘,603938,2025-10-17 22:49:51
10:09:43,18.6,0.0,320,595505,卖盘,603938,2025-10-17 22:49:51
10:09:46,18.61,0.01,40,74437,买盘,603938,2025-10-17 22:49:51
10:09:53,18.61,0.0,65,120516,买盘,603938,2025-10-17 22:49:51
10:09:59,18.65,0.04,71,132126,买盘,603938,2025-10-17 22:49:51
10:10:02,18.65,0.0,30,55950,买盘,603938,2025-10-17 22:49:51
10:10:04,18.64,-0.01,13,24220,中性盘,603938,2025-10-17 22:49:51
10:10:08,18.64,0.0,13,24232,买盘,603938,2025-10-17 22:49:51
10:10:11,18.6,-0.04,112,208027,卖盘,603938,2025-10-17 22:49:51
10:10:13,18.6,0.0,8,14879,买盘,603938,2025-10-17 22:49:51
10:10:17,18.6,0.0,2,3720,买盘,603938,2025-10-17 22:49:51
10:10:20,18.6,0.0,11,20460,买盘,603938,2025-10-17 22:49:51
10:10:23,18.6,0.0,43,79980,买盘,603938,2025-10-17 22:49:51
10:10:26,18.61,0.01,54,100740,买盘,603938,2025-10-17 22:49:51
10:10:29,18.6,-0.01,5,9300,卖盘,603938,2025-10-17 22:49:51
10:10:32,18.62,0.02,15,27929,买盘,603938,2025-10-17 22:49:51
10:10:35,18.62,0.0,61,113582,卖盘,603938,2025-10-17 22:49:51
10:10:38,18.62,0.0,25,46552,卖盘,603938,2025-10-17 22:49:51
10:10:41,18.6,-0.02,7,13028,卖盘,603938,2025-10-17 22:49:51
10:10:44,18.62,0.02,16,29792,中性盘,603938,2025-10-17 22:49:51
10:10:47,18.62,0.0,2,3723,买盘,603938,2025-10-17 22:49:51
10:10:50,18.63,0.01,76,141534,买盘,603938,2025-10-17 22:49:51
10:10:53,18.62,-0.01,62,115818,卖盘,603938,2025-10-17 22:49:51
10:10:56,18.64,0.02,226,420551,买盘,603938,2025-10-17 22:49:51
10:10:59,18.65,0.01,126,234789,买盘,603938,2025-10-17 22:49:51
10:11:02,18.63,-0.02,17,31382,卖盘,603938,2025-10-17 22:49:51
10:11:04,18.64,0.01,9,16775,买盘,603938,2025-10-17 22:49:51
10:11:07,18.63,-0.01,248,462605,卖盘,603938,2025-10-17 22:49:51
10:11:11,18.65,0.02,19,35409,买盘,603938,2025-10-17 22:49:51
10:11:13,18.65,0.0,30,55927,买盘,603938,2025-10-17 22:49:51
10:11:17,18.66,0.01,43,80154,买盘,603938,2025-10-17 22:49:51
10:11:20,18.68,0.02,28,52266,买盘,603938,2025-10-17 22:49:51
10:11:23,18.68,0.0,12,22416,买盘,603938,2025-10-17 22:49:51
10:11:26,18.69,0.01,84,156954,买盘,603938,2025-10-17 22:49:51
10:11:28,18.69,0.0,42,78487,买盘,603938,2025-10-17 22:49:51
10:11:31,18.69,0.0,49,91525,买盘,603938,2025-10-17 22:49:51
10:11:34,18.69,0.0,105,196245,买盘,603938,2025-10-17 22:49:51
10:11:38,18.69,0.0,33,61673,买盘,603938,2025-10-17 22:49:51
10:11:41,18.68,-0.01,51,94566,卖盘,603938,2025-10-17 22:49:51
10:11:43,18.69,0.01,47,87844,中性盘,603938,2025-10-17 22:49:51
10:11:46,18.7,0.01,277,517606,买盘,603938,2025-10-17 22:49:51
10:11:50,18.72,0.02,88,164666,买盘,603938,2025-10-17 22:49:51
10:11:53,18.71,-0.01,3,5615,卖盘,603938,2025-10-17 22:49:51
10:11:56,18.72,0.01,154,288280,买盘,603938,2025-10-17 22:49:51
10:11:59,18.72,0.0,28,52422,买盘,603938,2025-10-17 22:49:51
10:12:01,18.72,0.0,22,40822,卖盘,603938,2025-10-17 22:49:51
10:12:04,18.75,0.03,32,60000,买盘,603938,2025-10-17 22:49:51
10:12:07,18.74,-0.01,305,571300,卖盘,603938,2025-10-17 22:49:51
10:12:10,18.76,0.02,16,29991,买盘,603938,2025-10-17 22:49:51
10:12:16,18.79,0.03,12,22532,买盘,603938,2025-10-17 22:49:51
10:12:20,18.78,-0.01,31,58219,卖盘,603938,2025-10-17 22:49:51
10:12:23,18.78,0.0,219,411277,卖盘,603938,2025-10-17 22:49:51
10:12:26,18.79,0.01,126,236676,买盘,603938,2025-10-17 22:49:51
10:12:29,18.79,0.0,117,219835,买盘,603938,2025-10-17 22:49:51
10:12:32,18.8,0.01,14,26314,买盘,603938,2025-10-17 22:49:51
10:12:35,18.8,0.0,101,189875,买盘,603938,2025-10-17 22:49:51
10:12:38,18.8,0.0,344,646704,买盘,603938,2025-10-17 22:49:51
10:12:40,18.82,0.02,79,149292,买盘,603938,2025-10-17 22:49:51
10:12:44,18.82,0.0,22,41388,买盘,603938,2025-10-17 22:49:51
10:12:47,18.84,0.02,28,52718,买盘,603938,2025-10-17 22:49:51
10:12:49,18.85,0.01,449,845089,买盘,603938,2025-10-17 22:49:51
10:12:52,18.86,0.01,85,159509,买盘,603938,2025-10-17 22:49:51
10:12:56,18.86,0.0,91,171568,买盘,603938,2025-10-17 22:49:51
10:12:58,18.87,0.01,93,175396,买盘,603938,2025-10-17 22:49:51
10:13:02,18.86,-0.01,321,605483,卖盘,603938,2025-10-17 22:49:51
10:13:04,18.86,0.0,128,241406,买盘,603938,2025-10-17 22:49:51
10:13:08,18.86,0.0,55,103726,买盘,603938,2025-10-17 22:49:51
10:13:11,18.86,0.0,118,222487,买盘,603938,2025-10-17 22:49:51
10:13:14,18.84,-0.02,185,348602,卖盘,603938,2025-10-17 22:49:51
10:13:17,18.83,-0.01,241,453757,卖盘,603938,2025-10-17 22:49:51
10:13:20,18.79,-0.04,139,261323,卖盘,603938,2025-10-17 22:49:51
10:13:22,18.78,-0.01,103,193591,卖盘,603938,2025-10-17 22:49:51
10:13:25,18.78,0.0,17,31923,卖盘,603938,2025-10-17 22:49:51
10:13:29,18.74,-0.04,25,46916,卖盘,603938,2025-10-17 22:49:51
10:13:32,18.75,0.01,21,39362,买盘,603938,2025-10-17 22:49:51
10:13:34,18.71,-0.04,37,69648,卖盘,603938,2025-10-17 22:49:51
10:13:38,18.72,0.01,10,18713,买盘,603938,2025-10-17 22:49:51
10:13:40,18.7,-0.02,71,132790,卖盘,603938,2025-10-17 22:49:51
10:13:44,18.71,0.01,14,26194,中性盘,603938,2025-10-17 22:49:51
10:13:46,18.71,0.0,49,91680,卖盘,603938,2025-10-17 22:49:51
10:13:50,18.72,0.01,32,59904,买盘,603938,2025-10-17 22:49:51
10:13:52,18.72,0.0,59,110412,买盘,603938,2025-10-17 22:49:51
10:13:56,18.72,0.0,68,127328,卖盘,603938,2025-10-17 22:49:51
10:13:59,18.73,0.01,27,50191,买盘,603938,2025-10-17 22:49:51
10:14:01,18.74,0.01,55,103100,买盘,603938,2025-10-17 22:49:51
10:14:04,18.74,0.0,7,13119,卖盘,603938,2025-10-17 22:49:51
10:14:07,18.75,0.01,26,48735,买盘,603938,2025-10-17 22:49:51
10:14:10,18.74,-0.01,9,16867,卖盘,603938,2025-10-17 22:49:51
10:14:14,18.74,0.0,38,71202,买盘,603938,2025-10-17 22:49:51
10:14:17,18.74,0.0,53,99332,买盘,603938,2025-10-17 22:49:51
10:14:20,18.73,-0.01,30,56193,卖盘,603938,2025-10-17 22:49:51
10:14:23,18.74,0.01,74,138639,买盘,603938,2025-10-17 22:49:51
10:14:25,18.74,0.0,63,118045,买盘,603938,2025-10-17 22:49:51
10:14:28,18.74,0.0,1,1874,买盘,603938,2025-10-17 22:49:51
10:14:31,18.74,0.0,127,238692,买盘,603938,2025-10-17 22:49:51
10:14:35,18.74,0.0,53,98498,卖盘,603938,2025-10-17 22:49:51
10:14:37,18.71,-0.03,38,71158,卖盘,603938,2025-10-17 22:49:51
10:14:41,18.69,-0.02,181,338894,卖盘,603938,2025-10-17 22:49:51
10:14:44,18.69,0.0,175,327051,卖盘,603938,2025-10-17 22:49:51
10:14:47,18.67,-0.02,125,234237,卖盘,603938,2025-10-17 22:49:51
10:14:50,18.66,-0.01,60,111940,卖盘,603938,2025-10-17 22:49:51
10:14:53,18.65,-0.01,26,48496,卖盘,603938,2025-10-17 22:49:51
10:14:55,18.66,0.01,10,18657,买盘,603938,2025-10-17 22:49:51
10:14:59,18.65,-0.01,21,39179,卖盘,603938,2025-10-17 22:49:51
10:15:02,18.66,0.01,4,7464,买盘,603938,2025-10-17 22:49:51
10:15:05,18.66,0.0,73,136182,买盘,603938,2025-10-17 22:49:51
10:15:08,18.66,0.0,15,27985,买盘,603938,2025-10-17 22:49:51
10:15:11,18.65,-0.01,289,539179,卖盘,603938,2025-10-17 22:49:51
10:15:13,18.66,0.01,18,33586,中性盘,603938,2025-10-17 22:49:51
10:15:16,18.66,0.0,7,13062,买盘,603938,2025-10-17 22:49:51
10:15:19,18.66,0.0,6,11197,卖盘,603938,2025-10-17 22:49:51
10:15:22,18.66,0.0,34,63446,卖盘,603938,2025-10-17 22:49:51
10:15:25,18.68,0.02,52,97134,买盘,603938,2025-10-17 22:49:51
10:15:28,18.68,0.0,102,190536,买盘,603938,2025-10-17 22:49:51
10:15:31,18.66,-0.02,8,14942,卖盘,603938,2025-10-17 22:49:51
10:15:34,18.67,0.01,31,58614,中性盘,603938,2025-10-17 22:49:51
10:15:37,18.68,0.01,55,102740,买盘,603938,2025-10-17 22:49:51
10:15:40,18.68,0.0,6,11208,买盘,603938,2025-10-17 22:49:51
10:15:44,18.68,0.0,34,63512,买盘,603938,2025-10-17 22:49:51
10:15:47,18.67,-0.01,2,3735,卖盘,603938,2025-10-17 22:49:51
10:15:50,18.68,0.01,37,69105,买盘,603938,2025-10-17 22:49:51
10:15:52,18.68,0.0,17,31756,买盘,603938,2025-10-17 22:49:51
10:15:56,18.68,0.0,73,136364,买盘,603938,2025-10-17 22:49:51
10:15:58,18.68,0.0,16,29879,买盘,603938,2025-10-17 22:49:51
10:16:02,18.68,0.0,68,127019,买盘,603938,2025-10-17 22:49:51
10:16:05,18.68,0.0,4,7472,买盘,603938,2025-10-17 22:49:51
10:16:08,18.68,0.0,19,35492,买盘,603938,2025-10-17 22:49:51
10:16:11,18.65,-0.03,200,372406,卖盘,603938,2025-10-17 22:49:51
10:16:14,18.68,0.03,383,715048,买盘,603938,2025-10-17 22:49:51
10:16:16,18.68,0.0,14,26150,买盘,603938,2025-10-17 22:49:51
10:16:20,18.68,0.0,2,3736,买盘,603938,2025-10-17 22:49:51
10:16:22,18.6,-0.08,200,372558,卖盘,603938,2025-10-17 22:49:51
10:16:25,18.64,0.04,11,20504,中性盘,603938,2025-10-17 22:49:51
10:16:31,18.66,0.02,30,56005,卖盘,603938,2025-10-17 22:49:51
10:16:35,18.67,0.01,6,11201,中性盘,603938,2025-10-17 22:49:51
10:16:38,18.66,-0.01,9,16799,卖盘,603938,2025-10-17 22:49:51
10:16:40,18.68,0.02,102,190392,买盘,603938,2025-10-17 22:49:51
10:16:43,18.67,-0.01,32,59718,卖盘,603938,2025-10-17 22:49:51
10:16:46,18.65,-0.02,53,98866,卖盘,603938,2025-10-17 22:49:51
10:16:49,18.62,-0.03,37,68892,卖盘,603938,2025-10-17 22:49:51
10:16:53,18.65,0.03,120,223438,买盘,603938,2025-10-17 22:49:51
10:16:56,18.65,0.0,12,22339,买盘,603938,2025-10-17 22:49:51
10:16:59,18.62,-0.03,13,24206,卖盘,603938,2025-10-17 22:49:51
10:17:02,18.6,-0.02,95,176876,卖盘,603938,2025-10-17 22:49:51
10:17:04,18.62,0.02,7,13034,买盘,603938,2025-10-17 22:49:51
10:17:11,18.61,-0.01,10,18609,中性盘,603938,2025-10-17 22:49:51
10:17:14,18.62,0.01,54,100447,买盘,603938,2025-10-17 22:49:51
10:17:20,18.62,0.0,3,5586,买盘,603938,2025-10-17 22:49:51
10:17:23,18.61,-0.01,24,44682,卖盘,603938,2025-10-17 22:49:51
10:17:25,18.6,-0.01,22,40930,卖盘,603938,2025-10-17 22:49:51
10:17:28,18.59,-0.01,118,219103,卖盘,603938,2025-10-17 22:49:51
10:17:31,18.57,-0.02,139,258322,卖盘,603938,2025-10-17 22:49:51
10:17:34,18.57,0.0,116,215408,卖盘,603938,2025-10-17 22:49:51
10:17:38,18.56,-0.01,53,99111,卖盘,603938,2025-10-17 22:49:51
10:17:41,18.55,-0.01,133,246781,卖盘,603938,2025-10-17 22:49:51
10:17:43,18.55,0.0,22,40809,买盘,603938,2025-10-17 22:49:51
10:17:47,18.55,0.0,45,83475,买盘,603938,2025-10-17 22:49:51
10:17:49,18.55,0.0,26,48227,买盘,603938,2025-10-17 22:49:51
10:17:52,18.55,0.0,26,48220,买盘,603938,2025-10-17 22:49:51
10:17:55,18.55,0.0,224,415031,买盘,603938,2025-10-17 22:49:51
10:17:58,18.55,0.0,22,40789,买盘,603938,2025-10-17 22:49:51
10:18:02,18.54,-0.01,26,48209,中性盘,603938,2025-10-17 22:49:51
10:18:04,18.52,-0.02,14,25928,卖盘,603938,2025-10-17 22:49:51
10:18:08,18.5,-0.02,476,881332,卖盘,603938,2025-10-17 22:49:51
10:18:11,18.48,-0.02,108,199688,卖盘,603938,2025-10-17 22:49:51
10:18:14,18.47,-0.01,113,208892,卖盘,603938,2025-10-17 22:49:51
10:18:17,18.47,0.0,77,142264,卖盘,603938,2025-10-17 22:49:51
10:18:19,18.47,0.0,33,60951,卖盘,603938,2025-10-17 22:49:51
10:18:22,18.47,0.0,38,70186,买盘,603938,2025-10-17 22:49:51
10:18:25,18.46,-0.01,67,124052,卖盘,603938,2025-10-17 22:49:51
10:18:28,18.46,0.0,94,173474,买盘,603938,2025-10-17 22:49:51
10:18:31,18.46,0.0,109,201147,买盘,603938,2025-10-17 22:49:51
10:18:35,18.46,0.0,4,7384,买盘,603938,2025-10-17 22:49:51
10:18:38,18.45,-0.01,49,90401,卖盘,603938,2025-10-17 22:49:51
10:18:41,18.43,-0.02,35,64572,卖盘,603938,2025-10-17 22:49:51
10:18:44,18.44,0.01,3,5533,中性盘,603938,2025-10-17 22:49:51
10:18:47,18.43,-0.01,7,12903,卖盘,603938,2025-10-17 22:49:51
10:18:50,18.44,0.01,97,178813,买盘,603938,2025-10-17 22:49:51
10:18:52,18.44,0.0,1,1844,买盘,603938,2025-10-17 22:49:51
10:18:55,18.43,-0.01,1,1843,卖盘,603938,2025-10-17 22:49:51
10:18:59,18.4,-0.03,662,1218970,卖盘,603938,2025-10-17 22:49:51
10:19:05,18.43,0.03,70,129055,卖盘,603938,2025-10-17 22:49:51
10:19:10,18.42,-0.01,19,35007,卖盘,603938,2025-10-17 22:49:51
10:19:14,18.44,0.02,186,342672,买盘,603938,2025-10-17 22:49:51
10:19:17,18.44,0.0,114,210278,买盘,603938,2025-10-17 22:49:51
10:19:19,18.43,-0.01,38,70029,卖盘,603938,2025-10-17 22:49:51
10:19:23,18.45,0.02,5,9225,买盘,603938,2025-10-17 22:49:51
10:19:26,18.44,-0.01,52,95910,卖盘,603938,2025-10-17 22:49:51
10:19:28,18.45,0.01,72,132831,买盘,603938,2025-10-17 22:49:51
10:19:31,18.46,0.01,35,63845,买盘,603938,2025-10-17 22:49:51
10:19:34,18.46,0.0,257,474422,买盘,603938,2025-10-17 22:49:51
10:19:37,18.46,0.0,557,1027858,买盘,603938,2025-10-17 22:49:51
10:19:41,18.47,0.01,28,51713,买盘,603938,2025-10-17 22:49:51
10:19:43,18.49,0.02,119,219763,买盘,603938,2025-10-17 22:49:51
10:19:46,18.49,0.0,6,11094,买盘,603938,2025-10-17 22:49:51
10:19:49,18.49,0.0,45,83241,卖盘,603938,2025-10-17 22:49:51
10:19:52,18.49,0.0,7,12945,卖盘,603938,2025-10-17 22:49:51
10:19:55,18.49,0.0,60,110955,卖盘,603938,2025-10-17 22:49:51
10:19:59,18.5,0.01,38,70298,买盘,603938,2025-10-17 22:49:51
10:20:02,18.48,-0.02,112,207090,卖盘,603938,2025-10-17 22:49:51
10:20:04,18.49,0.01,38,70253,买盘,603938,2025-10-17 22:49:51
10:20:07,18.49,0.0,6,11094,买盘,603938,2025-10-17 22:49:51
10:20:10,18.49,0.0,12,22188,买盘,603938,2025-10-17 22:49:51
10:20:13,18.48,-0.01,51,94264,卖盘,603938,2025-10-17 22:49:51
10:20:16,18.49,0.01,15,27730,买盘,603938,2025-10-17 22:49:51
10:20:19,18.49,0.0,7,12943,买盘,603938,2025-10-17 22:49:51
10:20:22,18.49,0.0,3,5547,买盘,603938,2025-10-17 22:49:51
10:20:25,18.48,-0.01,45,83175,卖盘,603938,2025-10-17 22:49:51
10:20:29,18.49,0.01,12,22187,买盘,603938,2025-10-17 22:49:51
10:20:31,18.49,0.0,11,20333,买盘,603938,2025-10-17 22:49:51
10:20:34,18.48,-0.01,83,153386,卖盘,603938,2025-10-17 22:49:51
10:20:38,18.48,0.0,13,24024,买盘,603938,2025-10-17 22:49:51
10:20:40,18.48,0.0,32,59136,买盘,603938,2025-10-17 22:49:51
10:20:44,18.48,0.0,14,25863,买盘,603938,2025-10-17 22:49:51
10:20:46,18.47,-0.01,63,116373,卖盘,603938,2025-10-17 22:49:51
10:20:50,18.47,0.0,14,25858,买盘,603938,2025-10-17 22:49:51
10:20:53,18.47,0.0,12,22164,买盘,603938,2025-10-17 22:49:51
10:20:56,18.46,-0.01,33,60935,卖盘,603938,2025-10-17 22:49:51
10:20:59,18.46,0.0,14,25849,卖盘,603938,2025-10-17 22:49:51
10:21:02,18.46,0.0,31,57226,卖盘,603938,2025-10-17 22:49:51
10:21:04,18.46,0.0,21,38769,卖盘,603938,2025-10-17 22:49:51
10:21:07,18.47,0.01,43,79421,买盘,603938,2025-10-17 22:49:51
10:21:11,18.47,0.0,8,14773,买盘,603938,2025-10-17 22:49:51
10:21:13,18.46,-0.01,10,18460,卖盘,603938,2025-10-17 22:49:51
10:21:17,18.47,0.01,60,110820,买盘,603938,2025-10-17 22:49:51
10:21:20,18.46,-0.01,155,286216,卖盘,603938,2025-10-17 22:49:51
10:21:22,18.46,0.0,1,1846,买盘,603938,2025-10-17 22:49:51
10:21:25,18.46,0.0,25,46150,买盘,603938,2025-10-17 22:49:51
10:21:29,18.46,0.0,11,20306,买盘,603938,2025-10-17 22:49:51
10:21:31,18.46,0.0,77,142119,买盘,603938,2025-10-17 22:49:51
10:21:34,18.46,0.0,50,92300,卖盘,603938,2025-10-17 22:49:51
10:21:37,18.47,0.01,31,57242,买盘,603938,2025-10-17 22:49:51
10:21:41,18.47,0.0,1,1847,卖盘,603938,2025-10-17 22:49:51
10:21:44,18.48,0.01,16,29568,买盘,603938,2025-10-17 22:49:51
10:21:46,18.47,-0.01,44,81268,卖盘,603938,2025-10-17 22:49:51
10:21:49,18.47,0.0,2,3694,买盘,603938,2025-10-17 22:49:51
10:21:53,18.47,0.0,85,156995,买盘,603938,2025-10-17 22:49:51
10:21:56,18.47,0.0,9,16624,卖盘,603938,2025-10-17 22:49:51
10:21:58,18.46,-0.01,188,347140,卖盘,603938,2025-10-17 22:49:51
10:22:01,18.47,0.01,33,60928,买盘,603938,2025-10-17 22:49:51
10:22:05,18.47,0.0,61,112667,买盘,603938,2025-10-17 22:49:51
10:22:08,18.47,0.0,7,12929,买盘,603938,2025-10-17 22:49:51
10:22:11,18.46,-0.01,8,14773,卖盘,603938,2025-10-17 22:49:51
10:22:14,18.47,0.01,15,28444,买盘,603938,2025-10-17 22:49:51
10:22:17,18.47,0.0,10,18470,卖盘,603938,2025-10-17 22:49:51
10:22:20,18.48,0.01,11,20323,买盘,603938,2025-10-17 22:49:51
10:22:23,18.45,-0.03,727,1341725,卖盘,603938,2025-10-17 22:49:51
10:22:26,18.45,0.0,41,75645,买盘,603938,2025-10-17 22:49:51
10:22:29,18.44,-0.01,4,7376,卖盘,603938,2025-10-17 22:49:51
10:22:32,18.45,0.01,8,14760,买盘,603938,2025-10-17 22:49:51
10:22:35,18.45,0.0,14,25824,买盘,603938,2025-10-17 22:49:51
10:22:38,18.45,0.0,62,114368,买盘,603938,2025-10-17 22:49:51
10:22:40,18.45,0.0,517,953861,买盘,603938,2025-10-17 22:49:51
10:22:44,18.44,-0.01,226,416757,卖盘,603938,2025-10-17 22:49:51
10:22:47,18.43,-0.01,20,36870,卖盘,603938,2025-10-17 22:49:51
10:22:50,18.44,0.01,79,145642,买盘,603938,2025-10-17 22:49:51
10:22:52,18.43,-0.01,739,1360102,卖盘,603938,2025-10-17 22:49:51
10:22:56,18.43,0.0,12,22116,买盘,603938,2025-10-17 22:49:51
10:22:59,18.4,-0.03,72,133217,卖盘,603938,2025-10-17 22:49:51
10:23:02,18.4,0.0,7,12880,买盘,603938,2025-10-17 22:49:51
10:23:05,18.4,0.0,107,196880,买盘,603938,2025-10-17 22:49:51
10:23:08,18.39,-0.01,79,145308,卖盘,603938,2025-10-17 22:49:51
10:23:11,18.38,-0.01,4,7355,卖盘,603938,2025-10-17 22:49:51
10:23:14,18.39,0.01,2,3678,买盘,603938,2025-10-17 22:49:51
10:23:17,18.38,-0.01,132,242618,卖盘,603938,2025-10-17 22:49:51
10:23:20,18.38,0.0,11,20224,卖盘,603938,2025-10-17 22:49:51
10:23:23,18.38,0.0,23,42276,卖盘,603938,2025-10-17 22:49:51
10:23:26,18.39,0.01,233,428151,买盘,603938,2025-10-17 22:49:51
10:23:32,18.39,0.0,38,69870,买盘,603938,2025-10-17 22:49:51
10:23:35,18.39,0.0,11,20229,买盘,603938,2025-10-17 22:49:51
10:23:37,18.39,0.0,13,23907,买盘,603938,2025-10-17 22:49:51
10:23:41,18.38,-0.01,34,62494,卖盘,603938,2025-10-17 22:49:51
10:23:43,18.39,0.01,89,163575,买盘,603938,2025-10-17 22:49:51
10:23:47,18.39,0.0,21,38609,买盘,603938,2025-10-17 22:49:51
10:23:50,18.39,0.0,27,49653,买盘,603938,2025-10-17 22:49:51
10:23:53,18.38,-0.01,155,285011,卖盘,603938,2025-10-17 22:49:51
10:23:56,18.39,0.01,179,329175,买盘,603938,2025-10-17 22:49:51
10:23:59,18.38,-0.01,36,66168,卖盘,603938,2025-10-17 22:49:51
10:24:02,18.39,0.01,12,22068,买盘,603938,2025-10-17 22:49:51
10:24:05,18.39,0.0,1,1839,买盘,603938,2025-10-17 22:49:51
10:24:08,18.39,0.0,42,77221,买盘,603938,2025-10-17 22:49:51
10:24:10,18.39,0.0,28,51492,买盘,603938,2025-10-17 22:49:51
10:24:14,18.39,0.0,35,64365,买盘,603938,2025-10-17 22:49:51
10:24:16,18.39,0.0,59,107765,买盘,603938,2025-10-17 22:49:51
10:24:19,18.39,0.0,27,49653,卖盘,603938,2025-10-17 22:49:51
10:24:22,18.4,0.01,61,112946,买盘,603938,2025-10-17 22:49:51
10:24:25,18.4,0.0,13,23911,买盘,603938,2025-10-17 22:49:51
10:24:28,18.4,0.0,5,9200,买盘,603938,2025-10-17 22:49:51
10:24:32,18.4,0.0,14,25760,买盘,603938,2025-10-17 22:49:51
10:24:34,18.39,-0.01,4,7359,卖盘,603938,2025-10-17 22:49:51
10:24:38,18.4,0.01,29,53335,买盘,603938,2025-10-17 22:49:51
10:24:40,18.4,0.0,12,22070,买盘,603938,2025-10-17 22:49:51
10:24:43,18.4,0.0,6,11040,买盘,603938,2025-10-17 22:49:51
10:24:46,18.4,0.0,61,112240,买盘,603938,2025-10-17 22:49:51
10:24:49,18.4,0.0,61,112240,买盘,603938,2025-10-17 22:49:51
10:24:53,18.4,0.0,38,69920,买盘,603938,2025-10-17 22:49:51
10:24:56,18.4,0.0,82,150880,买盘,603938,2025-10-17 22:49:51
10:24:58,18.4,0.0,49,90160,买盘,603938,2025-10-17 22:49:51
10:25:01,18.4,0.0,55,101195,买盘,603938,2025-10-17 22:49:51
10:25:04,18.4,0.0,57,104108,买盘,603938,2025-10-17 22:49:51
10:25:07,18.41,0.01,2,3682,买盘,603938,2025-10-17 22:49:51
10:25:11,18.4,-0.01,36,66984,卖盘,603938,2025-10-17 22:49:51
10:25:17,18.43,0.03,14,25810,买盘,603938,2025-10-17 22:49:51
10:25:20,18.44,0.01,12,22128,买盘,603938,2025-10-17 22:49:51
10:25:22,18.44,0.0,2,3688,买盘,603938,2025-10-17 22:49:51
10:25:26,18.44,0.0,8,14752,买盘,603938,2025-10-17 22:49:51
10:25:29,18.44,0.0,34,62696,买盘,603938,2025-10-17 22:49:51
10:25:31,18.44,0.0,18,33177,买盘,603938,2025-10-17 22:49:51
10:25:35,18.44,0.0,29,53476,买盘,603938,2025-10-17 22:49:51
10:25:38,18.44,0.0,123,226812,买盘,603938,2025-10-17 22:49:51
10:25:41,18.44,0.0,34,62696,买盘,603938,2025-10-17 22:49:51
10:25:44,18.43,-0.01,29,53456,卖盘,603938,2025-10-17 22:49:51
10:25:46,18.44,0.01,48,88498,买盘,603938,2025-10-17 22:49:51
10:25:49,18.44,0.0,2,3688,买盘,603938,2025-10-17 22:49:51
10:25:52,18.44,0.0,113,208366,买盘,603938,2025-10-17 22:49:51
10:25:56,18.44,0.0,64,118016,买盘,603938,2025-10-17 22:49:51
10:25:58,18.44,0.0,2,3688,卖盘,603938,2025-10-17 22:49:51
10:26:02,18.45,0.01,10,18450,买盘,603938,2025-10-17 22:49:51
10:26:05,18.45,0.0,278,512172,买盘,603938,2025-10-17 22:49:51
10:26:10,18.47,0.02,17,31389,买盘,603938,2025-10-17 22:49:51
10:26:13,18.46,-0.01,10,18467,中性盘,603938,2025-10-17 22:49:51
10:26:17,18.47,0.01,11,20317,买盘,603938,2025-10-17 22:49:51
10:26:20,18.48,0.01,61,112696,买盘,603938,2025-10-17 22:49:51
10:26:23,18.47,-0.01,2,3694,卖盘,603938,2025-10-17 22:49:51
10:26:26,18.47,0.0,17,31399,卖盘,603938,2025-10-17 22:49:51
10:26:28,18.48,0.01,37,68376,买盘,603938,2025-10-17 22:49:51
10:26:32,18.48,0.0,32,59136,买盘,603938,2025-10-17 22:49:51
10:26:34,18.48,0.0,29,53592,买盘,603938,2025-10-17 22:49:51
10:26:38,18.48,0.0,26,48047,买盘,603938,2025-10-17 22:49:51
10:26:40,18.47,-0.01,36,66518,卖盘,603938,2025-10-17 22:49:51
10:26:44,18.48,0.01,21,38803,买盘,603938,2025-10-17 22:49:51
10:26:47,18.48,0.0,60,110880,买盘,603938,2025-10-17 22:49:51
10:26:49,18.48,0.0,15,27720,买盘,603938,2025-10-17 22:49:51
10:26:52,18.48,0.0,18,33263,买盘,603938,2025-10-17 22:49:51
10:26:58,18.48,0.0,5,9240,买盘,603938,2025-10-17 22:49:51
10:27:01,18.47,-0.01,54,99791,卖盘,603938,2025-10-17 22:49:51
10:27:04,18.48,0.01,12,22176,买盘,603938,2025-10-17 22:49:51
10:27:07,18.48,0.0,1,1848,买盘,603938,2025-10-17 22:49:51
10:27:10,18.48,0.0,23,42504,买盘,603938,2025-10-17 22:49:51
10:27:13,18.48,0.0,17,31416,买盘,603938,2025-10-17 22:49:51
10:27:16,18.49,0.01,59,109013,买盘,603938,2025-10-17 22:49:51
10:27:23,18.49,0.0,178,329090,买盘,603938,2025-10-17 22:49:51
10:27:26,18.49,0.0,9,16641,买盘,603938,2025-10-17 22:49:51
10:27:28,18.49,0.0,36,66563,买盘,603938,2025-10-17 22:49:51
10:27:31,18.49,0.0,4,8135,买盘,603938,2025-10-17 22:49:51
10:27:35,18.5,0.01,6,11099,买盘,603938,2025-10-17 22:49:51
10:27:37,18.5,0.0,37,68450,买盘,603938,2025-10-17 22:49:51
10:27:40,18.5,0.0,254,469894,买盘,603938,2025-10-17 22:49:51
10:27:44,18.5,0.0,38,70290,买盘,603938,2025-10-17 22:49:51
10:27:46,18.5,0.0,9,16649,买盘,603938,2025-10-17 22:49:51
10:27:50,18.5,0.0,20,37000,买盘,603938,2025-10-17 22:49:51
10:27:52,18.5,0.0,94,173900,买盘,603938,2025-10-17 22:49:51
10:27:56,18.5,0.0,120,221995,买盘,603938,2025-10-17 22:49:51
10:27:59,18.5,0.0,28,51800,买盘,603938,2025-10-17 22:49:51
10:28:02,18.5,0.0,16,29600,买盘,603938,2025-10-17 22:49:51
10:28:04,18.5,0.0,31,57350,买盘,603938,2025-10-17 22:49:51
10:28:07,18.5,0.0,2,3700,买盘,603938,2025-10-17 22:49:51
10:28:11,18.5,0.0,23,42550,买盘,603938,2025-10-17 22:49:51
10:28:14,18.5,0.0,33,61043,买盘,603938,2025-10-17 22:49:51
10:28:17,18.5,0.0,8,14797,买盘,603938,2025-10-17 22:49:51
10:28:20,18.5,0.0,46,85099,买盘,603938,2025-10-17 22:49:51
10:28:23,18.5,0.0,78,144272,买盘,603938,2025-10-17 22:49:51
10:28:25,18.5,0.0,115,212735,买盘,603938,2025-10-17 22:49:51
10:28:29,18.5,0.0,60,111000,买盘,603938,2025-10-17 22:49:51
10:28:32,18.5,0.0,27,49941,买盘,603938,2025-10-17 22:49:51
10:28:35,18.5,0.0,25,46250,买盘,603938,2025-10-17 22:49:51
10:28:37,18.5,0.0,21,38850,买盘,603938,2025-10-17 22:49:51
10:28:43,18.5,0.0,1,1850,买盘,603938,2025-10-17 22:49:51
10:28:47,18.5,0.0,3,5550,买盘,603938,2025-10-17 22:49:51
10:28:50,18.5,0.0,7,12950,买盘,603938,2025-10-17 22:49:51
10:28:52,18.5,0.0,11,20350,买盘,603938,2025-10-17 22:49:51
10:28:56,18.5,0.0,55,101733,买盘,603938,2025-10-17 22:49:51
10:28:59,18.5,0.0,26,48100,买盘,603938,2025-10-17 22:49:51
10:29:05,18.5,0.0,40,73969,买盘,603938,2025-10-17 22:49:51
10:29:08,18.49,-0.01,346,639756,卖盘,603938,2025-10-17 22:49:51
10:29:11,18.49,0.0,67,123153,卖盘,603938,2025-10-17 22:49:51
10:29:14,18.48,-0.01,11,20331,卖盘,603938,2025-10-17 22:49:51
10:29:17,18.46,-0.02,531,979850,卖盘,603938,2025-10-17 22:49:51
10:29:20,18.46,0.0,15,27690,卖盘,603938,2025-10-17 22:49:51
10:29:22,18.46,0.0,1,1846,买盘,603938,2025-10-17 22:49:51
10:29:29,18.46,0.0,41,75686,买盘,603938,2025-10-17 22:49:51
10:29:31,18.46,0.0,15,27670,买盘,603938,2025-10-17 22:49:51
10:29:34,18.46,0.0,5,9230,买盘,603938,2025-10-17 22:49:51
10:29:41,18.46,0.0,15,27670,买盘,603938,2025-10-17 22:49:51
10:29:44,18.46,0.0,5,9230,买盘,603938,2025-10-17 22:49:51
10:29:46,18.46,0.0,17,31382,买盘,603938,2025-10-17 22:49:51
10:29:50,18.43,-0.03,5,9215,卖盘,603938,2025-10-17 22:49:51
10:29:53,18.4,-0.03,354,651426,卖盘,603938,2025-10-17 22:49:51
10:29:55,18.4,0.0,69,126960,买盘,603938,2025-10-17 22:49:51
10:29:59,18.4,0.0,7,12888,中性盘,603938,2025-10-17 22:49:51
10:30:02,18.4,0.0,25,46069,卖盘,603938,2025-10-17 22:49:51
10:30:05,18.45,0.05,123,227228,买盘,603938,2025-10-17 22:49:51
10:30:08,18.4,-0.05,3,5153,卖盘,603938,2025-10-17 22:49:51
10:30:11,18.45,0.05,5,9216,买盘,603938,2025-10-17 22:49:51
10:30:16,18.45,0.0,1,1845,买盘,603938,2025-10-17 22:49:51
10:30:20,18.45,0.0,21,38697,买盘,603938,2025-10-17 22:49:51
10:30:23,18.45,0.0,13,23974,买盘,603938,2025-10-17 22:49:51
10:30:25,18.44,-0.01,162,298213,中性盘,603938,2025-10-17 22:49:51
10:30:28,18.45,0.01,131,241695,买盘,603938,2025-10-17 22:49:51
10:30:32,18.44,-0.01,40,73760,卖盘,603938,2025-10-17 22:49:51
10:30:35,18.45,0.01,6,11070,买盘,603938,2025-10-17 22:49:51
10:30:37,18.45,0.0,20,36900,买盘,603938,2025-10-17 22:49:51
10:30:40,18.45,0.0,5,9223,买盘,603938,2025-10-17 22:49:51
10:30:43,18.45,0.0,44,81178,买盘,603938,2025-10-17 22:49:51
10:30:46,18.45,0.0,129,238354,买盘,603938,2025-10-17 22:49:51
10:30:50,18.46,0.01,3,5538,买盘,603938,2025-10-17 22:49:51
10:30:55,18.46,0.0,20,36920,买盘,603938,2025-10-17 22:49:51
10:30:58,18.46,0.0,31,57226,买盘,603938,2025-10-17 22:49:51
10:31:01,18.46,0.0,40,73840,卖盘,603938,2025-10-17 22:49:51
10:31:04,18.49,0.03,2,3696,买盘,603938,2025-10-17 22:49:51
10:31:08,18.49,0.0,17,31433,买盘,603938,2025-10-17 22:49:51
10:31:11,18.49,0.0,1,1849,买盘,603938,2025-10-17 22:49:51
10:31:14,18.49,0.0,1,1849,买盘,603938,2025-10-17 22:49:51
10:31:17,18.47,-0.02,32,59112,卖盘,603938,2025-10-17 22:49:51
10:31:20,18.47,0.0,10,18470,买盘,603938,2025-10-17 22:49:51
10:31:23,18.47,0.0,9,16623,买盘,603938,2025-10-17 22:49:51
10:31:26,18.47,0.0,111,205017,买盘,603938,2025-10-17 22:49:51
10:31:29,18.47,0.0,43,79421,买盘,603938,2025-10-17 22:49:51
10:31:35,18.49,0.02,35,64715,买盘,603938,2025-10-17 22:49:51
10:31:40,18.49,0.0,102,188598,买盘,603938,2025-10-17 22:49:51
10:31:44,18.5,0.01,16,30337,买盘,603938,2025-10-17 22:49:51
10:31:46,18.5,0.0,1,1850,买盘,603938,2025-10-17 22:49:51
10:31:49,18.5,0.0,319,590150,买盘,603938,2025-10-17 22:49:51
10:31:52,18.5,0.0,18,33300,买盘,603938,2025-10-17 22:49:51
10:31:56,18.52,0.02,117,216471,买盘,603938,2025-10-17 22:49:51
10:31:58,18.53,0.01,35,64814,买盘,603938,2025-10-17 22:49:51
10:32:01,18.53,0.0,4,7412,买盘,603938,2025-10-17 22:49:51
10:32:04,18.53,0.0,23,42619,买盘,603938,2025-10-17 22:49:51
10:32:11,18.54,0.01,47,87138,买盘,603938,2025-10-17 22:49:51
10:32:14,18.54,0.0,3,5562,买盘,603938,2025-10-17 22:49:51
10:32:16,18.54,0.0,491,910309,买盘,603938,2025-10-17 22:49:51
10:32:19,18.55,0.01,22,40807,买盘,603938,2025-10-17 22:49:51
10:32:23,18.57,0.02,60,111314,买盘,603938,2025-10-17 22:49:51
10:32:26,18.57,0.0,17,31568,买盘,603938,2025-10-17 22:49:51
10:32:29,18.57,0.0,4,7428,买盘,603938,2025-10-17 22:49:51
10:32:31,18.57,0.0,52,96564,买盘,603938,2025-10-17 22:49:51
10:32:35,18.58,0.01,8,14857,买盘,603938,2025-10-17 22:49:51
10:32:38,18.58,0.0,9,16722,买盘,603938,2025-10-17 22:49:51
10:32:40,18.58,0.0,19,35302,买盘,603938,2025-10-17 22:49:51
10:32:43,18.59,0.01,98,182132,买盘,603938,2025-10-17 22:49:51
10:32:47,18.61,0.02,1942,3611125,买盘,603938,2025-10-17 22:49:51
10:32:50,18.61,0.0,11,20471,买盘,603938,2025-10-17 22:49:51
10:32:52,18.62,0.01,9,16754,买盘,603938,2025-10-17 22:49:51
10:32:56,18.62,0.0,68,126562,买盘,603938,2025-10-17 22:49:51
10:32:59,18.62,0.0,85,158270,买盘,603938,2025-10-17 22:49:51
10:33:01,18.62,0.0,63,117306,买盘,603938,2025-10-17 22:49:51
10:33:08,18.64,0.02,8,14906,买盘,603938,2025-10-17 22:49:51
10:33:10,18.64,0.0,24,44736,卖盘,603938,2025-10-17 22:49:51
10:33:13,18.64,0.0,10,18640,买盘,603938,2025-10-17 22:49:51
10:33:16,18.65,0.01,22,41015,买盘,603938,2025-10-17 22:49:51
10:33:20,18.65,0.0,12,22369,买盘,603938,2025-10-17 22:49:51
10:33:23,18.66,0.01,40,74610,买盘,603938,2025-10-17 22:49:51
10:33:28,18.66,0.0,87,162336,买盘,603938,2025-10-17 22:49:51
10:33:32,18.66,0.0,1,1866,卖盘,603938,2025-10-17 22:49:51
10:33:35,18.68,0.02,7,13072,买盘,603938,2025-10-17 22:49:51
10:33:38,18.68,0.0,5,9338,买盘,603938,2025-10-17 22:49:51
10:33:41,18.68,0.0,4,7471,买盘,603938,2025-10-17 22:49:51
10:33:44,18.68,0.0,430,803620,买盘,603938,2025-10-17 22:49:51
10:33:47,18.68,0.0,270,504378,卖盘,603938,2025-10-17 22:49:51
10:33:50,18.69,0.01,94,175049,买盘,603938,2025-10-17 22:49:51
10:33:53,18.68,-0.01,11,20548,卖盘,603938,2025-10-17 22:49:51
10:33:55,18.66,-0.02,12,22406,卖盘,603938,2025-10-17 22:49:51
10:33:59,18.69,0.03,13,24261,买盘,603938,2025-10-17 22:49:51
10:34:02,18.66,-0.03,12,22406,卖盘,603938,2025-10-17 22:49:51
10:34:05,18.66,0.0,123,229586,卖盘,603938,2025-10-17 22:49:51
10:34:08,18.63,-0.03,71,132310,卖盘,603938,2025-10-17 22:49:51
10:34:11,18.62,-0.01,93,173190,卖盘,603938,2025-10-17 22:49:51
10:34:13,18.62,0.0,2,3724,买盘,603938,2025-10-17 22:49:51
10:34:17,18.61,-0.01,106,197266,卖盘,603938,2025-10-17 22:49:51
10:34:20,18.62,0.01,253,470523,买盘,603938,2025-10-17 22:49:51
10:34:22,18.61,-0.01,19,35329,中性盘,603938,2025-10-17 22:49:51
10:34:26,18.61,0.0,4,7444,买盘,603938,2025-10-17 22:49:51
10:34:29,18.59,-0.02,1,1859,中性盘,603938,2025-10-17 22:49:51
10:34:31,18.61,0.02,20,37175,买盘,603938,2025-10-17 22:49:51
10:34:34,18.61,0.0,2,3722,买盘,603938,2025-10-17 22:49:51
10:34:37,18.57,-0.04,117,217592,卖盘,603938,2025-10-17 22:49:51
10:34:41,18.57,0.0,18,33426,买盘,603938,2025-10-17 22:49:51
10:34:44,18.57,0.0,2,3713,买盘,603938,2025-10-17 22:49:51
10:34:46,18.57,0.0,36,66852,买盘,603938,2025-10-17 22:49:51
10:34:50,18.57,0.0,22,40856,卖盘,603938,2025-10-17 22:49:51
10:34:53,18.57,0.0,18,33426,卖盘,603938,2025-10-17 22:49:51
10:34:55,18.57,0.0,14,25998,买盘,603938,2025-10-17 22:49:51
10:34:58,18.58,0.01,13,24142,买盘,603938,2025-10-17 22:49:51
10:35:01,18.57,-0.01,47,87287,中性盘,603938,2025-10-17 22:49:51
10:35:08,18.57,0.0,19,35299,卖盘,603938,2025-10-17 22:49:51
10:35:10,18.57,0.0,1,1857,买盘,603938,2025-10-17 22:49:51
10:35:14,18.59,0.02,40,74344,买盘,603938,2025-10-17 22:49:51
10:35:17,18.57,-0.02,67,124311,中性盘,603938,2025-10-17 22:49:51
10:35:20,18.56,-0.01,46,85399,卖盘,603938,2025-10-17 22:49:51
10:35:23,18.57,0.01,20,37140,卖盘,603938,2025-10-17 22:49:51
10:35:25,18.58,0.01,7,13006,买盘,603938,2025-10-17 22:49:51
10:35:29,18.58,0.0,5,9288,买盘,603938,2025-10-17 22:49:51
10:35:32,18.57,-0.01,19,35287,卖盘,603938,2025-10-17 22:49:51
10:35:37,18.56,-0.01,21,38984,卖盘,603938,2025-10-17 22:49:51
10:35:41,18.56,0.0,2,3712,买盘,603938,2025-10-17 22:49:51
10:35:43,18.57,0.01,10,18570,买盘,603938,2025-10-17 22:49:51
10:35:47,18.57,0.0,5,9285,买盘,603938,2025-10-17 22:49:51
10:35:55,18.57,0.0,19,35283,买盘,603938,2025-10-17 22:49:51
10:35:59,18.58,0.01,2,3716,买盘,603938,2025-10-17 22:49:51
10:36:02,18.58,0.0,30,55740,买盘,603938,2025-10-17 22:49:51
10:36:04,18.58,0.0,18,33444,买盘,603938,2025-10-17 22:49:51
10:36:08,18.6,0.02,169,314270,买盘,603938,2025-10-17 22:49:51
10:36:10,18.6,0.0,15,27900,买盘,603938,2025-10-17 22:49:51
10:36:14,18.6,0.0,12,22320,买盘,603938,2025-10-17 22:49:51
10:36:17,18.61,0.01,37,68821,买盘,603938,2025-10-17 22:49:51
10:36:19,18.61,0.0,21,39067,买盘,603938,2025-10-17 22:49:51
10:36:22,18.61,0.0,2,3722,买盘,603938,2025-10-17 22:49:51
10:36:26,18.6,-0.01,12,22323,卖盘,603938,2025-10-17 22:49:51
10:36:29,18.61,0.01,1,1861,买盘,603938,2025-10-17 22:49:51
10:36:31,18.61,0.0,4,7444,买盘,603938,2025-10-17 22:49:51
10:36:34,18.6,-0.01,108,200962,卖盘,603938,2025-10-17 22:49:51
10:36:37,18.6,0.0,6,11160,买盘,603938,2025-10-17 22:49:51
10:36:41,18.59,-0.01,1,1859,卖盘,603938,2025-10-17 22:49:51
10:36:43,18.59,0.0,78,145002,卖盘,603938,2025-10-17 22:49:51
10:36:47,18.58,-0.01,91,169082,卖盘,603938,2025-10-17 22:49:51
10:36:50,18.59,0.01,74,137519,买盘,603938,2025-10-17 22:49:51
10:36:53,18.57,-0.02,9,16713,卖盘,603938,2025-10-17 22:49:51
10:36:55,18.56,-0.01,36,66837,卖盘,603938,2025-10-17 22:49:51
10:36:58,18.56,0.0,261,484425,卖盘,603938,2025-10-17 22:49:51
10:37:02,18.56,0.0,47,87232,卖盘,603938,2025-10-17 22:49:51
10:37:04,18.55,-0.01,66,122430,卖盘,603938,2025-10-17 22:49:51
10:37:08,18.55,0.0,61,113096,买盘,603938,2025-10-17 22:49:51
10:37:11,18.55,0.0,4,7420,买盘,603938,2025-10-17 22:49:51
10:37:14,18.55,0.0,3,5565,买盘,603938,2025-10-17 22:49:51
10:37:17,18.54,-0.01,37,68622,卖盘,603938,2025-10-17 22:49:51
10:37:19,18.55,0.01,22,40810,买盘,603938,2025-10-17 22:49:51
10:37:23,18.55,0.0,15,27821,买盘,603938,2025-10-17 22:49:51
10:37:29,18.54,-0.01,2,3708,买盘,603938,2025-10-17 22:49:51
10:37:32,18.54,0.0,13,24092,买盘,603938,2025-10-17 22:49:51
10:37:35,18.53,-0.01,4,7412,卖盘,603938,2025-10-17 22:49:51
10:37:37,18.54,0.01,2,3707,买盘,603938,2025-10-17 22:49:51
10:37:41,18.54,0.0,2,3708,买盘,603938,2025-10-17 22:49:51
10:37:47,18.53,-0.01,52,96356,卖盘,603938,2025-10-17 22:49:51
10:37:50,18.5,-0.03,136,251634,卖盘,603938,2025-10-17 22:49:51
10:37:53,18.5,0.0,6,11100,买盘,603938,2025-10-17 22:49:51
10:37:58,18.5,0.0,1,1850,买盘,603938,2025-10-17 22:49:51
10:38:01,18.5,0.0,12,22198,买盘,603938,2025-10-17 22:49:51
10:38:05,18.5,0.0,2,3700,买盘,603938,2025-10-17 22:49:51
10:38:08,18.47,-0.03,100,184835,卖盘,603938,2025-10-17 22:49:51
10:38:14,18.49,0.02,62,114556,买盘,603938,2025-10-17 22:49:51
10:38:23,18.47,-0.02,8,15515,中性盘,603938,2025-10-17 22:49:51
10:38:25,18.47,0.0,1,1847,卖盘,603938,2025-10-17 22:49:51
10:38:34,18.47,0.0,39,72043,卖盘,603938,2025-10-17 22:49:51
10:38:49,18.47,0.0,2,3695,卖盘,603938,2025-10-17 22:49:51
10:38:58,18.48,0.01,10,18480,买盘,603938,2025-10-17 22:49:51
10:39:05,18.47,-0.01,17,31031,卖盘,603938,2025-10-17 22:49:51
10:39:07,18.49,0.02,29,53621,买盘,603938,2025-10-17 22:49:51
10:39:11,18.49,0.0,4,7396,买盘,603938,2025-10-17 22:49:51
10:39:17,18.48,-0.01,19,35112,卖盘,603938,2025-10-17 22:49:51
10:39:20,18.5,0.02,1,1850,买盘,603938,2025-10-17 22:49:51
10:39:23,18.49,-0.01,3,5547,卖盘,603938,2025-10-17 22:49:51
10:39:26,18.5,0.01,9,16650,买盘,603938,2025-10-17 22:49:51
10:39:29,18.5,0.0,9,16650,买盘,603938,2025-10-17 22:49:51
10:39:32,18.5,0.0,8,14800,买盘,603938,2025-10-17 22:49:51
10:39:35,18.5,0.0,16,29600,买盘,603938,2025-10-17 22:49:51
10:39:37,18.5,0.0,16,29600,买盘,603938,2025-10-17 22:49:51
10:39:41,18.5,0.0,11,20347,买盘,603938,2025-10-17 22:49:51
10:39:43,18.49,-0.01,38,70265,卖盘,603938,2025-10-17 22:49:51
10:39:47,18.5,0.01,11,20346,买盘,603938,2025-10-17 22:49:51
10:39:50,18.5,0.0,28,51800,买盘,603938,2025-10-17 22:49:51
10:39:53,18.5,0.0,15,27750,买盘,603938,2025-10-17 22:49:51
10:39:55,18.5,0.0,52,96200,买盘,603938,2025-10-17 22:49:51
10:39:59,18.5,0.0,11,20350,买盘,603938,2025-10-17 22:49:51
10:40:01,18.5,0.0,1,1850,买盘,603938,2025-10-17 22:49:51
10:40:04,18.5,0.0,22,40700,买盘,603938,2025-10-17 22:49:51
10:40:07,18.5,0.0,3,5550,买盘,603938,2025-10-17 22:49:51
10:40:11,18.5,0.0,2,3700,买盘,603938,2025-10-17 22:49:51
10:40:14,18.5,0.0,64,118400,买盘,603938,2025-10-17 22:49:51
10:40:22,18.51,0.01,1,1851,卖盘,603938,2025-10-17 22:49:51
10:40:26,18.51,0.0,4,7406,买盘,603938,2025-10-17 22:49:51
10:40:29,18.49,-0.02,102,188672,卖盘,603938,2025-10-17 22:49:51
10:40:32,18.51,0.02,13,24064,中性盘,603938,2025-10-17 22:49:51
10:40:34,18.52,0.01,13,24068,买盘,603938,2025-10-17 22:49:51
10:40:37,18.53,0.01,1,1853,买盘,603938,2025-10-17 22:49:51
10:40:41,18.53,0.0,14,25942,买盘,603938,2025-10-17 22:49:51
10:40:46,18.53,0.0,18,33354,买盘,603938,2025-10-17 22:49:51
10:40:53,18.54,0.01,19,35226,买盘,603938,2025-10-17 22:49:51
10:40:58,18.55,0.01,19,35228,买盘,603938,2025-10-17 22:49:51
10:41:02,18.55,0.0,53,98315,买盘,603938,2025-10-17 22:49:51
10:41:05,18.55,0.0,2,3710,买盘,603938,2025-10-17 22:49:51
10:41:08,18.55,0.0,8,14840,买盘,603938,2025-10-17 22:49:51
10:41:11,18.55,0.0,7,12984,买盘,603938,2025-10-17 22:49:51
10:41:14,18.55,0.0,12,22255,买盘,603938,2025-10-17 22:49:51
10:41:16,18.55,0.0,2,3710,买盘,603938,2025-10-17 22:49:51
10:41:20,18.54,-0.01,52,96417,卖盘,603938,2025-10-17 22:49:51
10:41:22,18.54,0.0,88,163151,卖盘,603938,2025-10-17 22:49:51
10:41:26,18.52,-0.02,416,770779,卖盘,603938,2025-10-17 22:49:51
10:41:28,18.52,0.0,20,37024,买盘,603938,2025-10-17 22:49:51
10:41:31,18.51,-0.01,72,133282,卖盘,603938,2025-10-17 22:49:51
10:41:34,18.51,0.0,1,1851,买盘,603938,2025-10-17 22:49:51
10:41:37,18.51,0.0,15,27752,买盘,603938,2025-10-17 22:49:51
10:41:41,18.51,0.0,23,42573,买盘,603938,2025-10-17 22:49:51
10:41:43,18.5,-0.01,6,11105,卖盘,603938,2025-10-17 22:49:51
10:41:52,18.51,0.01,15,27394,卖盘,603938,2025-10-17 22:49:51
10:41:56,18.51,0.0,2,3702,买盘,603938,2025-10-17 22:49:51
10:41:58,18.51,0.0,5,9255,买盘,603938,2025-10-17 22:49:51
10:42:01,18.5,-0.01,1,1850,卖盘,603938,2025-10-17 22:49:51
10:42:04,18.5,0.0,23,42550,卖盘,603938,2025-10-17 22:49:51
10:42:11,18.5,0.0,9,16650,买盘,603938,2025-10-17 22:49:51
10:42:14,18.51,0.01,2,3702,买盘,603938,2025-10-17 22:49:51
10:42:17,18.5,-0.01,92,170200,卖盘,603938,2025-10-17 22:49:51
10:42:19,18.51,0.01,26,48118,买盘,603938,2025-10-17 22:49:51
10:42:32,18.5,-0.01,11,20350,买盘,603938,2025-10-17 22:49:51
10:42:38,18.5,0.0,2,3700,买盘,603938,2025-10-17 22:49:51
10:42:41,18.5,0.0,24,44400,买盘,603938,2025-10-17 22:49:51
10:42:44,18.5,0.0,1,1850,买盘,603938,2025-10-17 22:49:51
10:42:47,18.5,0.0,3,5550,买盘,603938,2025-10-17 22:49:51
10:42:52,18.49,-0.01,17,31446,卖盘,603938,2025-10-17 22:49:51
10:42:59,18.5,0.01,1,1850,买盘,603938,2025-10-17 22:49:51
10:43:05,18.5,0.0,28,51800,买盘,603938,2025-10-17 22:49:51
10:43:08,18.49,-0.01,27,49941,卖盘,603938,2025-10-17 22:49:51
10:43:11,18.49,0.0,3,5549,卖盘,603938,2025-10-17 22:49:51
10:43:14,18.5,0.01,13,24050,买盘,603938,2025-10-17 22:49:51
10:43:16,18.5,0.0,10,18500,买盘,603938,2025-10-17 22:49:51
10:43:22,18.5,0.0,1,1850,买盘,603938,2025-10-17 22:49:51
10:43:25,18.5,0.0,10,18500,买盘,603938,2025-10-17 22:49:51
10:43:29,18.52,0.02,18,33310,买盘,603938,2025-10-17 22:49:51
10:43:34,18.5,-0.02,5,9250,买盘,603938,2025-10-17 22:49:51
10:43:38,18.5,0.0,9,16650,买盘,603938,2025-10-17 22:49:51
10:43:40,18.5,0.0,19,35150,买盘,603938,2025-10-17 22:49:51
10:43:44,18.5,0.0,14,25900,买盘,603938,2025-10-17 22:49:51
10:43:50,18.5,0.0,1,1850,买盘,603938,2025-10-17 22:49:51
10:43:53,18.52,0.02,8,14816,买盘,603938,2025-10-17 22:49:51
10:43:58,18.52,0.0,26,48152,买盘,603938,2025-10-17 22:49:51
10:44:02,18.52,0.0,13,24076,卖盘,603938,2025-10-17 22:49:51
10:44:05,18.53,0.01,5,9265,买盘,603938,2025-10-17 22:49:51
10:44:07,18.52,-0.01,1,1852,卖盘,603938,2025-10-17 22:49:51
10:44:10,18.49,-0.03,191,353397,卖盘,603938,2025-10-17 22:49:51
10:44:14,18.49,0.0,2,3698,买盘,603938,2025-10-17 22:49:51
10:44:17,18.49,0.0,69,127581,买盘,603938,2025-10-17 22:49:51
10:44:19,18.49,0.0,10,18490,买盘,603938,2025-10-17 22:49:51
10:44:22,18.49,0.0,15,27735,买盘,603938,2025-10-17 22:49:51
10:44:26,18.49,0.0,19,35870,买盘,603938,2025-10-17 22:49:51
10:44:37,18.52,0.03,19,35152,买盘,603938,2025-10-17 22:49:51
10:44:44,18.5,-0.02,13,24049,买盘,603938,2025-10-17 22:49:51
10:44:47,18.5,0.0,25,46250,卖盘,603938,2025-10-17 22:49:51
10:44:50,18.52,0.02,6,11112,买盘,603938,2025-10-17 22:49:51
10:44:52,18.53,0.01,14,25942,买盘,603938,2025-10-17 22:49:51
10:44:56,18.53,0.0,5,9265,买盘,603938,2025-10-17 22:49:51
10:44:58,18.53,0.0,1,1853,买盘,603938,2025-10-17 22:49:51
10:45:08,18.52,-0.01,45,83352,卖盘,603938,2025-10-17 22:49:51
10:45:11,18.52,0.0,37,68503,买盘,603938,2025-10-17 22:49:51
10:45:17,18.53,0.01,14,25942,买盘,603938,2025-10-17 22:49:51
10:45:22,18.53,0.0,4,7412,买盘,603938,2025-10-17 22:49:51
10:45:25,18.52,-0.01,10,18520,卖盘,603938,2025-10-17 22:49:51
10:45:28,18.53,0.01,14,25942,买盘,603938,2025-10-17 22:49:51
10:45:32,18.53,0.0,4,7412,买盘,603938,2025-10-17 22:49:51
10:45:35,18.53,0.0,3,5559,买盘,603938,2025-10-17 22:49:51
10:45:38,18.53,0.0,6,11118,买盘,603938,2025-10-17 22:49:51
10:45:40,18.52,-0.01,60,111130,卖盘,603938,2025-10-17 22:49:51
10:45:43,18.52,0.0,32,59264,卖盘,603938,2025-10-17 22:49:51
10:45:46,18.5,-0.02,184,340477,卖盘,603938,2025-10-17 22:49:51
10:45:50,18.5,0.0,55,101697,买盘,603938,2025-10-17 22:49:51
10:45:52,18.48,-0.02,254,468862,卖盘,603938,2025-10-17 22:49:51
10:45:56,18.46,-0.02,309,570845,卖盘,603938,2025-10-17 22:49:51
10:45:59,18.45,-0.01,82,151376,卖盘,603938,2025-10-17 22:49:51
10:46:02,18.48,0.03,4,7392,买盘,603938,2025-10-17 22:49:51
10:46:08,18.45,-0.03,317,584905,卖盘,603938,2025-10-17 22:49:51
10:46:10,18.44,-0.01,38,70072,卖盘,603938,2025-10-17 22:49:51
10:46:13,18.43,-0.01,79,145633,卖盘,603938,2025-10-17 22:49:51
10:46:17,18.43,0.0,4,7372,买盘,603938,2025-10-17 22:49:51
10:46:19,18.43,0.0,2,3686,买盘,603938,2025-10-17 22:49:51
10:46:23,18.43,0.0,6,11058,买盘,603938,2025-10-17 22:49:51
10:46:26,18.43,0.0,54,99547,卖盘,603938,2025-10-17 22:49:51
10:46:29,18.44,0.01,1,1844,中性盘,603938,2025-10-17 22:49:51
10:46:32,18.45,0.01,32,59034,买盘,603938,2025-10-17 22:49:51
10:46:35,18.43,-0.02,14,26539,卖盘,603938,2025-10-17 22:49:51
10:46:41,18.45,0.02,148,273059,买盘,603938,2025-10-17 22:49:51
10:46:43,18.45,0.0,1,1845,买盘,603938,2025-10-17 22:49:51
10:46:47,18.45,0.0,23,42435,买盘,603938,2025-10-17 22:49:51
10:46:50,18.45,0.0,10,18450,买盘,603938,2025-10-17 22:49:51
10:46:52,18.43,-0.02,1,1843,卖盘,603938,2025-10-17 22:49:51
10:46:59,18.45,0.02,2,3690,买盘,603938,2025-10-17 22:49:51
10:47:02,18.45,0.0,20,36900,买盘,603938,2025-10-17 22:49:51
10:47:05,18.44,-0.01,3,5534,卖盘,603938,2025-10-17 22:49:51
10:47:08,18.45,0.01,4,7380,买盘,603938,2025-10-17 22:49:51
10:47:14,18.45,0.0,8,14755,买盘,603938,2025-10-17 22:49:51
10:47:17,18.45,0.0,126,232470,买盘,603938,2025-10-17 22:49:51
10:47:20,18.44,-0.01,29,53476,卖盘,603938,2025-10-17 22:49:51
10:47:22,18.44,0.0,2,3688,买盘,603938,2025-10-17 22:49:51
10:47:26,18.44,0.0,7,12908,买盘,603938,2025-10-17 22:49:51
10:47:28,18.44,0.0,3,5532,买盘,603938,2025-10-17 22:49:51
10:47:32,18.44,0.0,6,11064,买盘,603938,2025-10-17 22:49:51
10:47:35,18.44,0.0,9,16596,买盘,603938,2025-10-17 22:49:51
10:47:37,18.44,0.0,12,21759,买盘,603938,2025-10-17 22:49:51
10:47:44,18.45,0.01,12,22134,买盘,603938,2025-10-17 22:49:51
10:47:46,18.45,0.0,1,1845,买盘,603938,2025-10-17 22:49:51
10:47:49,18.45,0.0,12,22140,买盘,603938,2025-10-17 22:49:51
10:47:53,18.44,-0.01,10,18440,卖盘,603938,2025-10-17 22:49:51
10:47:56,18.45,0.01,3,5535,买盘,603938,2025-10-17 22:49:51
10:47:59,18.45,0.0,3,5535,买盘,603938,2025-10-17 22:49:51
10:48:02,18.44,-0.01,89,164117,卖盘,603938,2025-10-17 22:49:51
10:48:04,18.45,0.01,29,53477,买盘,603938,2025-10-17 22:49:51
10:48:11,18.44,-0.01,12,22128,买盘,603938,2025-10-17 22:49:51
10:48:23,18.44,0.0,21,38724,卖盘,603938,2025-10-17 22:49:51
10:48:26,18.44,0.0,4,7376,卖盘,603938,2025-10-17 22:49:51
10:48:29,18.45,0.01,138,254531,买盘,603938,2025-10-17 22:49:51
10:48:40,18.45,0.0,21,38745,买盘,603938,2025-10-17 22:49:51
10:48:43,18.45,0.0,16,29520,买盘,603938,2025-10-17 22:49:51
10:48:53,18.45,0.0,41,75628,买盘,603938,2025-10-17 22:49:51
10:48:56,18.45,0.0,18,33210,买盘,603938,2025-10-17 22:49:51
10:48:59,18.45,0.0,2,3690,买盘,603938,2025-10-17 22:49:51
10:49:02,18.45,0.0,11,20291,买盘,603938,2025-10-17 22:49:51
10:49:05,18.44,-0.01,11,20294,卖盘,603938,2025-10-17 22:49:51
10:49:07,18.45,0.01,20,36900,买盘,603938,2025-10-17 22:49:51
10:49:11,18.44,-0.01,208,383759,卖盘,603938,2025-10-17 22:49:51
10:49:14,18.44,0.0,50,92200,卖盘,603938,2025-10-17 22:49:51
10:49:19,18.44,0.0,43,79327,卖盘,603938,2025-10-17 22:49:51
10:49:26,18.44,0.0,6,11068,卖盘,603938,2025-10-17 22:49:51
10:49:29,18.44,0.0,79,145676,卖盘,603938,2025-10-17 22:49:51
10:49:31,18.48,0.04,202,373255,买盘,603938,2025-10-17 22:49:51
10:49:34,18.48,0.0,3,5544,卖盘,603938,2025-10-17 22:49:51
10:49:38,18.48,0.0,127,234715,卖盘,603938,2025-10-17 22:49:51
10:49:41,18.49,0.01,14,25886,中性盘,603938,2025-10-17 22:49:51
10:49:44,18.49,0.0,2,3698,卖盘,603938,2025-10-17 22:49:51
10:49:50,18.5,0.01,20,37000,买盘,603938,2025-10-17 22:49:51
10:49:53,18.5,0.0,21,38850,买盘,603938,2025-10-17 22:49:51
10:49:56,18.5,0.0,38,70300,买盘,603938,2025-10-17 22:49:51
10:49:59,18.5,0.0,3,5550,买盘,603938,2025-10-17 22:49:51
10:50:02,18.5,0.0,13,24050,买盘,603938,2025-10-17 22:49:51
10:50:05,18.5,0.0,16,29600,买盘,603938,2025-10-17 22:49:51
10:50:08,18.5,0.0,1,1850,买盘,603938,2025-10-17 22:49:51
10:50:11,18.5,0.0,20,36999,买盘,603938,2025-10-17 22:49:51
10:50:13,18.5,0.0,125,231990,买盘,603938,2025-10-17 22:49:51
10:50:20,18.51,0.01,112,207158,买盘,603938,2025-10-17 22:49:51
10:50:23,18.5,-0.01,49,90611,中性盘,603938,2025-10-17 22:49:51
10:50:26,18.5,0.0,51,94350,卖盘,603938,2025-10-17 22:49:51
10:50:29,18.51,0.01,11,20360,买盘,603938,2025-10-17 22:49:51
10:50:31,18.51,0.0,52,96213,买盘,603938,2025-10-17 22:49:51
10:50:34,18.51,0.0,19,35169,买盘,603938,2025-10-17 22:49:51
10:50:37,18.5,-0.01,277,511758,卖盘,603938,2025-10-17 22:49:51
10:50:40,18.48,-0.02,56,103543,卖盘,603938,2025-10-17 22:49:51
10:50:44,18.48,0.0,14,25835,买盘,603938,2025-10-17 22:49:51
10:50:47,18.48,0.0,36,66535,中性盘,603938,2025-10-17 22:49:51
10:50:49,18.48,0.0,17,31416,买盘,603938,2025-10-17 22:49:51
10:50:53,18.48,0.0,35,64666,卖盘,603938,2025-10-17 22:49:51
10:50:59,18.46,-0.02,16,29557,中性盘,603938,2025-10-17 22:49:51
10:51:02,18.46,0.0,2,3694,卖盘,603938,2025-10-17 22:49:51
10:51:05,18.45,-0.01,54,99639,卖盘,603938,2025-10-17 22:49:51
10:51:08,18.45,0.0,62,114410,卖盘,603938,2025-10-17 22:49:51
10:51:11,18.45,0.0,12,22140,卖盘,603938,2025-10-17 22:49:51
10:51:14,18.46,0.01,10,18460,卖盘,603938,2025-10-17 22:49:51
10:51:17,18.47,0.01,10,18470,买盘,603938,2025-10-17 22:49:51
10:51:20,18.47,0.0,28,51716,买盘,603938,2025-10-17 22:49:51
10:51:23,18.48,0.01,14,25862,买盘,603938,2025-10-17 22:49:51
10:51:29,18.48,0.0,4,7389,买盘,603938,2025-10-17 22:49:51
10:51:31,18.47,-0.01,19,35093,卖盘,603938,2025-10-17 22:49:51
10:51:35,18.47,0.0,3,5541,买盘,603938,2025-10-17 22:49:51
10:51:38,18.47,0.0,8,14776,买盘,603938,2025-10-17 22:49:51
10:51:41,18.46,-0.01,183,337976,卖盘,603938,2025-10-17 22:49:51
10:51:44,18.47,0.01,4,7388,买盘,603938,2025-10-17 22:49:51
10:51:47,18.48,0.01,20,36960,买盘,603938,2025-10-17 22:49:51
10:51:50,18.46,-0.02,32,59843,卖盘,603938,2025-10-17 22:49:51
10:51:58,18.48,0.02,12,22176,买盘,603938,2025-10-17 22:49:51
10:52:08,18.48,0.0,16,29568,买盘,603938,2025-10-17 22:49:51
10:52:11,18.48,0.0,28,51744,买盘,603938,2025-10-17 22:49:51
10:52:14,18.46,-0.02,70,129296,卖盘,603938,2025-10-17 22:49:51
10:52:17,18.48,0.02,11,20323,买盘,603938,2025-10-17 22:49:51
10:52:19,18.48,0.0,3,5544,买盘,603938,2025-10-17 22:49:51
10:52:22,18.48,0.0,8,14784,买盘,603938,2025-10-17 22:49:51
10:52:25,18.46,-0.02,74,135865,卖盘,603938,2025-10-17 22:49:51
10:52:28,18.46,0.0,6,11076,买盘,603938,2025-10-17 22:49:51
10:52:31,18.46,0.0,11,20305,买盘,603938,2025-10-17 22:49:51
10:52:35,18.46,0.0,47,86762,买盘,603938,2025-10-17 22:49:51
10:52:37,18.46,0.0,3,5538,买盘,603938,2025-10-17 22:49:51
10:52:40,18.46,0.0,7,12922,买盘,603938,2025-10-17 22:49:51
10:52:44,18.46,0.0,5,9230,买盘,603938,2025-10-17 22:49:51
10:52:46,18.46,0.0,10,18460,买盘,603938,2025-10-17 22:49:51
10:52:49,18.46,0.0,3,5538,买盘,603938,2025-10-17 22:49:51
10:52:53,18.46,0.0,10,18460,买盘,603938,2025-10-17 22:49:51
10:52:56,18.46,0.0,68,125478,买盘,603938,2025-10-17 22:49:51
10:52:59,18.46,0.0,8,15507,买盘,603938,2025-10-17 22:49:51
10:53:02,18.46,0.0,1,1846,卖盘,603938,2025-10-17 22:49:51
10:53:05,18.47,0.01,4,7388,买盘,603938,2025-10-17 22:49:51
10:53:07,18.47,0.0,2,3694,卖盘,603938,2025-10-17 22:49:51
10:53:10,18.48,0.01,5,9240,买盘,603938,2025-10-17 22:49:51
10:53:14,18.47,-0.01,2,3695,卖盘,603938,2025-10-17 22:49:51
10:53:17,18.48,0.01,20,36960,买盘,603938,2025-10-17 22:49:51
10:53:20,18.48,0.0,7,12936,买盘,603938,2025-10-17 22:49:51
10:53:23,18.48,0.0,3,5543,买盘,603938,2025-10-17 22:49:51
10:53:26,18.47,-0.01,3,5541,卖盘,603938,2025-10-17 22:49:51
10:53:28,18.48,0.01,32,59112,买盘,603938,2025-10-17 22:49:51
10:53:32,18.48,0.0,3,5544,买盘,603938,2025-10-17 22:49:51
10:53:34,18.48,0.0,9,16632,买盘,603938,2025-10-17 22:49:51
10:53:41,18.48,0.0,29,53592,买盘,603938,2025-10-17 22:49:51
10:53:44,18.48,0.0,3,5544,买盘,603938,2025-10-17 22:49:51
10:53:46,18.48,0.0,31,57288,买盘,603938,2025-10-17 22:49:51
10:53:50,18.48,0.0,3,5543,买盘,603938,2025-10-17 22:49:51
10:53:53,18.48,0.0,7,12936,买盘,603938,2025-10-17 22:49:51
10:53:56,18.48,0.0,36,66528,买盘,603938,2025-10-17 22:49:51
10:53:58,18.47,-0.01,6,11087,卖盘,603938,2025-10-17 22:49:51
10:54:02,18.47,0.0,33,60959,卖盘,603938,2025-10-17 22:49:51
10:54:04,18.47,0.0,3,5541,卖盘,603938,2025-10-17 22:49:51
10:54:08,18.47,0.0,19,35103,卖盘,603938,2025-10-17 22:49:51
10:54:10,18.47,0.0,16,29558,卖盘,603938,2025-10-17 22:49:51
10:54:13,18.48,0.01,42,77580,买盘,603938,2025-10-17 22:49:51
10:54:17,18.47,-0.01,3,5541,卖盘,603938,2025-10-17 22:49:51
10:54:20,18.47,0.0,19,35102,卖盘,603938,2025-10-17 22:49:51
10:54:23,18.47,0.0,83,153301,卖盘,603938,2025-10-17 22:49:51
10:54:26,18.45,-0.02,174,321217,卖盘,603938,2025-10-17 22:49:51
10:54:28,18.46,0.01,1,1846,买盘,603938,2025-10-17 22:49:51
10:54:32,18.45,-0.01,3,5535,卖盘,603938,2025-10-17 22:49:51
10:54:35,18.47,0.02,26,48001,买盘,603938,2025-10-17 22:49:51
10:54:38,18.45,-0.02,13,23989,卖盘,603938,2025-10-17 22:49:51
10:54:41,18.45,0.0,17,31365,卖盘,603938,2025-10-17 22:49:51
10:54:43,18.45,0.0,302,557191,卖盘,603938,2025-10-17 22:49:51
10:54:46,18.44,-0.01,95,175180,卖盘,603938,2025-10-17 22:49:51
10:54:49,18.44,0.0,87,160398,买盘,603938,2025-10-17 22:49:51
10:54:53,18.44,0.0,24,44256,买盘,603938,2025-10-17 22:49:51
10:54:56,18.44,0.0,69,127235,买盘,603938,2025-10-17 22:49:51
10:54:59,18.44,0.0,1,1844,卖盘,603938,2025-10-17 22:49:51
10:55:02,18.44,0.0,5,9223,卖盘,603938,2025-10-17 22:49:51
10:55:08,18.44,0.0,45,82982,卖盘,603938,2025-10-17 22:49:51
10:55:14,18.44,0.0,5,9220,买盘,603938,2025-10-17 22:49:51
10:55:20,18.44,0.0,4,7376,买盘,603938,2025-10-17 22:49:51
10:55:23,18.43,-0.01,3,5529,卖盘,603938,2025-10-17 22:49:51
10:55:31,18.44,0.01,2,3688,买盘,603938,2025-10-17 22:49:51
10:55:35,18.43,-0.01,10,18430,卖盘,603938,2025-10-17 22:49:51
10:55:37,18.43,0.0,7,12163,卖盘,603938,2025-10-17 22:49:51
10:55:50,18.43,0.0,25,46075,买盘,603938,2025-10-17 22:49:51
10:55:53,18.42,-0.01,22,40528,卖盘,603938,2025-10-17 22:49:51
10:55:59,18.43,0.01,4,7372,买盘,603938,2025-10-17 22:49:51
10:56:02,18.43,0.0,3,5529,买盘,603938,2025-10-17 22:49:51
10:56:05,18.43,0.0,1,1843,买盘,603938,2025-10-17 22:49:51
10:56:10,18.43,0.0,60,110570,买盘,603938,2025-10-17 22:49:51
10:56:13,18.43,0.0,5,9215,买盘,603938,2025-10-17 22:49:51
10:56:16,18.42,-0.01,27,49739,卖盘,603938,2025-10-17 22:49:51
10:56:20,18.43,0.01,0,738,买盘,603938,2025-10-17 22:49:51
10:56:23,18.43,0.0,4,7372,卖盘,603938,2025-10-17 22:49:51
10:56:35,18.44,0.01,23,42390,买盘,603938,2025-10-17 22:49:51
10:56:37,18.42,-0.02,118,217376,卖盘,603938,2025-10-17 22:49:51
10:56:41,18.44,0.02,60,110639,买盘,603938,2025-10-17 22:49:51
10:56:43,18.44,0.0,2,3688,卖盘,603938,2025-10-17 22:49:51
10:56:47,18.44,0.0,7,12908,卖盘,603938,2025-10-17 22:49:51
10:56:53,18.44,0.0,24,44267,卖盘,603938,2025-10-17 22:49:51
10:56:56,18.45,0.01,57,105165,买盘,603938,2025-10-17 22:49:51
10:57:01,18.45,0.0,2,3690,买盘,603938,2025-10-17 22:49:51
10:57:04,18.45,0.0,5,9225,买盘,603938,2025-10-17 22:49:51
10:57:11,18.45,0.0,17,31365,买盘,603938,2025-10-17 22:49:51
10:57:14,18.44,-0.01,25,46101,卖盘,603938,2025-10-17 22:49:51
10:57:17,18.44,0.0,3,5532,买盘,603938,2025-10-17 22:49:51
10:57:23,18.44,0.0,14,25816,买盘,603938,2025-10-17 22:49:51
10:57:25,18.44,0.0,5,9220,买盘,603938,2025-10-17 22:49:51
10:57:28,18.44,0.0,8,14752,买盘,603938,2025-10-17 22:49:51
10:57:35,18.44,0.0,6,11064,买盘,603938,2025-10-17 22:49:51
10:57:37,18.44,0.0,19,35036,买盘,603938,2025-10-17 22:49:51
10:57:47,18.45,0.01,8,14760,买盘,603938,2025-10-17 22:49:51
10:57:50,18.45,0.0,2,3689,买盘,603938,2025-10-17 22:49:51
10:57:55,18.45,0.0,4,7380,买盘,603938,2025-10-17 22:49:51
10:57:59,18.45,0.0,21,38733,买盘,603938,2025-10-17 22:49:51
10:58:01,18.44,-0.01,2,3688,卖盘,603938,2025-10-17 22:49:51
10:58:04,18.44,0.0,4,7376,卖盘,603938,2025-10-17 22:49:51
10:58:07,18.45,0.01,3,5535,买盘,603938,2025-10-17 22:49:51
10:58:11,18.45,0.0,1,1845,买盘,603938,2025-10-17 22:49:51
10:58:13,18.45,0.0,2,3690,买盘,603938,2025-10-17 22:49:51
10:58:16,18.45,0.0,22,40589,买盘,603938,2025-10-17 22:49:51
10:58:19,18.45,0.0,8,14760,买盘,603938,2025-10-17 22:49:51
10:58:23,18.45,0.0,1,1845,买盘,603938,2025-10-17 22:49:51
10:58:26,18.45,0.0,8,14760,买盘,603938,2025-10-17 22:49:51
10:58:29,18.45,0.0,12,22140,买盘,603938,2025-10-17 22:49:51
10:58:32,18.45,0.0,43,79320,买盘,603938,2025-10-17 22:49:51
10:58:38,18.45,0.0,43,79335,买盘,603938,2025-10-17 22:49:51
10:58:41,18.45,0.0,22,40590,买盘,603938,2025-10-17 22:49:51
10:58:47,18.46,0.01,1,1846,买盘,603938,2025-10-17 22:49:51
10:58:50,18.46,0.0,16,29536,买盘,603938,2025-10-17 22:49:51
10:58:56,18.46,0.0,25,46150,买盘,603938,2025-10-17 22:49:51
10:58:59,18.46,0.0,5,9230,买盘,603938,2025-10-17 22:49:51
10:59:02,18.45,-0.01,1,1845,卖盘,603938,2025-10-17 22:49:51
10:59:05,18.46,0.01,9,16614,买盘,603938,2025-10-17 22:49:51
10:59:08,18.46,0.0,4,7383,买盘,603938,2025-10-17 22:49:51
10:59:13,18.45,-0.01,10,18450,卖盘,603938,2025-10-17 22:49:51
10:59:16,18.46,0.01,18,33228,买盘,603938,2025-10-17 22:49:51
10:59:19,18.46,0.0,5,9230,买盘,603938,2025-10-17 22:49:51
10:59:23,18.45,-0.01,10,18450,卖盘,603938,2025-10-17 22:49:51
10:59:32,18.46,0.01,9,16614,买盘,603938,2025-10-17 22:49:51
10:59:35,18.45,-0.01,208,383760,卖盘,603938,2025-10-17 22:49:51
10:59:38,18.45,0.0,6,11070,买盘,603938,2025-10-17 22:49:51
10:59:40,18.44,-0.01,43,79314,卖盘,603938,2025-10-17 22:49:51
10:59:43,18.45,0.01,221,407545,买盘,603938,2025-10-17 22:49:51
10:59:46,18.44,-0.01,122,224968,卖盘,603938,2025-10-17 22:49:51
10:59:49,18.43,-0.01,27,49780,卖盘,603938,2025-10-17 22:49:51
10:59:53,18.42,-0.01,101,185351,卖盘,603938,2025-10-17 22:49:51
10:59:56,18.41,-0.01,8,14728,卖盘,603938,2025-10-17 22:49:51
10:59:59,18.41,0.0,85,156485,卖盘,603938,2025-10-17 22:49:51
11:00:02,18.41,0.0,1,1841,买盘,603938,2025-10-17 22:49:51
11:00:05,18.43,0.02,36,66299,买盘,603938,2025-10-17 22:49:51
11:00:08,18.43,0.0,2,3686,买盘,603938,2025-10-17 22:49:51
11:00:11,18.41,-0.02,9,16569,卖盘,603938,2025-10-17 22:49:51
11:00:14,18.41,0.0,3,5523,卖盘,603938,2025-10-17 22:49:51
11:00:19,18.42,0.01,10,18420,中性盘,603938,2025-10-17 22:49:51
11:00:23,18.43,0.01,1,1843,买盘,603938,2025-10-17 22:49:51
11:00:26,18.43,0.0,13,23959,买盘,603938,2025-10-17 22:49:51
11:00:29,18.43,0.0,27,49754,买盘,603938,2025-10-17 22:49:51
11:00:32,18.43,0.0,17,31321,买盘,603938,2025-10-17 22:49:51
11:00:35,18.4,-0.03,161,296386,卖盘,603938,2025-10-17 22:49:51
11:00:38,18.42,0.02,5,9210,买盘,603938,2025-10-17 22:49:51
11:00:41,18.4,-0.02,178,327520,卖盘,603938,2025-10-17 22:49:51
11:00:43,18.41,0.01,3,5525,中性盘,603938,2025-10-17 22:49:51
11:00:46,18.41,0.0,1,1841,卖盘,603938,2025-10-17 22:49:51
11:00:49,18.42,0.01,11,20256,买盘,603938,2025-10-17 22:49:51
11:00:56,18.41,-0.01,13,23939,卖盘,603938,2025-10-17 22:49:51
11:00:59,18.42,0.01,1,1842,中性盘,603938,2025-10-17 22:49:51
11:01:02,18.41,-0.01,28,51590,卖盘,603938,2025-10-17 22:49:51
