时间,成交价,价格变动,成交量,成交额,买卖盘性质,股票代码,采集时间
09:25:02,19.57,0.0,13696,26803072,卖盘,603933,2025-10-17 22:50:18
09:30:02,19.45,-0.12,492,959014,卖盘,603933,2025-10-17 22:50:18
09:30:05,19.4,-0.05,2639,5142012,中性盘,603933,2025-10-17 22:50:18
09:30:08,19.39,-0.01,1543,3000847,中性盘,603933,2025-10-17 22:50:18
09:30:11,19.46,0.07,2510,4868917,买盘,603933,2025-10-17 22:50:18
09:30:14,19.4,-0.06,2802,5449849,卖盘,603933,2025-10-17 22:50:18
09:30:17,19.35,-0.05,2801,5431614,中性盘,603933,2025-10-17 22:50:18
09:30:20,19.44,0.09,4340,8438216,买盘,603933,2025-10-17 22:50:18
09:30:23,19.4,-0.04,2665,5167124,中性盘,603933,2025-10-17 22:50:18
09:30:26,19.3,-0.1,2427,4700091,卖盘,603933,2025-10-17 22:50:18
09:30:29,19.32,0.02,3105,6017922,买盘,603933,2025-10-17 22:50:18
09:30:32,19.32,0.0,2911,5633677,买盘,603933,2025-10-17 22:50:18
09:30:35,19.31,-0.01,2303,4447773,中性盘,603933,2025-10-17 22:50:18
09:30:38,19.25,-0.06,2195,4232145,卖盘,603933,2025-10-17 22:50:18
09:30:41,19.21,-0.04,1548,2978265,卖盘,603933,2025-10-17 22:50:18
09:30:44,19.2,-0.01,1851,3555639,卖盘,603933,2025-10-17 22:50:18
09:30:47,19.18,-0.02,742,1422943,卖盘,603933,2025-10-17 22:50:18
09:30:50,19.16,-0.02,707,1354421,卖盘,603933,2025-10-17 22:50:18
09:30:53,19.12,-0.04,468,895260,卖盘,603933,2025-10-17 22:50:18
09:30:56,19.1,-0.02,1314,2510946,卖盘,603933,2025-10-17 22:50:18
09:30:59,19.09,-0.01,706,1347391,卖盘,603933,2025-10-17 22:50:18
09:31:02,19.05,-0.04,754,1436728,卖盘,603933,2025-10-17 22:50:18
09:31:05,19.04,-0.01,1288,2453195,卖盘,603933,2025-10-17 22:50:18
09:31:08,19.03,-0.01,799,1520866,卖盘,603933,2025-10-17 22:50:18
09:31:11,19.01,-0.02,616,1171147,卖盘,603933,2025-10-17 22:50:18
09:31:14,19.0,-0.01,888,1687474,卖盘,603933,2025-10-17 22:50:18
09:31:17,19.0,0.0,1078,2048147,卖盘,603933,2025-10-17 22:50:18
09:31:20,19.0,0.0,422,801646,买盘,603933,2025-10-17 22:50:18
09:31:23,18.95,-0.05,811,1539524,卖盘,603933,2025-10-17 22:50:18
09:31:26,18.94,-0.01,455,861739,中性盘,603933,2025-10-17 22:50:18
09:31:29,18.92,-0.02,397,751200,卖盘,603933,2025-10-17 22:50:18
09:31:32,18.9,-0.02,659,1245705,卖盘,603933,2025-10-17 22:50:18
09:31:35,18.91,0.01,607,1147243,买盘,603933,2025-10-17 22:50:18
09:31:38,18.88,-0.03,769,1452298,卖盘,603933,2025-10-17 22:50:18
09:31:41,18.88,0.0,818,1544794,买盘,603933,2025-10-17 22:50:18
09:31:44,18.85,-0.03,257,484795,买盘,603933,2025-10-17 22:50:18
09:31:47,18.88,0.03,408,769174,买盘,603933,2025-10-17 22:50:18
09:31:50,18.85,-0.03,1914,3607773,卖盘,603933,2025-10-17 22:50:18
09:31:53,18.85,0.0,941,1773181,买盘,603933,2025-10-17 22:50:18
09:31:56,18.86,0.01,883,1663769,中性盘,603933,2025-10-17 22:50:18
09:31:59,18.87,0.01,487,917686,买盘,603933,2025-10-17 22:50:18
09:32:02,18.88,0.01,944,1779576,买盘,603933,2025-10-17 22:50:18
09:32:05,18.87,-0.01,939,1769527,卖盘,603933,2025-10-17 22:50:18
09:32:08,18.78,-0.09,1199,2254822,卖盘,603933,2025-10-17 22:50:18
09:32:11,18.72,-0.06,733,1375735,卖盘,603933,2025-10-17 22:50:18
09:32:14,18.66,-0.06,766,1432013,卖盘,603933,2025-10-17 22:50:18
09:32:17,18.64,-0.02,438,815697,卖盘,603933,2025-10-17 22:50:18
09:32:20,18.62,-0.02,842,1569378,中性盘,603933,2025-10-17 22:50:18
09:32:23,18.64,0.02,410,763645,买盘,603933,2025-10-17 22:50:18
09:32:26,18.64,0.0,567,1055444,买盘,603933,2025-10-17 22:50:18
09:32:29,18.68,0.04,658,1227186,买盘,603933,2025-10-17 22:50:18
09:32:32,18.66,-0.02,640,1194354,中性盘,603933,2025-10-17 22:50:18
09:32:35,18.68,0.02,600,1119680,买盘,603933,2025-10-17 22:50:18
09:32:38,18.64,-0.04,1028,1918025,卖盘,603933,2025-10-17 22:50:18
09:32:41,18.63,-0.01,1077,2006624,卖盘,603933,2025-10-17 22:50:18
09:32:44,18.55,-0.08,883,1640519,卖盘,603933,2025-10-17 22:50:18
09:32:47,18.59,0.04,534,990829,买盘,603933,2025-10-17 22:50:18
09:32:50,18.56,-0.03,152,282196,买盘,603933,2025-10-17 22:50:18
09:32:53,18.59,0.03,380,705484,买盘,603933,2025-10-17 22:50:18
09:32:56,18.56,-0.03,700,1299118,卖盘,603933,2025-10-17 22:50:18
09:32:59,18.58,0.02,472,876372,买盘,603933,2025-10-17 22:50:18
09:33:02,18.63,0.05,1283,2384582,买盘,603933,2025-10-17 22:50:18
09:33:05,18.63,0.0,525,976412,买盘,603933,2025-10-17 22:50:18
09:33:08,18.64,0.01,1001,1865851,买盘,603933,2025-10-17 22:50:18
09:33:11,18.67,0.03,602,1122651,买盘,603933,2025-10-17 22:50:18
09:33:14,18.7,0.03,797,1488185,买盘,603933,2025-10-17 22:50:18
09:33:17,18.84,0.14,441,827461,买盘,603933,2025-10-17 22:50:18
09:33:20,18.87,0.03,1311,2469486,买盘,603933,2025-10-17 22:50:18
09:33:23,18.85,-0.02,922,1738196,卖盘,603933,2025-10-17 22:50:18
09:33:26,18.84,-0.01,1191,2242144,中性盘,603933,2025-10-17 22:50:18
09:33:29,18.73,-0.11,875,1644812,卖盘,603933,2025-10-17 22:50:18
09:33:32,18.79,0.06,1918,3599667,买盘,603933,2025-10-17 22:50:18
09:33:35,18.84,0.05,315,592118,买盘,603933,2025-10-17 22:50:18
09:33:38,18.73,-0.11,733,1375933,卖盘,603933,2025-10-17 22:50:18
09:33:41,18.72,-0.01,986,1849495,卖盘,603933,2025-10-17 22:50:18
09:33:44,18.78,0.06,675,1267469,中性盘,603933,2025-10-17 22:50:18
09:33:47,18.75,-0.03,972,1820630,卖盘,603933,2025-10-17 22:50:18
09:33:50,18.77,0.02,512,959935,买盘,603933,2025-10-17 22:50:18
09:33:53,18.82,0.05,382,717528,买盘,603933,2025-10-17 22:50:18
09:33:56,18.82,0.0,336,631223,买盘,603933,2025-10-17 22:50:18
09:33:59,18.82,0.0,493,927286,买盘,603933,2025-10-17 22:50:18
09:34:02,18.83,0.01,577,1085774,买盘,603933,2025-10-17 22:50:18
09:34:05,18.82,-0.01,369,694536,卖盘,603933,2025-10-17 22:50:18
09:34:08,18.82,0.0,2346,4416188,卖盘,603933,2025-10-17 22:50:18
09:34:11,18.83,0.01,1309,2467750,中性盘,603933,2025-10-17 22:50:18
09:34:14,18.93,0.1,950,1797778,买盘,603933,2025-10-17 22:50:18
09:34:17,19.05,0.12,1216,2312342,买盘,603933,2025-10-17 22:50:18
09:34:20,19.19,0.14,967,1851616,买盘,603933,2025-10-17 22:50:18
09:34:23,19.26,0.07,441,847942,买盘,603933,2025-10-17 22:50:18
09:34:26,19.33,0.07,488,941812,买盘,603933,2025-10-17 22:50:18
09:34:29,19.44,0.11,342,664062,买盘,603933,2025-10-17 22:50:18
09:34:32,19.49,0.05,363,705721,买盘,603933,2025-10-17 22:50:18
09:34:35,19.5,0.01,785,1530169,买盘,603933,2025-10-17 22:50:18
09:34:38,19.51,0.01,1045,2037271,买盘,603933,2025-10-17 22:50:18
09:34:41,19.52,0.01,1841,3589821,买盘,603933,2025-10-17 22:50:18
09:34:44,19.44,-0.08,1897,3682346,卖盘,603933,2025-10-17 22:50:18
09:34:47,19.4,-0.04,983,1903356,中性盘,603933,2025-10-17 22:50:18
09:34:50,19.3,-0.1,463,894504,卖盘,603933,2025-10-17 22:50:18
09:34:53,19.3,0.0,1135,2196594,买盘,603933,2025-10-17 22:50:18
09:34:56,19.19,-0.11,298,574469,卖盘,603933,2025-10-17 22:50:18
09:34:59,19.32,0.13,346,666417,买盘,603933,2025-10-17 22:50:18
09:35:02,19.3,-0.02,712,1372053,卖盘,603933,2025-10-17 22:50:18
09:35:05,19.2,-0.1,795,1531689,卖盘,603933,2025-10-17 22:50:18
09:35:08,19.1,-0.1,347,665592,卖盘,603933,2025-10-17 22:50:18
09:35:11,19.2,0.1,320,614159,买盘,603933,2025-10-17 22:50:18
09:35:14,19.28,0.08,124,238242,买盘,603933,2025-10-17 22:50:18
09:35:17,19.35,0.07,1261,2432823,买盘,603933,2025-10-17 22:50:18
09:35:20,19.41,0.06,1740,3379339,买盘,603933,2025-10-17 22:50:18
09:35:23,19.43,0.02,494,958300,买盘,603933,2025-10-17 22:50:18
09:35:26,19.5,0.07,1147,2234436,买盘,603933,2025-10-17 22:50:18
09:35:29,19.52,0.02,747,1457160,买盘,603933,2025-10-17 22:50:18
09:35:32,19.54,0.02,539,1053176,买盘,603933,2025-10-17 22:50:18
09:35:35,19.55,0.01,1097,2144161,买盘,603933,2025-10-17 22:50:18
09:35:38,19.55,0.0,1166,2277945,买盘,603933,2025-10-17 22:50:18
09:35:41,19.55,0.0,1282,2504618,买盘,603933,2025-10-17 22:50:18
09:35:44,19.56,0.01,908,1773870,买盘,603933,2025-10-17 22:50:18
09:35:47,19.6,0.04,1673,3275931,买盘,603933,2025-10-17 22:50:18
09:35:50,19.98,0.38,9881,19704636,买盘,603933,2025-10-17 22:50:18
09:35:53,19.98,0.0,874,1746252,卖盘,603933,2025-10-17 22:50:18
09:35:56,19.98,0.0,46,91908,卖盘,603933,2025-10-17 22:50:18
09:35:59,19.98,0.0,777,1552446,卖盘,603933,2025-10-17 22:50:18
09:36:02,19.98,0.0,584,1166832,卖盘,603933,2025-10-17 22:50:18
09:36:05,19.98,0.0,467,933066,卖盘,603933,2025-10-17 22:50:18
09:36:08,19.98,0.0,112,223776,卖盘,603933,2025-10-17 22:50:18
09:36:11,19.98,0.0,208,415584,卖盘,603933,2025-10-17 22:50:18
09:36:14,19.98,0.0,139,277722,卖盘,603933,2025-10-17 22:50:18
09:36:17,19.98,0.0,147,293706,卖盘,603933,2025-10-17 22:50:18
09:36:20,19.98,0.0,337,673326,卖盘,603933,2025-10-17 22:50:18
09:36:23,19.98,0.0,130,259740,卖盘,603933,2025-10-17 22:50:18
09:36:26,19.98,0.0,246,491508,卖盘,603933,2025-10-17 22:50:18
09:36:29,19.98,0.0,50,99900,卖盘,603933,2025-10-17 22:50:18
09:36:32,19.98,0.0,136,271728,卖盘,603933,2025-10-17 22:50:18
09:36:35,19.98,0.0,166,331668,卖盘,603933,2025-10-17 22:50:18
09:36:38,19.98,0.0,108,215784,卖盘,603933,2025-10-17 22:50:18
09:36:41,19.98,0.0,216,431568,卖盘,603933,2025-10-17 22:50:18
09:36:44,19.98,0.0,188,375624,卖盘,603933,2025-10-17 22:50:18
09:36:47,19.98,0.0,161,321678,卖盘,603933,2025-10-17 22:50:18
09:36:50,19.98,0.0,88,175824,卖盘,603933,2025-10-17 22:50:18
09:36:53,19.98,0.0,510,1018980,卖盘,603933,2025-10-17 22:50:18
09:36:56,19.98,0.0,45,89910,卖盘,603933,2025-10-17 22:50:18
09:36:59,19.98,0.0,83,165834,卖盘,603933,2025-10-17 22:50:18
09:37:02,19.98,0.0,53,105894,卖盘,603933,2025-10-17 22:50:18
09:37:05,19.98,0.0,60,119880,卖盘,603933,2025-10-17 22:50:18
09:37:08,19.98,0.0,18,35964,卖盘,603933,2025-10-17 22:50:18
09:37:11,19.98,0.0,15,29970,卖盘,603933,2025-10-17 22:50:18
09:37:14,19.98,0.0,116,231768,卖盘,603933,2025-10-17 22:50:18
09:37:17,19.98,0.0,133,265734,卖盘,603933,2025-10-17 22:50:18
09:37:20,19.98,0.0,38,75924,卖盘,603933,2025-10-17 22:50:18
09:37:23,19.98,0.0,236,471528,卖盘,603933,2025-10-17 22:50:18
09:37:26,19.98,0.0,20,39960,卖盘,603933,2025-10-17 22:50:18
09:37:29,19.98,0.0,35,69930,卖盘,603933,2025-10-17 22:50:18
09:37:32,19.98,0.0,41,81918,卖盘,603933,2025-10-17 22:50:18
09:37:35,19.98,0.0,131,261738,卖盘,603933,2025-10-17 22:50:18
09:37:38,19.98,0.0,60,119880,卖盘,603933,2025-10-17 22:50:18
09:37:41,19.98,0.0,47,93906,卖盘,603933,2025-10-17 22:50:18
09:37:44,19.98,0.0,88,175824,卖盘,603933,2025-10-17 22:50:18
09:37:47,19.98,0.0,23,45954,卖盘,603933,2025-10-17 22:50:18
09:37:50,19.98,0.0,13,25974,卖盘,603933,2025-10-17 22:50:18
09:37:53,19.98,0.0,6,11988,卖盘,603933,2025-10-17 22:50:18
09:37:56,19.98,0.0,78,155844,卖盘,603933,2025-10-17 22:50:18
09:37:59,19.98,0.0,11,21978,卖盘,603933,2025-10-17 22:50:18
09:38:02,19.98,0.0,214,427572,卖盘,603933,2025-10-17 22:50:18
09:38:05,19.98,0.0,242,483516,卖盘,603933,2025-10-17 22:50:18
09:38:08,19.98,0.0,20,39960,卖盘,603933,2025-10-17 22:50:18
09:38:11,19.98,0.0,120,239760,卖盘,603933,2025-10-17 22:50:18
09:38:14,19.98,0.0,59,117882,卖盘,603933,2025-10-17 22:50:18
09:38:18,19.98,0.0,19,37962,卖盘,603933,2025-10-17 22:50:18
09:38:20,19.98,0.0,12,23976,卖盘,603933,2025-10-17 22:50:18
09:38:23,19.98,0.0,18,35964,卖盘,603933,2025-10-17 22:50:18
09:38:26,19.98,0.0,11,21978,卖盘,603933,2025-10-17 22:50:18
09:38:29,19.98,0.0,13,25974,卖盘,603933,2025-10-17 22:50:18
09:38:32,19.98,0.0,38,75924,卖盘,603933,2025-10-17 22:50:18
09:38:35,19.98,0.0,223,445554,卖盘,603933,2025-10-17 22:50:18
09:38:38,19.98,0.0,32,63936,卖盘,603933,2025-10-17 22:50:18
09:38:44,19.98,0.0,44,87912,卖盘,603933,2025-10-17 22:50:18
09:38:47,19.98,0.0,40,79920,卖盘,603933,2025-10-17 22:50:18
09:38:50,19.98,0.0,241,481518,卖盘,603933,2025-10-17 22:50:18
09:38:53,19.98,0.0,1,1998,卖盘,603933,2025-10-17 22:50:18
09:38:56,19.98,0.0,44,87912,卖盘,603933,2025-10-17 22:50:18
09:38:59,19.98,0.0,26,51948,卖盘,603933,2025-10-17 22:50:18
09:39:02,19.98,0.0,53,105894,卖盘,603933,2025-10-17 22:50:18
09:39:05,19.98,0.0,2,3996,卖盘,603933,2025-10-17 22:50:18
09:39:08,19.98,0.0,6,11988,卖盘,603933,2025-10-17 22:50:18
09:39:12,19.98,0.0,9,17982,卖盘,603933,2025-10-17 22:50:18
09:39:14,19.98,0.0,4,7992,卖盘,603933,2025-10-17 22:50:18
09:39:17,19.98,0.0,63,125874,卖盘,603933,2025-10-17 22:50:18
09:39:20,19.98,0.0,14,27972,卖盘,603933,2025-10-17 22:50:18
09:39:23,19.98,0.0,30,59940,卖盘,603933,2025-10-17 22:50:18
09:39:26,19.98,0.0,15,29970,卖盘,603933,2025-10-17 22:50:18
09:39:29,19.98,0.0,22,43956,卖盘,603933,2025-10-17 22:50:18
09:39:32,19.98,0.0,15,29970,卖盘,603933,2025-10-17 22:50:18
09:39:35,19.98,0.0,108,215784,卖盘,603933,2025-10-17 22:50:18
09:39:38,19.98,0.0,62,123876,卖盘,603933,2025-10-17 22:50:18
09:39:41,19.98,0.0,40,79920,卖盘,603933,2025-10-17 22:50:18
09:39:44,19.98,0.0,18,35964,卖盘,603933,2025-10-17 22:50:18
09:39:47,19.98,0.0,12,23976,卖盘,603933,2025-10-17 22:50:18
09:39:50,19.98,0.0,10,19980,卖盘,603933,2025-10-17 22:50:18
09:39:53,19.98,0.0,68,135864,卖盘,603933,2025-10-17 22:50:18
09:39:56,19.98,0.0,19,37962,卖盘,603933,2025-10-17 22:50:18
09:39:59,19.98,0.0,7,13986,卖盘,603933,2025-10-17 22:50:18
09:40:02,19.98,0.0,4,7992,卖盘,603933,2025-10-17 22:50:18
09:40:05,19.98,0.0,14,27972,卖盘,603933,2025-10-17 22:50:18
09:40:11,19.98,0.0,22,43956,卖盘,603933,2025-10-17 22:50:18
09:40:14,19.98,0.0,8,15984,卖盘,603933,2025-10-17 22:50:18
09:40:20,19.98,0.0,1,1998,卖盘,603933,2025-10-17 22:50:18
09:40:23,19.98,0.0,11,21978,卖盘,603933,2025-10-17 22:50:18
09:40:26,19.98,0.0,104,207792,卖盘,603933,2025-10-17 22:50:18
09:40:29,19.98,0.0,3,5994,卖盘,603933,2025-10-17 22:50:18
09:40:32,19.98,0.0,89,177822,卖盘,603933,2025-10-17 22:50:18
09:40:35,19.98,0.0,56,111888,卖盘,603933,2025-10-17 22:50:18
09:40:38,19.98,0.0,23,45954,卖盘,603933,2025-10-17 22:50:18
09:40:41,19.98,0.0,10,19980,卖盘,603933,2025-10-17 22:50:18
09:40:44,19.98,0.0,26,51948,卖盘,603933,2025-10-17 22:50:18
09:40:47,19.98,0.0,66,131868,卖盘,603933,2025-10-17 22:50:18
09:40:50,19.98,0.0,35,69930,卖盘,603933,2025-10-17 22:50:18
09:40:53,19.98,0.0,34,67932,卖盘,603933,2025-10-17 22:50:18
09:40:59,19.98,0.0,1,1998,卖盘,603933,2025-10-17 22:50:18
09:41:02,19.98,0.0,15,29970,卖盘,603933,2025-10-17 22:50:18
09:41:05,19.98,0.0,193,385614,卖盘,603933,2025-10-17 22:50:18
09:41:08,19.98,0.0,11,21978,卖盘,603933,2025-10-17 22:50:18
09:41:11,19.98,0.0,55,109890,卖盘,603933,2025-10-17 22:50:18
09:41:17,19.98,0.0,47,93906,卖盘,603933,2025-10-17 22:50:18
09:41:20,19.98,0.0,22,43956,卖盘,603933,2025-10-17 22:50:18
09:41:23,19.98,0.0,23,45954,卖盘,603933,2025-10-17 22:50:18
09:41:29,19.98,0.0,15,29970,卖盘,603933,2025-10-17 22:50:18
09:41:32,19.98,0.0,2,3996,卖盘,603933,2025-10-17 22:50:18
09:41:35,19.98,0.0,32,63936,卖盘,603933,2025-10-17 22:50:18
09:41:38,19.98,0.0,1,1998,卖盘,603933,2025-10-17 22:50:18
09:41:41,19.98,0.0,8,15984,卖盘,603933,2025-10-17 22:50:18
09:41:47,19.98,0.0,69,137862,卖盘,603933,2025-10-17 22:50:18
09:41:50,19.98,0.0,37,73926,卖盘,603933,2025-10-17 22:50:18
09:41:53,19.98,0.0,90,179820,卖盘,603933,2025-10-17 22:50:18
09:41:56,19.98,0.0,1,1998,卖盘,603933,2025-10-17 22:50:18
09:41:59,19.98,0.0,1,1998,卖盘,603933,2025-10-17 22:50:18
09:42:02,19.98,0.0,28,55944,卖盘,603933,2025-10-17 22:50:18
09:42:05,19.98,0.0,2,3996,卖盘,603933,2025-10-17 22:50:18
09:42:08,19.98,0.0,4,7992,卖盘,603933,2025-10-17 22:50:18
09:42:11,19.98,0.0,34,67932,卖盘,603933,2025-10-17 22:50:18
09:42:14,19.98,0.0,20,39960,卖盘,603933,2025-10-17 22:50:18
09:42:17,19.98,0.0,6,11988,卖盘,603933,2025-10-17 22:50:18
09:42:20,19.98,0.0,10,19980,卖盘,603933,2025-10-17 22:50:18
09:42:23,19.98,0.0,25,49950,卖盘,603933,2025-10-17 22:50:18
09:42:26,19.98,0.0,16,31968,卖盘,603933,2025-10-17 22:50:18
09:42:32,19.98,0.0,7,13986,卖盘,603933,2025-10-17 22:50:18
09:42:38,19.98,0.0,100,199800,卖盘,603933,2025-10-17 22:50:18
09:42:41,19.98,0.0,52,103896,卖盘,603933,2025-10-17 22:50:18
09:42:44,19.98,0.0,14,27972,卖盘,603933,2025-10-17 22:50:18
09:42:50,19.98,0.0,11,21978,卖盘,603933,2025-10-17 22:50:18
09:42:53,19.98,0.0,25,49950,卖盘,603933,2025-10-17 22:50:18
09:42:56,19.98,0.0,21,41958,卖盘,603933,2025-10-17 22:50:18
09:43:02,19.98,0.0,13,25974,卖盘,603933,2025-10-17 22:50:18
09:43:05,19.98,0.0,5,9990,卖盘,603933,2025-10-17 22:50:18
09:43:08,19.98,0.0,5,9990,卖盘,603933,2025-10-17 22:50:18
09:43:11,19.98,0.0,1,1998,卖盘,603933,2025-10-17 22:50:18
09:43:14,19.98,0.0,1,1998,卖盘,603933,2025-10-17 22:50:18
09:43:23,19.98,0.0,39,77922,卖盘,603933,2025-10-17 22:50:18
09:43:26,19.98,0.0,2,3996,卖盘,603933,2025-10-17 22:50:18
09:43:29,19.98,0.0,3,5994,卖盘,603933,2025-10-17 22:50:18
09:43:32,19.98,0.0,73,145854,卖盘,603933,2025-10-17 22:50:18
09:43:35,19.98,0.0,2,3996,卖盘,603933,2025-10-17 22:50:18
09:43:41,19.98,0.0,5,9990,卖盘,603933,2025-10-17 22:50:18
09:43:44,19.98,0.0,79,157842,卖盘,603933,2025-10-17 22:50:18
09:43:47,19.98,0.0,10,19980,卖盘,603933,2025-10-17 22:50:18
09:43:50,19.98,0.0,1,1998,卖盘,603933,2025-10-17 22:50:18
09:43:53,19.98,0.0,1,1998,卖盘,603933,2025-10-17 22:50:18
09:43:56,19.98,0.0,21,41958,卖盘,603933,2025-10-17 22:50:18
09:43:59,19.98,0.0,3,5994,卖盘,603933,2025-10-17 22:50:18
09:44:02,19.98,0.0,15,29970,卖盘,603933,2025-10-17 22:50:18
09:44:05,19.98,0.0,189,377622,卖盘,603933,2025-10-17 22:50:18
09:44:08,19.98,0.0,4,7992,卖盘,603933,2025-10-17 22:50:18
09:44:11,19.98,0.0,6,11988,卖盘,603933,2025-10-17 22:50:18
09:44:14,19.98,0.0,1,1998,卖盘,603933,2025-10-17 22:50:18
09:44:20,19.98,0.0,8,15984,卖盘,603933,2025-10-17 22:50:18
09:44:23,19.98,0.0,26,51948,卖盘,603933,2025-10-17 22:50:18
09:44:26,19.98,0.0,2,3996,卖盘,603933,2025-10-17 22:50:18
09:44:32,19.98,0.0,5,9990,卖盘,603933,2025-10-17 22:50:18
09:44:35,19.98,0.0,1,1998,卖盘,603933,2025-10-17 22:50:18
09:44:38,19.98,0.0,1,1998,卖盘,603933,2025-10-17 22:50:18
09:44:41,19.98,0.0,5,9990,卖盘,603933,2025-10-17 22:50:18
09:44:47,19.98,0.0,23,45954,卖盘,603933,2025-10-17 22:50:18
09:44:50,19.98,0.0,5,9990,卖盘,603933,2025-10-17 22:50:18
09:44:59,19.98,0.0,6,11988,卖盘,603933,2025-10-17 22:50:18
09:45:02,19.98,0.0,7,13986,卖盘,603933,2025-10-17 22:50:18
09:45:08,19.98,0.0,9,17982,卖盘,603933,2025-10-17 22:50:18
09:45:14,19.98,0.0,63,125874,卖盘,603933,2025-10-17 22:50:18
09:45:17,19.98,0.0,112,223776,卖盘,603933,2025-10-17 22:50:18
09:45:20,19.98,0.0,37,73926,卖盘,603933,2025-10-17 22:50:18
09:45:23,19.98,0.0,15,29970,卖盘,603933,2025-10-17 22:50:18
09:45:29,19.98,0.0,22,43956,卖盘,603933,2025-10-17 22:50:18
09:45:32,19.98,0.0,165,329670,卖盘,603933,2025-10-17 22:50:18
09:45:35,19.98,0.0,17,33966,卖盘,603933,2025-10-17 22:50:18
09:45:38,19.98,0.0,64,127872,卖盘,603933,2025-10-17 22:50:18
09:45:41,19.98,0.0,8,15984,卖盘,603933,2025-10-17 22:50:18
09:45:47,19.98,0.0,35,69930,卖盘,603933,2025-10-17 22:50:18
09:45:50,19.98,0.0,24,47952,卖盘,603933,2025-10-17 22:50:18
09:45:53,19.98,0.0,50,99261,卖盘,603933,2025-10-17 22:50:18
09:45:56,19.98,0.0,12,23976,卖盘,603933,2025-10-17 22:50:18
09:45:59,19.98,0.0,3,5994,卖盘,603933,2025-10-17 22:50:18
09:46:02,19.98,0.0,109,217782,卖盘,603933,2025-10-17 22:50:18
09:46:11,19.98,0.0,39,77922,卖盘,603933,2025-10-17 22:50:18
09:46:14,19.98,0.0,1,1998,卖盘,603933,2025-10-17 22:50:18
09:46:17,19.98,0.0,89,177822,卖盘,603933,2025-10-17 22:50:18
09:46:20,19.98,0.0,131,261738,卖盘,603933,2025-10-17 22:50:18
09:46:23,19.98,0.0,24,47952,卖盘,603933,2025-10-17 22:50:18
09:46:26,19.98,0.0,24,47952,卖盘,603933,2025-10-17 22:50:18
09:46:29,19.98,0.0,50,99900,卖盘,603933,2025-10-17 22:50:18
09:46:35,19.98,0.0,44,87912,卖盘,603933,2025-10-17 22:50:18
09:46:38,19.98,0.0,34,67932,卖盘,603933,2025-10-17 22:50:18
09:46:41,19.98,0.0,36,71928,卖盘,603933,2025-10-17 22:50:18
09:46:44,19.98,0.0,10,19980,卖盘,603933,2025-10-17 22:50:18
09:46:47,19.98,0.0,14,27972,卖盘,603933,2025-10-17 22:50:18
09:46:50,19.98,0.0,9,17982,卖盘,603933,2025-10-17 22:50:18
09:46:53,19.98,0.0,37,73926,卖盘,603933,2025-10-17 22:50:18
09:47:02,19.98,0.0,11,21978,卖盘,603933,2025-10-17 22:50:18
09:47:05,19.98,0.0,1,1998,卖盘,603933,2025-10-17 22:50:18
09:47:08,19.98,0.0,9,17982,卖盘,603933,2025-10-17 22:50:18
09:47:11,19.98,0.0,40,79920,卖盘,603933,2025-10-17 22:50:18
09:47:14,19.98,0.0,14,27972,卖盘,603933,2025-10-17 22:50:18
09:47:17,19.98,0.0,3,5994,卖盘,603933,2025-10-17 22:50:18
09:47:20,19.98,0.0,30,59940,卖盘,603933,2025-10-17 22:50:18
09:47:23,19.98,0.0,2,3996,卖盘,603933,2025-10-17 22:50:18
09:47:26,19.98,0.0,4,7992,卖盘,603933,2025-10-17 22:50:18
09:47:29,19.98,0.0,28,55944,卖盘,603933,2025-10-17 22:50:18
09:47:32,19.98,0.0,22,43956,卖盘,603933,2025-10-17 22:50:18
09:47:35,19.98,0.0,12,23976,卖盘,603933,2025-10-17 22:50:18
09:47:38,19.98,0.0,1,1998,卖盘,603933,2025-10-17 22:50:18
09:47:41,19.98,0.0,32,63936,卖盘,603933,2025-10-17 22:50:18
09:47:44,19.98,0.0,31,61938,卖盘,603933,2025-10-17 22:50:18
09:47:50,19.98,0.0,67,133866,卖盘,603933,2025-10-17 22:50:18
09:47:53,19.98,0.0,6,11988,卖盘,603933,2025-10-17 22:50:18
09:47:56,19.98,0.0,173,345654,卖盘,603933,2025-10-17 22:50:18
09:47:59,19.98,0.0,20,39960,卖盘,603933,2025-10-17 22:50:18
09:48:02,19.98,0.0,5,9990,卖盘,603933,2025-10-17 22:50:18
09:48:05,19.98,0.0,4,7992,卖盘,603933,2025-10-17 22:50:18
09:48:08,19.98,0.0,2,3996,卖盘,603933,2025-10-17 22:50:18
09:48:11,19.98,0.0,30,59940,卖盘,603933,2025-10-17 22:50:18
09:48:14,19.98,0.0,30,59940,卖盘,603933,2025-10-17 22:50:18
09:48:17,19.98,0.0,2,3996,卖盘,603933,2025-10-17 22:50:18
09:48:23,19.98,0.0,75,149850,卖盘,603933,2025-10-17 22:50:18
09:48:29,19.98,0.0,10,19980,卖盘,603933,2025-10-17 22:50:18
09:48:35,19.98,0.0,53,105894,卖盘,603933,2025-10-17 22:50:18
09:48:38,19.98,0.0,19,37962,卖盘,603933,2025-10-17 22:50:18
09:48:44,19.98,0.0,1,1998,卖盘,603933,2025-10-17 22:50:18
09:48:47,19.98,0.0,26,51948,卖盘,603933,2025-10-17 22:50:18
09:48:53,19.98,0.0,65,129870,卖盘,603933,2025-10-17 22:50:18
09:48:56,19.98,0.0,2,3996,卖盘,603933,2025-10-17 22:50:18
09:48:59,19.98,0.0,11,21978,卖盘,603933,2025-10-17 22:50:18
09:49:02,19.98,0.0,5,9990,卖盘,603933,2025-10-17 22:50:18
09:49:11,19.98,0.0,32,63936,卖盘,603933,2025-10-17 22:50:18
09:49:14,19.98,0.0,4,7992,卖盘,603933,2025-10-17 22:50:18
09:49:17,19.98,0.0,15,29970,卖盘,603933,2025-10-17 22:50:18
09:49:20,19.98,0.0,5,9990,卖盘,603933,2025-10-17 22:50:18
09:49:23,19.98,0.0,6,11988,卖盘,603933,2025-10-17 22:50:18
09:49:26,19.98,0.0,5,9990,卖盘,603933,2025-10-17 22:50:18
09:49:29,19.98,0.0,34,67932,卖盘,603933,2025-10-17 22:50:18
09:49:32,19.98,0.0,4,7992,卖盘,603933,2025-10-17 22:50:18
09:49:35,19.98,0.0,3,5994,卖盘,603933,2025-10-17 22:50:18
09:49:41,19.98,0.0,2,3996,卖盘,603933,2025-10-17 22:50:18
09:49:47,19.98,0.0,19,37962,卖盘,603933,2025-10-17 22:50:18
09:49:53,19.98,0.0,11,21978,卖盘,603933,2025-10-17 22:50:18
09:49:59,19.98,0.0,1,1998,卖盘,603933,2025-10-17 22:50:18
09:50:02,19.98,0.0,34,67932,卖盘,603933,2025-10-17 22:50:18
09:50:05,19.98,0.0,24,47952,卖盘,603933,2025-10-17 22:50:18
09:50:08,19.98,0.0,63,125874,卖盘,603933,2025-10-17 22:50:18
09:50:11,19.98,0.0,6,11988,卖盘,603933,2025-10-17 22:50:18
09:50:17,19.98,0.0,56,111888,卖盘,603933,2025-10-17 22:50:18
09:50:20,19.98,0.0,23,45954,卖盘,603933,2025-10-17 22:50:18
09:50:23,19.98,0.0,34,67932,卖盘,603933,2025-10-17 22:50:18
09:50:26,19.98,0.0,4,7992,卖盘,603933,2025-10-17 22:50:18
09:50:29,19.98,0.0,3,5994,卖盘,603933,2025-10-17 22:50:18
09:50:32,19.98,0.0,3,5994,卖盘,603933,2025-10-17 22:50:18
09:50:35,19.98,0.0,2,3996,卖盘,603933,2025-10-17 22:50:18
09:50:38,19.98,0.0,30,59940,卖盘,603933,2025-10-17 22:50:18
09:50:41,19.98,0.0,11,21978,卖盘,603933,2025-10-17 22:50:18
09:50:44,19.98,0.0,1,1998,卖盘,603933,2025-10-17 22:50:18
09:50:47,19.98,0.0,38,75924,卖盘,603933,2025-10-17 22:50:18
09:50:53,19.98,0.0,10,19980,卖盘,603933,2025-10-17 22:50:18
09:50:56,19.98,0.0,3,5994,卖盘,603933,2025-10-17 22:50:18
09:50:59,19.98,0.0,6,11988,卖盘,603933,2025-10-17 22:50:18
09:51:05,19.98,0.0,26,51948,卖盘,603933,2025-10-17 22:50:18
09:51:14,19.98,0.0,61,121878,卖盘,603933,2025-10-17 22:50:18
09:51:17,19.98,0.0,30,59940,卖盘,603933,2025-10-17 22:50:18
09:51:23,19.98,0.0,78,155844,卖盘,603933,2025-10-17 22:50:18
09:51:26,19.98,0.0,5,9990,卖盘,603933,2025-10-17 22:50:18
09:51:29,19.98,0.0,3,5994,卖盘,603933,2025-10-17 22:50:18
09:51:32,19.98,0.0,24,47952,卖盘,603933,2025-10-17 22:50:18
09:51:41,19.98,0.0,302,603396,卖盘,603933,2025-10-17 22:50:18
09:51:44,19.98,0.0,18,35964,卖盘,603933,2025-10-17 22:50:18
09:51:50,19.98,0.0,2,3996,卖盘,603933,2025-10-17 22:50:18
09:51:53,19.98,0.0,17,33966,卖盘,603933,2025-10-17 22:50:18
09:51:56,19.98,0.0,668,1334664,卖盘,603933,2025-10-17 22:50:18
09:52:02,19.98,0.0,7,13986,卖盘,603933,2025-10-17 22:50:18
09:52:08,19.98,0.0,4,7992,卖盘,603933,2025-10-17 22:50:18
09:52:11,19.98,0.0,10,19980,卖盘,603933,2025-10-17 22:50:18
09:52:14,19.98,0.0,1,1998,卖盘,603933,2025-10-17 22:50:18
09:52:20,19.98,0.0,2,3996,卖盘,603933,2025-10-17 22:50:18
09:52:23,19.98,0.0,1,1998,卖盘,603933,2025-10-17 22:50:18
09:52:26,19.98,0.0,5,9990,卖盘,603933,2025-10-17 22:50:18
09:52:32,19.98,0.0,30,59940,卖盘,603933,2025-10-17 22:50:18
09:52:35,19.98,0.0,7,13986,卖盘,603933,2025-10-17 22:50:18
09:52:38,19.98,0.0,60,119880,卖盘,603933,2025-10-17 22:50:18
09:52:41,19.98,0.0,21,41958,卖盘,603933,2025-10-17 22:50:18
09:52:44,19.98,0.0,7,13986,卖盘,603933,2025-10-17 22:50:18
09:52:50,19.98,0.0,3,5994,卖盘,603933,2025-10-17 22:50:18
09:52:53,19.98,0.0,5,9990,卖盘,603933,2025-10-17 22:50:18
09:52:56,19.98,0.0,11,21978,卖盘,603933,2025-10-17 22:50:18
09:53:02,19.98,0.0,15,29970,卖盘,603933,2025-10-17 22:50:18
09:53:05,19.98,0.0,169,337662,卖盘,603933,2025-10-17 22:50:18
09:53:08,19.98,0.0,5,9990,卖盘,603933,2025-10-17 22:50:18
09:53:17,19.98,0.0,9,17982,卖盘,603933,2025-10-17 22:50:18
09:53:23,19.98,0.0,9,17982,卖盘,603933,2025-10-17 22:50:18
09:53:26,19.98,0.0,30,59940,卖盘,603933,2025-10-17 22:50:18
09:53:29,19.98,0.0,3,5994,卖盘,603933,2025-10-17 22:50:18
09:53:32,19.98,0.0,3,5994,卖盘,603933,2025-10-17 22:50:18
09:53:35,19.98,0.0,26,51948,卖盘,603933,2025-10-17 22:50:18
09:53:41,19.98,0.0,12,23976,卖盘,603933,2025-10-17 22:50:18
09:53:44,19.98,0.0,51,101898,卖盘,603933,2025-10-17 22:50:18
09:53:47,19.98,0.0,25,49950,卖盘,603933,2025-10-17 22:50:18
09:53:50,19.98,0.0,10,19980,卖盘,603933,2025-10-17 22:50:18
09:53:53,19.98,0.0,111,221778,卖盘,603933,2025-10-17 22:50:18
09:54:02,19.98,0.0,4,7992,卖盘,603933,2025-10-17 22:50:18
09:54:08,19.98,0.0,3,5994,卖盘,603933,2025-10-17 22:50:18
09:54:11,19.98,0.0,1,1998,卖盘,603933,2025-10-17 22:50:18
09:54:14,19.98,0.0,1,1998,卖盘,603933,2025-10-17 22:50:18
09:54:17,19.98,0.0,80,159840,卖盘,603933,2025-10-17 22:50:18
09:54:20,19.98,0.0,1,1998,卖盘,603933,2025-10-17 22:50:18
09:54:26,19.98,0.0,5,9990,卖盘,603933,2025-10-17 22:50:18
09:54:29,19.98,0.0,3,5994,卖盘,603933,2025-10-17 22:50:18
09:54:35,19.98,0.0,2,3996,卖盘,603933,2025-10-17 22:50:18
09:54:44,19.98,0.0,3,5994,卖盘,603933,2025-10-17 22:50:18
09:54:47,19.98,0.0,1,1998,卖盘,603933,2025-10-17 22:50:18
09:54:50,19.98,0.0,1,1998,卖盘,603933,2025-10-17 22:50:18
09:54:53,19.98,0.0,11,21978,卖盘,603933,2025-10-17 22:50:18
09:54:56,19.98,0.0,23,45954,卖盘,603933,2025-10-17 22:50:18
09:54:59,19.98,0.0,3,5994,卖盘,603933,2025-10-17 22:50:18
09:55:02,19.98,0.0,5,9990,卖盘,603933,2025-10-17 22:50:18
09:55:08,19.98,0.0,39,77922,卖盘,603933,2025-10-17 22:50:18
09:55:14,19.98,0.0,10,19980,卖盘,603933,2025-10-17 22:50:18
09:55:20,19.98,0.0,2,3996,卖盘,603933,2025-10-17 22:50:18
09:55:23,19.98,0.0,2,3996,卖盘,603933,2025-10-17 22:50:18
09:55:32,19.98,0.0,2,3996,卖盘,603933,2025-10-17 22:50:18
09:55:35,19.98,0.0,10,19980,卖盘,603933,2025-10-17 22:50:18
09:55:38,19.98,0.0,4,7992,卖盘,603933,2025-10-17 22:50:18
09:55:47,19.98,0.0,5,9990,卖盘,603933,2025-10-17 22:50:18
09:55:53,19.98,0.0,15,29970,卖盘,603933,2025-10-17 22:50:18
09:55:56,19.98,0.0,6,11988,卖盘,603933,2025-10-17 22:50:18
09:56:02,19.98,0.0,3,5994,卖盘,603933,2025-10-17 22:50:18
09:56:05,19.98,0.0,12,23976,卖盘,603933,2025-10-17 22:50:18
09:56:08,19.98,0.0,7,13986,卖盘,603933,2025-10-17 22:50:18
09:56:26,19.98,0.0,1,1998,卖盘,603933,2025-10-17 22:50:18
09:56:35,19.98,0.0,2,3996,卖盘,603933,2025-10-17 22:50:18
09:56:41,19.98,0.0,8,15984,卖盘,603933,2025-10-17 22:50:18
09:56:44,19.98,0.0,3,5994,卖盘,603933,2025-10-17 22:50:18
09:56:50,19.98,0.0,5,9990,卖盘,603933,2025-10-17 22:50:18
09:56:53,19.98,0.0,1,1998,卖盘,603933,2025-10-17 22:50:18
09:57:02,19.98,0.0,2,3996,卖盘,603933,2025-10-17 22:50:18
09:57:05,19.98,0.0,23,45954,卖盘,603933,2025-10-17 22:50:18
09:57:20,19.98,0.0,6,11988,卖盘,603933,2025-10-17 22:50:18
09:57:23,19.98,0.0,6,11988,卖盘,603933,2025-10-17 22:50:18
09:57:29,19.98,0.0,4,7992,卖盘,603933,2025-10-17 22:50:18
09:57:32,19.98,0.0,2,3996,卖盘,603933,2025-10-17 22:50:18
09:57:35,19.98,0.0,7,13986,卖盘,603933,2025-10-17 22:50:18
09:57:38,19.98,0.0,15,29970,卖盘,603933,2025-10-17 22:50:18
09:57:44,19.98,0.0,6,11988,卖盘,603933,2025-10-17 22:50:18
09:57:47,19.98,0.0,4,7992,卖盘,603933,2025-10-17 22:50:18
09:57:59,19.98,0.0,15,29970,卖盘,603933,2025-10-17 22:50:18
09:58:02,19.98,0.0,5,9990,卖盘,603933,2025-10-17 22:50:18
09:58:11,19.98,0.0,133,265734,卖盘,603933,2025-10-17 22:50:18
09:58:14,19.98,0.0,2,3996,卖盘,603933,2025-10-17 22:50:18
09:58:17,19.98,0.0,2,3996,卖盘,603933,2025-10-17 22:50:18
09:58:23,19.98,0.0,1,1998,卖盘,603933,2025-10-17 22:50:18
09:58:29,19.98,0.0,3,5994,卖盘,603933,2025-10-17 22:50:18
09:58:38,19.98,0.0,5,9990,卖盘,603933,2025-10-17 22:50:18
09:58:41,19.98,0.0,17,33966,卖盘,603933,2025-10-17 22:50:18
09:58:44,19.98,0.0,1,1998,卖盘,603933,2025-10-17 22:50:18
09:58:56,19.98,0.0,3,5994,卖盘,603933,2025-10-17 22:50:18
09:58:59,19.98,0.0,2,3996,卖盘,603933,2025-10-17 22:50:18
09:59:02,19.98,0.0,4,7992,卖盘,603933,2025-10-17 22:50:18
09:59:05,19.98,0.0,21,41958,卖盘,603933,2025-10-17 22:50:18
09:59:23,19.98,0.0,1,1998,卖盘,603933,2025-10-17 22:50:18
09:59:26,19.98,0.0,1,1998,卖盘,603933,2025-10-17 22:50:18
09:59:32,19.98,0.0,11,21978,卖盘,603933,2025-10-17 22:50:18
09:59:35,19.98,0.0,24,47952,卖盘,603933,2025-10-17 22:50:18
09:59:50,19.98,0.0,26,51948,卖盘,603933,2025-10-17 22:50:18
09:59:53,19.98,0.0,1,1998,卖盘,603933,2025-10-17 22:50:18
10:00:02,19.98,0.0,2,3996,卖盘,603933,2025-10-17 22:50:18
10:00:05,19.98,0.0,3,5994,卖盘,603933,2025-10-17 22:50:18
10:00:08,19.98,0.0,1,1998,卖盘,603933,2025-10-17 22:50:18
10:00:11,19.98,0.0,3,5994,卖盘,603933,2025-10-17 22:50:18
10:00:14,19.98,0.0,15,29970,卖盘,603933,2025-10-17 22:50:18
10:00:17,19.98,0.0,2,3996,卖盘,603933,2025-10-17 22:50:18
10:00:23,19.98,0.0,2,3996,卖盘,603933,2025-10-17 22:50:18
10:00:26,19.98,0.0,11,21978,卖盘,603933,2025-10-17 22:50:18
10:00:32,19.98,0.0,2,3996,卖盘,603933,2025-10-17 22:50:18
10:00:35,19.98,0.0,12,23976,卖盘,603933,2025-10-17 22:50:18
10:00:38,19.98,0.0,3,5994,卖盘,603933,2025-10-17 22:50:18
10:00:41,19.98,0.0,10,19980,卖盘,603933,2025-10-17 22:50:18
10:00:53,19.98,0.0,1,1998,卖盘,603933,2025-10-17 22:50:18
10:01:02,19.98,0.0,4,7992,卖盘,603933,2025-10-17 22:50:18
10:01:05,19.98,0.0,10,19980,卖盘,603933,2025-10-17 22:50:18
10:01:08,19.98,0.0,6,11988,卖盘,603933,2025-10-17 22:50:18
10:01:11,19.98,0.0,7,13986,卖盘,603933,2025-10-17 22:50:18
10:01:23,19.98,0.0,1,1998,卖盘,603933,2025-10-17 22:50:18
10:01:26,19.98,0.0,17,33966,卖盘,603933,2025-10-17 22:50:18
10:01:29,19.98,0.0,2,3996,卖盘,603933,2025-10-17 22:50:18
10:01:32,19.98,0.0,3,5994,卖盘,603933,2025-10-17 22:50:18
10:01:38,19.98,0.0,14,27972,卖盘,603933,2025-10-17 22:50:18
10:01:47,19.98,0.0,18,35964,卖盘,603933,2025-10-17 22:50:18
10:01:50,19.98,0.0,11,21978,卖盘,603933,2025-10-17 22:50:18
10:01:59,19.98,0.0,22,43956,卖盘,603933,2025-10-17 22:50:18
10:02:02,19.98,0.0,4,7992,卖盘,603933,2025-10-17 22:50:18
10:02:05,19.98,0.0,234,467532,卖盘,603933,2025-10-17 22:50:18
10:02:08,19.98,0.0,9,17982,卖盘,603933,2025-10-17 22:50:18
10:02:14,19.98,0.0,1,1998,卖盘,603933,2025-10-17 22:50:18
10:02:17,19.98,0.0,1,1998,卖盘,603933,2025-10-17 22:50:18
10:02:20,19.98,0.0,5,9990,卖盘,603933,2025-10-17 22:50:18
10:02:23,19.98,0.0,1,1998,卖盘,603933,2025-10-17 22:50:18
10:02:32,19.98,0.0,2,3996,卖盘,603933,2025-10-17 22:50:18
10:02:38,19.98,0.0,7,13986,卖盘,603933,2025-10-17 22:50:18
10:02:44,19.98,0.0,14,27972,卖盘,603933,2025-10-17 22:50:18
10:02:50,19.98,0.0,3,5994,卖盘,603933,2025-10-17 22:50:18
10:02:53,19.98,0.0,1,1998,卖盘,603933,2025-10-17 22:50:18
10:02:56,19.98,0.0,3,5994,卖盘,603933,2025-10-17 22:50:18
10:02:59,19.98,0.0,5,9990,卖盘,603933,2025-10-17 22:50:18
10:03:02,19.98,0.0,5,9990,卖盘,603933,2025-10-17 22:50:18
10:03:05,19.98,0.0,21,41958,卖盘,603933,2025-10-17 22:50:18
10:03:14,19.98,0.0,10,19980,卖盘,603933,2025-10-17 22:50:18
10:03:17,19.98,0.0,100,199800,卖盘,603933,2025-10-17 22:50:18
10:03:23,19.98,0.0,16,31968,卖盘,603933,2025-10-17 22:50:18
10:03:29,19.98,0.0,709,1416582,卖盘,603933,2025-10-17 22:50:18
10:03:32,19.98,0.0,30,59940,卖盘,603933,2025-10-17 22:50:18
10:03:35,19.98,0.0,1,1998,卖盘,603933,2025-10-17 22:50:18
10:03:44,19.98,0.0,32,63936,卖盘,603933,2025-10-17 22:50:18
10:03:47,19.98,0.0,38,75924,卖盘,603933,2025-10-17 22:50:18
10:03:50,19.98,0.0,15,29970,卖盘,603933,2025-10-17 22:50:18
10:03:53,19.98,0.0,34,67932,卖盘,603933,2025-10-17 22:50:18
10:04:02,19.98,0.0,15,29970,卖盘,603933,2025-10-17 22:50:18
10:04:05,19.98,0.0,8,15984,卖盘,603933,2025-10-17 22:50:18
10:04:11,19.98,0.0,10,19980,卖盘,603933,2025-10-17 22:50:18
10:04:23,19.98,0.0,1,1998,卖盘,603933,2025-10-17 22:50:18
10:04:41,19.98,0.0,32,63936,卖盘,603933,2025-10-17 22:50:18
10:04:47,19.98,0.0,2,3996,卖盘,603933,2025-10-17 22:50:18
10:04:50,19.98,0.0,13,25974,卖盘,603933,2025-10-17 22:50:18
10:04:53,19.98,0.0,2,3996,卖盘,603933,2025-10-17 22:50:18
10:04:56,19.98,0.0,1,1998,卖盘,603933,2025-10-17 22:50:18
10:04:59,19.98,0.0,2,3996,卖盘,603933,2025-10-17 22:50:18
10:05:05,19.98,0.0,3,5994,卖盘,603933,2025-10-17 22:50:18
10:05:08,19.98,0.0,2,3996,卖盘,603933,2025-10-17 22:50:18
10:05:11,19.98,0.0,25,49950,卖盘,603933,2025-10-17 22:50:18
10:05:14,19.98,0.0,1,1998,卖盘,603933,2025-10-17 22:50:18
10:05:17,19.98,0.0,11,21978,卖盘,603933,2025-10-17 22:50:18
10:05:20,19.98,0.0,1,1998,卖盘,603933,2025-10-17 22:50:18
10:05:23,19.98,0.0,1,1998,卖盘,603933,2025-10-17 22:50:18
10:05:32,19.98,0.0,2,3996,卖盘,603933,2025-10-17 22:50:18
10:05:35,19.98,0.0,1,1998,卖盘,603933,2025-10-17 22:50:18
10:05:38,19.98,0.0,3,5994,卖盘,603933,2025-10-17 22:50:18
10:05:41,19.98,0.0,10,19980,卖盘,603933,2025-10-17 22:50:18
10:05:47,19.98,0.0,6,11988,卖盘,603933,2025-10-17 22:50:18
10:05:53,19.98,0.0,1,1998,卖盘,603933,2025-10-17 22:50:18
10:05:59,19.98,0.0,2,3996,卖盘,603933,2025-10-17 22:50:18
10:06:20,19.98,0.0,4,7992,卖盘,603933,2025-10-17 22:50:18
10:06:35,19.98,0.0,6,11988,卖盘,603933,2025-10-17 22:50:18
10:06:41,19.98,0.0,19,37962,卖盘,603933,2025-10-17 22:50:18
10:06:53,19.98,0.0,1,1998,卖盘,603933,2025-10-17 22:50:18
10:07:02,19.98,0.0,22,43956,卖盘,603933,2025-10-17 22:50:18
10:07:05,19.98,0.0,3,5994,卖盘,603933,2025-10-17 22:50:18
10:07:14,19.98,0.0,2,3996,卖盘,603933,2025-10-17 22:50:18
10:07:23,19.98,0.0,2,3996,卖盘,603933,2025-10-17 22:50:18
10:07:26,19.98,0.0,1,1998,卖盘,603933,2025-10-17 22:50:18
10:07:29,19.98,0.0,1,1998,卖盘,603933,2025-10-17 22:50:18
10:07:32,19.98,0.0,25,49950,卖盘,603933,2025-10-17 22:50:18
10:07:35,19.98,0.0,13,25974,卖盘,603933,2025-10-17 22:50:18
10:07:38,19.98,0.0,8,15984,卖盘,603933,2025-10-17 22:50:18
10:07:59,19.98,0.0,140,279720,卖盘,603933,2025-10-17 22:50:18
10:08:23,19.98,0.0,8,15984,卖盘,603933,2025-10-17 22:50:18
10:08:29,19.98,0.0,1,1998,卖盘,603933,2025-10-17 22:50:18
10:08:32,19.98,0.0,52,103896,卖盘,603933,2025-10-17 22:50:18
10:08:47,19.98,0.0,1,1998,卖盘,603933,2025-10-17 22:50:18
10:08:50,19.98,0.0,20,39960,卖盘,603933,2025-10-17 22:50:18
10:08:53,19.98,0.0,4,7992,卖盘,603933,2025-10-17 22:50:18
10:09:05,19.98,0.0,18,35964,卖盘,603933,2025-10-17 22:50:18
10:09:11,19.98,0.0,1,1998,卖盘,603933,2025-10-17 22:50:18
10:09:17,19.98,0.0,8,15984,卖盘,603933,2025-10-17 22:50:18
10:09:23,19.98,0.0,1,1998,卖盘,603933,2025-10-17 22:50:18
10:09:26,19.98,0.0,2,3996,卖盘,603933,2025-10-17 22:50:18
10:09:38,19.98,0.0,50,99900,卖盘,603933,2025-10-17 22:50:18
10:09:41,19.98,0.0,56,111888,卖盘,603933,2025-10-17 22:50:18
10:09:47,19.98,0.0,55,109890,卖盘,603933,2025-10-17 22:50:18
10:10:23,19.98,0.0,1,1998,卖盘,603933,2025-10-17 22:50:18
10:10:32,19.98,0.0,5,9990,卖盘,603933,2025-10-17 22:50:18
10:10:41,19.98,0.0,20,39960,卖盘,603933,2025-10-17 22:50:18
10:10:44,19.98,0.0,12,23976,卖盘,603933,2025-10-17 22:50:18
10:10:53,19.98,0.0,39,77922,卖盘,603933,2025-10-17 22:50:18
10:11:02,19.98,0.0,1,1998,卖盘,603933,2025-10-17 22:50:18
10:11:08,19.98,0.0,13,25974,卖盘,603933,2025-10-17 22:50:18
10:11:14,19.98,0.0,20,39960,卖盘,603933,2025-10-17 22:50:18
10:11:41,19.98,0.0,1,1998,卖盘,603933,2025-10-17 22:50:18
10:11:44,19.98,0.0,10,19980,卖盘,603933,2025-10-17 22:50:18
10:11:53,19.98,0.0,1,1998,卖盘,603933,2025-10-17 22:50:18
10:12:14,19.98,0.0,3,5994,卖盘,603933,2025-10-17 22:50:18
10:12:35,19.98,0.0,10,19980,卖盘,603933,2025-10-17 22:50:18
10:12:38,19.98,0.0,2,3996,卖盘,603933,2025-10-17 22:50:18
10:12:53,19.98,0.0,62,123876,卖盘,603933,2025-10-17 22:50:18
10:13:05,19.98,0.0,5,9990,卖盘,603933,2025-10-17 22:50:18
10:13:08,19.98,0.0,9,17982,卖盘,603933,2025-10-17 22:50:18
10:13:14,19.98,0.0,1,1998,卖盘,603933,2025-10-17 22:50:18
10:13:20,19.98,0.0,3,5994,卖盘,603933,2025-10-17 22:50:18
10:13:23,19.98,0.0,10,19980,卖盘,603933,2025-10-17 22:50:18
10:13:26,19.98,0.0,10,19980,卖盘,603933,2025-10-17 22:50:18
10:13:41,19.98,0.0,3,5994,卖盘,603933,2025-10-17 22:50:18
10:13:53,19.98,0.0,1,1998,卖盘,603933,2025-10-17 22:50:18
10:13:59,19.98,0.0,7,13986,卖盘,603933,2025-10-17 22:50:18
10:14:26,19.98,0.0,1,1998,卖盘,603933,2025-10-17 22:50:18
10:14:32,19.98,0.0,1,1998,卖盘,603933,2025-10-17 22:50:18
10:14:44,19.98,0.0,1,1998,卖盘,603933,2025-10-17 22:50:18
10:14:50,19.98,0.0,10,19980,卖盘,603933,2025-10-17 22:50:18
10:14:53,19.98,0.0,1,1998,卖盘,603933,2025-10-17 22:50:18
10:15:05,19.98,0.0,17,33966,卖盘,603933,2025-10-17 22:50:18
10:15:11,19.98,0.0,1,1998,卖盘,603933,2025-10-17 22:50:18
10:15:20,19.98,0.0,1,1998,卖盘,603933,2025-10-17 22:50:18
10:15:23,19.98,0.0,5,9990,卖盘,603933,2025-10-17 22:50:18
10:15:32,19.98,0.0,1,1998,卖盘,603933,2025-10-17 22:50:18
10:15:38,19.98,0.0,14,27972,卖盘,603933,2025-10-17 22:50:18
10:15:41,19.98,0.0,10,19980,卖盘,603933,2025-10-17 22:50:18
10:15:44,19.98,0.0,1,1998,卖盘,603933,2025-10-17 22:50:18
10:15:47,19.98,0.0,2,3996,卖盘,603933,2025-10-17 22:50:18
10:15:53,19.98,0.0,1,1998,卖盘,603933,2025-10-17 22:50:18
10:15:56,19.98,0.0,3,5994,卖盘,603933,2025-10-17 22:50:18
10:16:23,19.98,0.0,21,41958,卖盘,603933,2025-10-17 22:50:18
10:16:41,19.98,0.0,17,33966,卖盘,603933,2025-10-17 22:50:18
10:16:53,19.98,0.0,11,21978,卖盘,603933,2025-10-17 22:50:18
10:16:59,19.98,0.0,2,3996,卖盘,603933,2025-10-17 22:50:18
10:17:02,19.98,0.0,3,5994,卖盘,603933,2025-10-17 22:50:18
10:17:05,19.98,0.0,200,399600,卖盘,603933,2025-10-17 22:50:18
10:17:17,19.98,0.0,62,123876,卖盘,603933,2025-10-17 22:50:18
10:17:26,19.98,0.0,1,1998,卖盘,603933,2025-10-17 22:50:18
10:17:47,19.98,0.0,1,1998,卖盘,603933,2025-10-17 22:50:18
10:17:53,19.98,0.0,1,1998,卖盘,603933,2025-10-17 22:50:18
10:17:56,19.98,0.0,1,1998,卖盘,603933,2025-10-17 22:50:18
10:18:08,19.98,0.0,3,5994,卖盘,603933,2025-10-17 22:50:18
10:18:26,19.98,0.0,20,39960,卖盘,603933,2025-10-17 22:50:18
10:18:29,19.98,0.0,55,109890,卖盘,603933,2025-10-17 22:50:18
10:18:38,19.98,0.0,7,13986,卖盘,603933,2025-10-17 22:50:18
10:18:44,19.98,0.0,20,39960,卖盘,603933,2025-10-17 22:50:18
10:18:53,19.98,0.0,1,1998,卖盘,603933,2025-10-17 22:50:18
10:19:05,19.98,0.0,1,1998,卖盘,603933,2025-10-17 22:50:18
10:19:11,19.98,0.0,1,1998,卖盘,603933,2025-10-17 22:50:18
10:19:14,19.98,0.0,3,5994,卖盘,603933,2025-10-17 22:50:18
10:19:47,19.98,0.0,5,9990,卖盘,603933,2025-10-17 22:50:18
10:19:50,19.98,0.0,5,9990,卖盘,603933,2025-10-17 22:50:18
10:19:59,19.98,0.0,1,1998,卖盘,603933,2025-10-17 22:50:18
10:20:02,19.98,0.0,2,3996,卖盘,603933,2025-10-17 22:50:18
10:20:23,19.98,0.0,15,29970,卖盘,603933,2025-10-17 22:50:18
10:20:35,19.98,0.0,15,29970,卖盘,603933,2025-10-17 22:50:18
10:20:38,19.98,0.0,3,5994,卖盘,603933,2025-10-17 22:50:18
10:20:41,19.98,0.0,2,3996,卖盘,603933,2025-10-17 22:50:18
10:20:44,19.98,0.0,5,9990,卖盘,603933,2025-10-17 22:50:18
10:20:59,19.98,0.0,1,1998,卖盘,603933,2025-10-17 22:50:18
10:21:05,19.98,0.0,16,31968,卖盘,603933,2025-10-17 22:50:18
10:21:11,19.98,0.0,19,37962,卖盘,603933,2025-10-17 22:50:18
10:21:23,19.98,0.0,1,1998,卖盘,603933,2025-10-17 22:50:18
10:21:38,19.98,0.0,20,39960,卖盘,603933,2025-10-17 22:50:18
10:21:53,19.98,0.0,1,1998,卖盘,603933,2025-10-17 22:50:18
10:21:56,19.98,0.0,3,5994,卖盘,603933,2025-10-17 22:50:18
10:22:11,19.98,0.0,3,5994,卖盘,603933,2025-10-17 22:50:18
10:22:14,19.98,0.0,10,19980,卖盘,603933,2025-10-17 22:50:18
10:22:23,19.98,0.0,1,1998,卖盘,603933,2025-10-17 22:50:18
10:22:26,19.98,0.0,1,1998,卖盘,603933,2025-10-17 22:50:18
10:22:29,19.98,0.0,21,41958,卖盘,603933,2025-10-17 22:50:18
10:22:38,19.98,0.0,10,19980,卖盘,603933,2025-10-17 22:50:18
10:22:41,19.98,0.0,28,55944,卖盘,603933,2025-10-17 22:50:18
10:22:50,19.98,0.0,12,23976,卖盘,603933,2025-10-17 22:50:18
10:23:17,19.98,0.0,20,39960,卖盘,603933,2025-10-17 22:50:18
10:23:23,19.98,0.0,1,1998,卖盘,603933,2025-10-17 22:50:18
10:23:26,19.98,0.0,6,11988,卖盘,603933,2025-10-17 22:50:18
10:23:38,19.98,0.0,16,31968,卖盘,603933,2025-10-17 22:50:18
10:23:41,19.98,0.0,13,25974,卖盘,603933,2025-10-17 22:50:18
10:23:47,19.98,0.0,3,5994,卖盘,603933,2025-10-17 22:50:18
10:23:56,19.98,0.0,6,11988,卖盘,603933,2025-10-17 22:50:18
10:24:23,19.98,0.0,5,9990,卖盘,603933,2025-10-17 22:50:18
10:24:35,19.98,0.0,14,27972,卖盘,603933,2025-10-17 22:50:18
10:24:41,19.98,0.0,19,37962,卖盘,603933,2025-10-17 22:50:18
10:24:50,19.98,0.0,10,19980,卖盘,603933,2025-10-17 22:50:18
10:24:53,19.98,0.0,1,1998,卖盘,603933,2025-10-17 22:50:18
10:24:59,19.98,0.0,2,3996,卖盘,603933,2025-10-17 22:50:18
10:25:02,19.98,0.0,1,1998,卖盘,603933,2025-10-17 22:50:18
10:25:23,19.98,0.0,1,1998,卖盘,603933,2025-10-17 22:50:18
10:25:32,19.98,0.0,15,29970,卖盘,603933,2025-10-17 22:50:18
10:25:35,19.98,0.0,9,17982,卖盘,603933,2025-10-17 22:50:18
10:25:41,19.98,0.0,21,41958,卖盘,603933,2025-10-17 22:50:18
10:26:17,19.98,0.0,35,69930,卖盘,603933,2025-10-17 22:50:18
10:26:23,19.98,0.0,3,5994,卖盘,603933,2025-10-17 22:50:18
10:26:29,19.98,0.0,2,3996,卖盘,603933,2025-10-17 22:50:18
10:26:41,19.98,0.0,7,13986,卖盘,603933,2025-10-17 22:50:18
10:27:02,19.98,0.0,2,3996,卖盘,603933,2025-10-17 22:50:18
10:27:08,19.98,0.0,22,43956,卖盘,603933,2025-10-17 22:50:18
10:27:14,19.98,0.0,1,1998,卖盘,603933,2025-10-17 22:50:18
10:27:23,19.98,0.0,1,1998,卖盘,603933,2025-10-17 22:50:18
10:27:38,19.98,0.0,5,9990,卖盘,603933,2025-10-17 22:50:18
10:27:53,19.98,0.0,3,5994,卖盘,603933,2025-10-17 22:50:18
10:28:23,19.98,0.0,1,1998,卖盘,603933,2025-10-17 22:50:18
10:28:26,19.98,0.0,8,15984,卖盘,603933,2025-10-17 22:50:18
10:28:29,19.98,0.0,33,65934,卖盘,603933,2025-10-17 22:50:18
10:28:35,19.98,0.0,7,13986,卖盘,603933,2025-10-17 22:50:18
10:28:44,19.98,0.0,3,5994,卖盘,603933,2025-10-17 22:50:18
10:28:53,19.98,0.0,20,39960,卖盘,603933,2025-10-17 22:50:18
10:28:56,19.98,0.0,6,11988,卖盘,603933,2025-10-17 22:50:18
10:29:02,19.98,0.0,5,9990,卖盘,603933,2025-10-17 22:50:18
10:29:11,19.98,0.0,7,13986,卖盘,603933,2025-10-17 22:50:18
10:29:17,19.98,0.0,1,1998,卖盘,603933,2025-10-17 22:50:18
10:29:20,19.98,0.0,1,1998,卖盘,603933,2025-10-17 22:50:18
10:29:23,19.98,0.0,1,1998,卖盘,603933,2025-10-17 22:50:18
10:29:35,19.98,0.0,2,3996,卖盘,603933,2025-10-17 22:50:18
10:29:41,19.98,0.0,2,3996,卖盘,603933,2025-10-17 22:50:18
10:29:53,19.98,0.0,5,9990,卖盘,603933,2025-10-17 22:50:18
10:30:35,19.98,0.0,2,3996,卖盘,603933,2025-10-17 22:50:18
10:30:38,19.98,0.0,1,1998,卖盘,603933,2025-10-17 22:50:18
10:30:53,19.98,0.0,1,1998,卖盘,603933,2025-10-17 22:50:18
10:31:08,19.98,0.0,3,5994,卖盘,603933,2025-10-17 22:50:18
10:31:11,19.98,0.0,1,1998,卖盘,603933,2025-10-17 22:50:18
10:31:14,19.98,0.0,1,1998,卖盘,603933,2025-10-17 22:50:18
10:31:53,19.98,0.0,1,1998,卖盘,603933,2025-10-17 22:50:18
10:32:23,19.98,0.0,1,1998,卖盘,603933,2025-10-17 22:50:18
10:32:29,19.98,0.0,11,21978,卖盘,603933,2025-10-17 22:50:18
10:33:23,19.98,0.0,1,1998,卖盘,603933,2025-10-17 22:50:18
10:33:26,19.98,0.0,1,1998,卖盘,603933,2025-10-17 22:50:18
10:33:29,19.98,0.0,16,31968,卖盘,603933,2025-10-17 22:50:18
10:33:47,19.98,0.0,50,99900,卖盘,603933,2025-10-17 22:50:18
10:34:08,19.98,0.0,3,5994,卖盘,603933,2025-10-17 22:50:18
10:34:17,19.98,0.0,7,13986,卖盘,603933,2025-10-17 22:50:18
10:34:23,19.98,0.0,1,1998,卖盘,603933,2025-10-17 22:50:18
10:34:26,19.98,0.0,6,11988,卖盘,603933,2025-10-17 22:50:18
10:34:32,19.98,0.0,150,299700,卖盘,603933,2025-10-17 22:50:18
10:35:23,19.98,0.0,1,1998,卖盘,603933,2025-10-17 22:50:18
10:35:29,19.98,0.0,1,1998,卖盘,603933,2025-10-17 22:50:18
10:35:53,19.98,0.0,50,99900,卖盘,603933,2025-10-17 22:50:18
10:36:23,19.98,0.0,1,1998,卖盘,603933,2025-10-17 22:50:18
10:36:44,19.98,0.0,1,1998,卖盘,603933,2025-10-17 22:50:18
10:37:32,19.98,0.0,1,1998,卖盘,603933,2025-10-17 22:50:18
10:37:38,19.98,0.0,300,599400,卖盘,603933,2025-10-17 22:50:18
10:37:47,19.98,0.0,9,17982,卖盘,603933,2025-10-17 22:50:18
10:37:53,19.98,0.0,11,21978,卖盘,603933,2025-10-17 22:50:18
10:37:56,19.98,0.0,2,3996,卖盘,603933,2025-10-17 22:50:18
10:38:02,19.98,0.0,4,7992,卖盘,603933,2025-10-17 22:50:18
10:38:08,19.98,0.0,1,1998,卖盘,603933,2025-10-17 22:50:18
10:39:23,19.98,0.0,1,1998,卖盘,603933,2025-10-17 22:50:18
10:39:26,19.98,0.0,22,43956,卖盘,603933,2025-10-17 22:50:18
10:39:41,19.98,0.0,84,167832,卖盘,603933,2025-10-17 22:50:18
10:39:44,19.98,0.0,1,1998,卖盘,603933,2025-10-17 22:50:18
10:40:20,19.98,0.0,20,39960,卖盘,603933,2025-10-17 22:50:18
10:40:23,19.98,0.0,1,1998,卖盘,603933,2025-10-17 22:50:18
10:40:26,19.98,0.0,2,3996,卖盘,603933,2025-10-17 22:50:18
10:40:32,19.98,0.0,13,25974,卖盘,603933,2025-10-17 22:50:18
10:40:44,19.98,0.0,32,63936,卖盘,603933,2025-10-17 22:50:18
10:40:50,19.98,0.0,3,5994,卖盘,603933,2025-10-17 22:50:18
10:40:59,19.98,0.0,1,1998,卖盘,603933,2025-10-17 22:50:18
10:41:02,19.98,0.0,4,7992,卖盘,603933,2025-10-17 22:50:18
10:41:38,19.98,0.0,3,5994,卖盘,603933,2025-10-17 22:50:18
10:41:41,19.98,0.0,3,5994,卖盘,603933,2025-10-17 22:50:18
10:42:14,19.98,0.0,13,25974,卖盘,603933,2025-10-17 22:50:18
10:42:20,19.98,0.0,5,9990,卖盘,603933,2025-10-17 22:50:18
10:42:23,19.98,0.0,1,1998,卖盘,603933,2025-10-17 22:50:18
10:42:32,19.98,0.0,50,99900,卖盘,603933,2025-10-17 22:50:18
10:42:38,19.98,0.0,16,31968,卖盘,603933,2025-10-17 22:50:18
10:42:44,19.98,0.0,12,23976,卖盘,603933,2025-10-17 22:50:18
10:42:50,19.98,0.0,4,7992,卖盘,603933,2025-10-17 22:50:18
10:43:32,19.98,0.0,140,279720,卖盘,603933,2025-10-17 22:50:18
10:43:38,19.98,0.0,50,99900,卖盘,603933,2025-10-17 22:50:18
10:43:41,19.98,0.0,14,27972,卖盘,603933,2025-10-17 22:50:18
10:43:53,19.98,0.0,1,1998,卖盘,603933,2025-10-17 22:50:18
10:44:02,19.98,0.0,10,19980,卖盘,603933,2025-10-17 22:50:18
10:44:08,19.98,0.0,225,449550,卖盘,603933,2025-10-17 22:50:18
10:44:11,19.98,0.0,74,147852,卖盘,603933,2025-10-17 22:50:18
10:44:35,19.98,0.0,13,25974,卖盘,603933,2025-10-17 22:50:18
10:44:38,19.98,0.0,5,9990,卖盘,603933,2025-10-17 22:50:18
10:45:02,19.98,0.0,30,59940,卖盘,603933,2025-10-17 22:50:18
10:45:23,19.98,0.0,11,21978,卖盘,603933,2025-10-17 22:50:18
10:45:53,19.98,0.0,1,1998,卖盘,603933,2025-10-17 22:50:18
10:45:59,19.98,0.0,2,3996,卖盘,603933,2025-10-17 22:50:18
10:46:02,19.98,0.0,3,5994,卖盘,603933,2025-10-17 22:50:18
10:46:08,19.98,0.0,1,1998,卖盘,603933,2025-10-17 22:50:18
10:46:20,19.98,0.0,5,9990,卖盘,603933,2025-10-17 22:50:18
10:46:26,19.98,0.0,13,25974,卖盘,603933,2025-10-17 22:50:18
10:46:32,19.98,0.0,5,9990,卖盘,603933,2025-10-17 22:50:18
10:46:53,19.98,0.0,1,1998,卖盘,603933,2025-10-17 22:50:18
10:47:20,19.98,0.0,10,19181,卖盘,603933,2025-10-17 22:50:18
10:47:26,19.98,0.0,11,21978,卖盘,603933,2025-10-17 22:50:18
10:47:50,19.98,0.0,3,5994,卖盘,603933,2025-10-17 22:50:18
10:47:59,19.98,0.0,21,41958,卖盘,603933,2025-10-17 22:50:18
10:48:23,19.98,0.0,1,1998,卖盘,603933,2025-10-17 22:50:18
10:49:11,19.98,0.0,1,1998,卖盘,603933,2025-10-17 22:50:18
10:49:14,19.98,0.0,3,5994,卖盘,603933,2025-10-17 22:50:18
10:49:56,19.98,0.0,2,3996,卖盘,603933,2025-10-17 22:50:18
10:50:20,19.98,0.0,2,3996,卖盘,603933,2025-10-17 22:50:18
10:50:23,19.98,0.0,9,17982,卖盘,603933,2025-10-17 22:50:18
10:50:26,19.98,0.0,8,15984,卖盘,603933,2025-10-17 22:50:18
10:50:41,19.98,0.0,2,3996,卖盘,603933,2025-10-17 22:50:18
10:50:50,19.98,0.0,20,39960,卖盘,603933,2025-10-17 22:50:18
10:50:59,19.98,0.0,10,19980,卖盘,603933,2025-10-17 22:50:18
10:51:14,19.98,0.0,10,19980,卖盘,603933,2025-10-17 22:50:18
10:51:23,19.98,0.0,10,19980,卖盘,603933,2025-10-17 22:50:18
10:51:29,19.98,0.0,1,1998,卖盘,603933,2025-10-17 22:50:18
10:51:53,19.98,0.0,1,1998,卖盘,603933,2025-10-17 22:50:18
10:52:11,19.98,0.0,4,7992,卖盘,603933,2025-10-17 22:50:18
10:52:38,19.98,0.0,7,13986,卖盘,603933,2025-10-17 22:50:18
10:52:50,19.98,0.0,14,27972,卖盘,603933,2025-10-17 22:50:18
10:53:23,19.98,0.0,1,1998,卖盘,603933,2025-10-17 22:50:18
10:53:47,19.98,0.0,51,101898,卖盘,603933,2025-10-17 22:50:18
10:53:50,19.98,0.0,2,3996,卖盘,603933,2025-10-17 22:50:18
10:54:08,19.98,0.0,1,1998,卖盘,603933,2025-10-17 22:50:18
10:54:20,19.98,0.0,1,1998,卖盘,603933,2025-10-17 22:50:18
10:54:35,19.98,0.0,10,19980,卖盘,603933,2025-10-17 22:50:18
10:54:53,19.98,0.0,1,1998,卖盘,603933,2025-10-17 22:50:18
10:55:05,19.98,0.0,1,1998,卖盘,603933,2025-10-17 22:50:18
10:55:08,19.98,0.0,1,1998,卖盘,603933,2025-10-17 22:50:18
10:55:11,19.98,0.0,1,1998,卖盘,603933,2025-10-17 22:50:18
10:55:59,19.98,0.0,20,39960,卖盘,603933,2025-10-17 22:50:18
10:56:08,19.98,0.0,10,19980,卖盘,603933,2025-10-17 22:50:18
10:56:23,19.98,0.0,1,1998,卖盘,603933,2025-10-17 22:50:18
10:56:41,19.98,0.0,2,3996,卖盘,603933,2025-10-17 22:50:18
10:56:44,19.98,0.0,1,1998,卖盘,603933,2025-10-17 22:50:18
10:57:08,19.98,0.0,34,67932,卖盘,603933,2025-10-17 22:50:18
10:57:59,19.98,0.0,5,9990,卖盘,603933,2025-10-17 22:50:18
10:58:08,19.98,0.0,5,9990,卖盘,603933,2025-10-17 22:50:18
10:58:23,19.98,0.0,1,1998,卖盘,603933,2025-10-17 22:50:18
10:58:26,19.98,0.0,1,1998,卖盘,603933,2025-10-17 22:50:18
10:58:44,19.98,0.0,10,19980,卖盘,603933,2025-10-17 22:50:18
10:59:44,19.98,0.0,1,1998,卖盘,603933,2025-10-17 22:50:18
10:59:53,19.98,0.0,1,1998,卖盘,603933,2025-10-17 22:50:18
11:00:14,19.98,0.0,1,1998,卖盘,603933,2025-10-17 22:50:18
11:00:20,19.98,0.0,2,3996,卖盘,603933,2025-10-17 22:50:18
11:00:44,19.98,0.0,7,13986,卖盘,603933,2025-10-17 22:50:18
11:00:53,19.98,0.0,1,1998,卖盘,603933,2025-10-17 22:50:18
11:01:14,19.98,0.0,22,43956,卖盘,603933,2025-10-17 22:50:18
11:01:17,19.98,0.0,20,39960,卖盘,603933,2025-10-17 22:50:18
11:01:23,19.98,0.0,1,1998,卖盘,603933,2025-10-17 22:50:18
11:01:47,19.98,0.0,14,27972,卖盘,603933,2025-10-17 22:50:18
11:01:50,19.98,0.0,6,11988,卖盘,603933,2025-10-17 22:50:18
11:02:11,19.98,0.0,1,1998,卖盘,603933,2025-10-17 22:50:18
11:02:23,19.98,0.0,1,1998,卖盘,603933,2025-10-17 22:50:18
11:03:26,19.98,0.0,1,1998,卖盘,603933,2025-10-17 22:50:18
11:03:38,19.98,0.0,10,19980,卖盘,603933,2025-10-17 22:50:18
11:03:41,19.98,0.0,50,99900,卖盘,603933,2025-10-17 22:50:18
11:03:53,19.98,0.0,1,1998,卖盘,603933,2025-10-17 22:50:18
11:03:56,19.98,0.0,10,19980,卖盘,603933,2025-10-17 22:50:18
11:04:05,19.98,0.0,5,9990,卖盘,603933,2025-10-17 22:50:18
11:04:08,19.98,0.0,5,9990,卖盘,603933,2025-10-17 22:50:18
11:04:26,19.98,0.0,19,37962,卖盘,603933,2025-10-17 22:50:18
11:04:29,19.98,0.0,6,11988,卖盘,603933,2025-10-17 22:50:18
11:04:32,19.98,0.0,2,3996,卖盘,603933,2025-10-17 22:50:18
11:04:41,19.98,0.0,1,1998,卖盘,603933,2025-10-17 22:50:18
11:04:47,19.98,0.0,12,23976,卖盘,603933,2025-10-17 22:50:18
11:04:53,19.98,0.0,10,19980,卖盘,603933,2025-10-17 22:50:18
11:05:02,19.98,0.0,16,31968,卖盘,603933,2025-10-17 22:50:18
11:05:23,19.98,0.0,1,1998,卖盘,603933,2025-10-17 22:50:18
11:05:32,19.98,0.0,6,11988,卖盘,603933,2025-10-17 22:50:18
11:05:38,19.98,0.0,9,17982,卖盘,603933,2025-10-17 22:50:18
11:05:53,19.98,0.0,172,343656,卖盘,603933,2025-10-17 22:50:18
11:05:59,19.98,0.0,7,13986,卖盘,603933,2025-10-17 22:50:18
11:06:14,19.98,0.0,10,19980,卖盘,603933,2025-10-17 22:50:18
11:06:17,19.98,0.0,3,5994,卖盘,603933,2025-10-17 22:50:18
11:06:41,19.98,0.0,150,299700,卖盘,603933,2025-10-17 22:50:18
11:06:44,19.98,0.0,554,1106892,卖盘,603933,2025-10-17 22:50:18
11:06:47,19.98,0.0,11,21978,卖盘,603933,2025-10-17 22:50:18
11:06:50,19.98,0.0,9,17982,卖盘,603933,2025-10-17 22:50:18
11:06:53,19.98,0.0,1,1998,卖盘,603933,2025-10-17 22:50:18
11:07:17,19.98,0.0,10,19980,卖盘,603933,2025-10-17 22:50:18
11:07:44,19.98,0.0,1,1998,卖盘,603933,2025-10-17 22:50:18
11:08:23,19.98,0.0,1,1998,卖盘,603933,2025-10-17 22:50:18
11:08:26,19.98,0.0,11,21978,卖盘,603933,2025-10-17 22:50:18
11:08:50,19.98,0.0,28,55944,卖盘,603933,2025-10-17 22:50:18
11:09:38,19.98,0.0,1,1998,卖盘,603933,2025-10-17 22:50:18
11:10:20,19.98,0.0,2,3996,卖盘,603933,2025-10-17 22:50:18
11:10:35,19.98,0.0,5,9990,卖盘,603933,2025-10-17 22:50:18
11:10:53,19.98,0.0,2,3996,卖盘,603933,2025-10-17 22:50:18
11:11:02,19.98,0.0,1,1998,卖盘,603933,2025-10-17 22:50:18
11:12:20,19.98,0.0,6,11988,卖盘,603933,2025-10-17 22:50:18
11:12:29,19.98,0.0,10,19980,卖盘,603933,2025-10-17 22:50:18
11:12:53,19.98,0.0,31,61938,卖盘,603933,2025-10-17 22:50:18
11:12:59,19.98,0.0,6,11988,卖盘,603933,2025-10-17 22:50:18
11:13:20,19.98,0.0,94,187812,卖盘,603933,2025-10-17 22:50:18
11:13:32,19.98,0.0,56,111888,卖盘,603933,2025-10-17 22:50:18
11:13:41,19.98,0.0,50,99900,卖盘,603933,2025-10-17 22:50:18
11:13:50,19.98,0.0,11,21978,卖盘,603933,2025-10-17 22:50:18
11:13:56,19.98,0.0,3,5994,卖盘,603933,2025-10-17 22:50:18
11:14:02,19.98,0.0,3,5994,卖盘,603933,2025-10-17 22:50:18
11:14:08,19.98,0.0,22,43956,卖盘,603933,2025-10-17 22:50:18
11:14:17,19.98,0.0,1,1998,卖盘,603933,2025-10-17 22:50:18
11:15:14,19.98,0.0,2,3996,卖盘,603933,2025-10-17 22:50:18
11:15:23,19.98,0.0,1,1998,卖盘,603933,2025-10-17 22:50:18
11:15:32,19.98,0.0,5,9990,卖盘,603933,2025-10-17 22:50:18
11:16:11,19.98,0.0,3,5994,卖盘,603933,2025-10-17 22:50:18
11:16:26,19.98,0.0,1,1998,卖盘,603933,2025-10-17 22:50:18
11:17:05,19.98,0.0,1,1998,卖盘,603933,2025-10-17 22:50:18
11:17:32,19.98,0.0,14,27972,卖盘,603933,2025-10-17 22:50:18
11:17:41,19.98,0.0,15,29970,卖盘,603933,2025-10-17 22:50:18
11:17:53,19.98,0.0,1,1998,卖盘,603933,2025-10-17 22:50:18
11:18:02,19.98,0.0,16,31968,卖盘,603933,2025-10-17 22:50:18
11:18:11,19.98,0.0,20,39960,卖盘,603933,2025-10-17 22:50:18
11:18:35,19.98,0.0,2,3996,卖盘,603933,2025-10-17 22:50:18
11:18:38,19.98,0.0,7,13986,卖盘,603933,2025-10-17 22:50:18
11:18:41,19.98,0.0,13,25974,卖盘,603933,2025-10-17 22:50:18
11:19:53,19.98,0.0,1,1998,卖盘,603933,2025-10-17 22:50:18
11:20:05,19.98,0.0,1,1998,卖盘,603933,2025-10-17 22:50:18
11:20:14,19.98,0.0,2,3996,卖盘,603933,2025-10-17 22:50:18
11:20:17,19.98,0.0,53,105894,卖盘,603933,2025-10-17 22:50:18
11:20:29,19.98,0.0,3,5994,卖盘,603933,2025-10-17 22:50:18
11:20:41,19.98,0.0,27,53946,卖盘,603933,2025-10-17 22:50:18
11:20:47,19.98,0.0,7,13986,卖盘,603933,2025-10-17 22:50:18
11:21:23,19.98,0.0,16,31968,卖盘,603933,2025-10-17 22:50:18
11:21:35,19.98,0.0,10,19980,卖盘,603933,2025-10-17 22:50:18
11:22:23,19.98,0.0,1,1998,卖盘,603933,2025-10-17 22:50:18
11:22:35,19.98,0.0,3,5994,卖盘,603933,2025-10-17 22:50:18
11:23:20,19.98,0.0,1,1998,卖盘,603933,2025-10-17 22:50:18
11:23:47,19.98,0.0,6,11988,卖盘,603933,2025-10-17 22:50:18
11:23:53,19.98,0.0,1,1998,卖盘,603933,2025-10-17 22:50:18
11:24:02,19.98,0.0,13,25974,卖盘,603933,2025-10-17 22:50:18
11:24:05,19.98,0.0,1,1998,卖盘,603933,2025-10-17 22:50:18
11:24:11,19.98,0.0,6,11988,卖盘,603933,2025-10-17 22:50:18
11:24:17,19.98,0.0,15,29970,卖盘,603933,2025-10-17 22:50:18
11:24:20,19.98,0.0,4,7992,卖盘,603933,2025-10-17 22:50:18
11:24:38,19.98,0.0,10,19980,卖盘,603933,2025-10-17 22:50:18
11:25:02,19.98,0.0,10,19980,卖盘,603933,2025-10-17 22:50:18
11:25:53,19.98,0.0,1,1998,卖盘,603933,2025-10-17 22:50:18
11:25:56,19.98,0.0,25,49950,卖盘,603933,2025-10-17 22:50:18
11:26:05,19.98,0.0,4,7992,卖盘,603933,2025-10-17 22:50:18
11:26:24,19.98,0.0,49,97902,卖盘,603933,2025-10-17 22:50:18
11:26:41,19.98,0.0,3,5994,卖盘,603933,2025-10-17 22:50:18
11:26:47,19.98,0.0,11,21978,卖盘,603933,2025-10-17 22:50:18
11:27:11,19.98,0.0,15,29970,卖盘,603933,2025-10-17 22:50:18
11:27:35,19.98,0.0,3,5994,卖盘,603933,2025-10-17 22:50:18
11:28:38,19.98,0.0,6,11988,卖盘,603933,2025-10-17 22:50:18
11:28:44,19.98,0.0,45,89910,卖盘,603933,2025-10-17 22:50:18
11:28:53,19.98,0.0,1,1998,卖盘,603933,2025-10-17 22:50:18
11:29:08,19.98,0.0,1,1998,卖盘,603933,2025-10-17 22:50:18
11:29:11,19.98,0.0,1,1998,卖盘,603933,2025-10-17 22:50:18
11:29:17,19.98,0.0,9,17982,卖盘,603933,2025-10-17 22:50:18
11:29:20,19.98,0.0,3,5994,卖盘,603933,2025-10-17 22:50:18
11:29:35,19.98,0.0,1,1998,卖盘,603933,2025-10-17 22:50:18
11:29:56,19.98,0.0,1,1998,卖盘,603933,2025-10-17 22:50:18
13:00:02,19.98,0.0,67,133866,卖盘,603933,2025-10-17 22:50:18
13:00:05,19.98,0.0,115,229610,卖盘,603933,2025-10-17 22:50:18
13:00:08,19.98,0.0,187,373626,卖盘,603933,2025-10-17 22:50:18
13:00:11,19.98,0.0,546,1090908,卖盘,603933,2025-10-17 22:50:18
13:00:14,19.98,0.0,74,147852,卖盘,603933,2025-10-17 22:50:18
13:00:26,19.98,0.0,5,9990,卖盘,603933,2025-10-17 22:50:18
13:00:35,19.98,0.0,1,1998,卖盘,603933,2025-10-17 22:50:18
13:00:53,19.98,0.0,3,5994,卖盘,603933,2025-10-17 22:50:18
13:01:02,19.98,0.0,33,65934,卖盘,603933,2025-10-17 22:50:18
13:01:05,19.98,0.0,1,1998,卖盘,603933,2025-10-17 22:50:18
13:01:08,19.98,0.0,1,1998,卖盘,603933,2025-10-17 22:50:18
13:01:17,19.98,0.0,10,19980,卖盘,603933,2025-10-17 22:50:18
13:01:29,19.98,0.0,10,19980,卖盘,603933,2025-10-17 22:50:18
13:01:44,19.98,0.0,1,1998,卖盘,603933,2025-10-17 22:50:18
13:01:47,19.98,0.0,515,1028970,卖盘,603933,2025-10-17 22:50:18
13:02:14,19.98,0.0,2,3996,卖盘,603933,2025-10-17 22:50:18
13:02:17,19.98,0.0,10,19980,卖盘,603933,2025-10-17 22:50:18
13:02:20,19.98,0.0,513,1024974,卖盘,603933,2025-10-17 22:50:18
13:02:23,19.98,0.0,4,7992,卖盘,603933,2025-10-17 22:50:18
13:02:29,19.98,0.0,32,63936,卖盘,603933,2025-10-17 22:50:18
13:02:32,19.98,0.0,19,37962,卖盘,603933,2025-10-17 22:50:18
13:02:38,19.98,0.0,4,7992,卖盘,603933,2025-10-17 22:50:18
13:02:47,19.98,0.0,10,19980,卖盘,603933,2025-10-17 22:50:18
13:02:53,19.98,0.0,1,1998,卖盘,603933,2025-10-17 22:50:18
13:03:11,19.98,0.0,10,19980,卖盘,603933,2025-10-17 22:50:18
13:03:14,19.98,0.0,38,75924,卖盘,603933,2025-10-17 22:50:18
13:03:41,19.98,0.0,5,9990,卖盘,603933,2025-10-17 22:50:18
13:03:53,19.98,0.0,11,21978,卖盘,603933,2025-10-17 22:50:18
13:03:56,19.98,0.0,4,7992,卖盘,603933,2025-10-17 22:50:18
13:04:08,19.98,0.0,14,27972,卖盘,603933,2025-10-17 22:50:18
13:04:14,19.98,0.0,6,11988,卖盘,603933,2025-10-17 22:50:18
13:04:23,19.98,0.0,12,23976,卖盘,603933,2025-10-17 22:50:18
13:04:59,19.98,0.0,1,1998,卖盘,603933,2025-10-17 22:50:18
13:05:14,19.98,0.0,2,3996,卖盘,603933,2025-10-17 22:50:18
13:05:23,19.98,0.0,254,507492,卖盘,603933,2025-10-17 22:50:18
13:05:26,19.98,0.0,5,9990,卖盘,603933,2025-10-17 22:50:18
13:05:32,19.98,0.0,70,139860,卖盘,603933,2025-10-17 22:50:18
13:05:41,19.98,0.0,24,47952,卖盘,603933,2025-10-17 22:50:18
13:05:47,19.98,0.0,7,13986,卖盘,603933,2025-10-17 22:50:18
13:05:50,19.98,0.0,2,3996,卖盘,603933,2025-10-17 22:50:18
13:05:56,19.98,0.0,31,61938,卖盘,603933,2025-10-17 22:50:18
13:06:02,19.98,0.0,9,17982,卖盘,603933,2025-10-17 22:50:18
13:06:11,19.98,0.0,3,5994,卖盘,603933,2025-10-17 22:50:18
13:06:17,19.98,0.0,1,1998,卖盘,603933,2025-10-17 22:50:18
13:06:20,19.98,0.0,1,1998,卖盘,603933,2025-10-17 22:50:18
13:06:26,19.98,0.0,1,1998,卖盘,603933,2025-10-17 22:50:18
13:06:41,19.98,0.0,5,9990,卖盘,603933,2025-10-17 22:50:18
13:06:47,19.98,0.0,1,1998,卖盘,603933,2025-10-17 22:50:18
13:07:11,19.98,0.0,1,1998,卖盘,603933,2025-10-17 22:50:18
13:07:14,19.98,0.0,20,39960,卖盘,603933,2025-10-17 22:50:18
13:07:20,19.98,0.0,6,11988,卖盘,603933,2025-10-17 22:50:18
13:07:23,19.98,0.0,2,3996,卖盘,603933,2025-10-17 22:50:18
13:07:26,19.98,0.0,100,199800,卖盘,603933,2025-10-17 22:50:18
13:07:29,19.98,0.0,16,31968,卖盘,603933,2025-10-17 22:50:18
13:07:32,19.98,0.0,80,159840,卖盘,603933,2025-10-17 22:50:18
13:07:38,19.98,0.0,5,9990,卖盘,603933,2025-10-17 22:50:18
13:07:44,19.98,0.0,26,51948,卖盘,603933,2025-10-17 22:50:18
13:07:47,19.98,0.0,1,1998,卖盘,603933,2025-10-17 22:50:18
13:07:50,19.98,0.0,7,13986,卖盘,603933,2025-10-17 22:50:18
13:07:53,19.98,0.0,1,1998,卖盘,603933,2025-10-17 22:50:18
13:07:59,19.98,0.0,52,103896,卖盘,603933,2025-10-17 22:50:18
13:08:08,19.98,0.0,16,31968,卖盘,603933,2025-10-17 22:50:18
13:08:11,19.98,0.0,64,127872,卖盘,603933,2025-10-17 22:50:18
13:08:14,19.98,0.0,19,37962,卖盘,603933,2025-10-17 22:50:18
13:08:17,19.98,0.0,10,19980,卖盘,603933,2025-10-17 22:50:18
13:08:20,19.98,0.0,5,9990,卖盘,603933,2025-10-17 22:50:18
13:08:23,19.98,0.0,3,5994,卖盘,603933,2025-10-17 22:50:18
13:08:26,19.98,0.0,8,15984,卖盘,603933,2025-10-17 22:50:18
13:08:38,19.98,0.0,56,111888,卖盘,603933,2025-10-17 22:50:18
13:08:47,19.98,0.0,31,61938,卖盘,603933,2025-10-17 22:50:18
13:08:53,19.98,0.0,9,17982,卖盘,603933,2025-10-17 22:50:18
13:08:59,19.98,0.0,32,63936,卖盘,603933,2025-10-17 22:50:18
13:09:02,19.98,0.0,50,99900,卖盘,603933,2025-10-17 22:50:18
13:09:05,19.98,0.0,5,9990,卖盘,603933,2025-10-17 22:50:18
13:09:08,19.98,0.0,26,51948,卖盘,603933,2025-10-17 22:50:18
13:09:14,19.98,0.0,9,17982,卖盘,603933,2025-10-17 22:50:18
13:09:17,19.98,0.0,1,1998,卖盘,603933,2025-10-17 22:50:18
13:09:26,19.98,0.0,3,5994,卖盘,603933,2025-10-17 22:50:18
13:09:32,19.98,0.0,1,1998,卖盘,603933,2025-10-17 22:50:18
13:09:38,19.98,0.0,19,37962,卖盘,603933,2025-10-17 22:50:18
13:09:53,19.98,0.0,36,71928,卖盘,603933,2025-10-17 22:50:18
13:09:59,19.98,0.0,8,15984,卖盘,603933,2025-10-17 22:50:18
13:10:02,19.98,0.0,11,21978,卖盘,603933,2025-10-17 22:50:18
13:10:08,19.98,0.0,5,9990,卖盘,603933,2025-10-17 22:50:18
13:10:14,19.98,0.0,55,109890,卖盘,603933,2025-10-17 22:50:18
13:10:17,19.98,0.0,10,19980,卖盘,603933,2025-10-17 22:50:18
13:10:20,19.98,0.0,18,35964,卖盘,603933,2025-10-17 22:50:18
13:10:26,19.98,0.0,10,19980,卖盘,603933,2025-10-17 22:50:18
13:10:29,19.98,0.0,3,5994,卖盘,603933,2025-10-17 22:50:18
13:10:32,19.98,0.0,3,5994,卖盘,603933,2025-10-17 22:50:18
13:10:35,19.98,0.0,1,1998,卖盘,603933,2025-10-17 22:50:18
13:10:38,19.98,0.0,1,1998,卖盘,603933,2025-10-17 22:50:18
13:10:41,19.98,0.0,54,107892,卖盘,603933,2025-10-17 22:50:18
13:10:47,19.98,0.0,20,39960,卖盘,603933,2025-10-17 22:50:18
13:10:50,19.98,0.0,6,11988,卖盘,603933,2025-10-17 22:50:18
13:10:53,19.98,0.0,2,3996,卖盘,603933,2025-10-17 22:50:18
13:10:59,19.98,0.0,1,1998,卖盘,603933,2025-10-17 22:50:18
13:11:08,19.98,0.0,8,15984,卖盘,603933,2025-10-17 22:50:18
13:11:14,19.98,0.0,6,11988,卖盘,603933,2025-10-17 22:50:18
13:11:17,19.98,0.0,12,23976,卖盘,603933,2025-10-17 22:50:18
13:11:20,19.98,0.0,2,3996,卖盘,603933,2025-10-17 22:50:18
13:11:35,19.98,0.0,1,1998,卖盘,603933,2025-10-17 22:50:18
13:11:38,19.98,0.0,4,7992,卖盘,603933,2025-10-17 22:50:18
13:11:41,19.98,0.0,12,23976,卖盘,603933,2025-10-17 22:50:18
13:11:47,19.98,0.0,4,7992,卖盘,603933,2025-10-17 22:50:18
13:11:50,19.98,0.0,101,201798,卖盘,603933,2025-10-17 22:50:18
13:11:56,19.98,0.0,30,59940,卖盘,603933,2025-10-17 22:50:18
13:12:02,19.98,0.0,5,9990,卖盘,603933,2025-10-17 22:50:18
13:12:11,19.98,0.0,5,9990,卖盘,603933,2025-10-17 22:50:18
13:12:26,19.98,0.0,3,5994,卖盘,603933,2025-10-17 22:50:18
13:12:29,19.98,0.0,1,1998,卖盘,603933,2025-10-17 22:50:18
13:13:20,19.98,0.0,20,39960,卖盘,603933,2025-10-17 22:50:18
13:13:29,19.98,0.0,1,1998,卖盘,603933,2025-10-17 22:50:18
13:13:38,19.98,0.0,106,211788,卖盘,603933,2025-10-17 22:50:18
13:13:41,19.98,0.0,6,11988,卖盘,603933,2025-10-17 22:50:18
13:13:53,19.98,0.0,1,1998,卖盘,603933,2025-10-17 22:50:18
13:14:29,19.98,0.0,5,9990,卖盘,603933,2025-10-17 22:50:18
13:14:53,19.98,0.0,7,13986,卖盘,603933,2025-10-17 22:50:18
13:14:59,19.98,0.0,1,1998,卖盘,603933,2025-10-17 22:50:18
13:15:38,19.98,0.0,4,7992,卖盘,603933,2025-10-17 22:50:18
13:15:41,19.98,0.0,7,13986,卖盘,603933,2025-10-17 22:50:18
13:16:20,19.98,0.0,12,23976,卖盘,603933,2025-10-17 22:50:18
13:16:50,19.98,0.0,10,19980,卖盘,603933,2025-10-17 22:50:18
13:17:20,19.98,0.0,2,3996,卖盘,603933,2025-10-17 22:50:18
13:17:35,19.98,0.0,0,20,卖盘,603933,2025-10-17 22:50:18
13:17:38,19.98,0.0,4,7992,卖盘,603933,2025-10-17 22:50:18
13:18:08,19.98,0.0,3,5994,卖盘,603933,2025-10-17 22:50:18
13:18:11,19.98,0.0,5,9990,卖盘,603933,2025-10-17 22:50:18
13:18:26,19.98,0.0,47,93906,卖盘,603933,2025-10-17 22:50:18
13:18:35,19.98,0.0,20,39960,卖盘,603933,2025-10-17 22:50:18
13:18:38,19.98,0.0,10,19980,卖盘,603933,2025-10-17 22:50:18
13:19:08,19.98,0.0,3,5994,卖盘,603933,2025-10-17 22:50:18
13:19:11,19.98,0.0,5,9990,卖盘,603933,2025-10-17 22:50:18
13:19:20,19.98,0.0,1,1998,卖盘,603933,2025-10-17 22:50:18
13:19:32,19.98,0.0,4,7992,卖盘,603933,2025-10-17 22:50:18
13:19:38,19.98,0.0,6,11988,卖盘,603933,2025-10-17 22:50:18
13:19:41,19.98,0.0,3,5994,卖盘,603933,2025-10-17 22:50:18
13:20:14,19.98,0.0,14,27972,卖盘,603933,2025-10-17 22:50:18
13:20:17,19.98,0.0,10,19980,卖盘,603933,2025-10-17 22:50:18
13:20:23,19.98,0.0,70,139860,卖盘,603933,2025-10-17 22:50:18
13:20:26,19.98,0.0,102,203796,卖盘,603933,2025-10-17 22:50:18
13:20:44,19.98,0.0,43,85914,卖盘,603933,2025-10-17 22:50:18
13:20:50,19.98,0.0,40,79920,卖盘,603933,2025-10-17 22:50:18
13:21:03,19.98,0.0,3,5994,卖盘,603933,2025-10-17 22:50:18
13:21:05,19.98,0.0,11,21978,卖盘,603933,2025-10-17 22:50:18
13:21:35,19.98,0.0,2,3996,卖盘,603933,2025-10-17 22:50:18
13:21:47,19.98,0.0,5,9990,卖盘,603933,2025-10-17 22:50:18
13:21:59,19.98,0.0,1,1998,卖盘,603933,2025-10-17 22:50:18
13:22:02,19.98,0.0,1,1998,卖盘,603933,2025-10-17 22:50:18
13:22:47,19.98,0.0,6,11988,卖盘,603933,2025-10-17 22:50:18
13:22:50,19.98,0.0,1,1998,卖盘,603933,2025-10-17 22:50:18
13:22:56,19.98,0.0,4,7992,卖盘,603933,2025-10-17 22:50:18
13:23:11,19.98,0.0,2,3996,卖盘,603933,2025-10-17 22:50:18
13:23:35,19.98,0.0,5,9990,卖盘,603933,2025-10-17 22:50:18
13:23:44,19.98,0.0,2,3996,卖盘,603933,2025-10-17 22:50:18
13:23:59,19.98,0.0,1,1998,卖盘,603933,2025-10-17 22:50:18
13:24:44,19.98,0.0,1,1998,卖盘,603933,2025-10-17 22:50:18
13:24:59,19.98,0.0,1,1998,卖盘,603933,2025-10-17 22:50:18
13:25:08,19.98,0.0,5,9990,卖盘,603933,2025-10-17 22:50:18
13:25:14,19.98,0.0,6,11988,卖盘,603933,2025-10-17 22:50:18
13:25:17,19.98,0.0,31,61938,卖盘,603933,2025-10-17 22:50:18
13:25:35,19.98,0.0,2,3996,卖盘,603933,2025-10-17 22:50:18
13:25:50,19.98,0.0,30,59940,卖盘,603933,2025-10-17 22:50:18
13:26:05,19.98,0.0,12,23976,卖盘,603933,2025-10-17 22:50:18
13:26:11,19.98,0.0,35,69930,卖盘,603933,2025-10-17 22:50:18
13:26:17,19.98,0.0,6,11988,卖盘,603933,2025-10-17 22:50:18
13:26:20,19.98,0.0,1,1998,卖盘,603933,2025-10-17 22:50:18
13:26:29,19.98,0.0,5,9990,卖盘,603933,2025-10-17 22:50:18
13:26:38,19.98,0.0,4,7992,卖盘,603933,2025-10-17 22:50:18
13:26:53,19.98,0.0,25,49950,卖盘,603933,2025-10-17 22:50:18
13:27:50,19.98,0.0,20,39960,卖盘,603933,2025-10-17 22:50:18
13:27:56,19.98,0.0,6,11988,卖盘,603933,2025-10-17 22:50:18
13:28:26,19.98,0.0,1,1998,卖盘,603933,2025-10-17 22:50:18
13:30:02,19.98,0.0,8,15984,卖盘,603933,2025-10-17 22:50:18
13:30:14,19.98,0.0,4,7992,卖盘,603933,2025-10-17 22:50:18
13:30:17,19.98,0.0,2,3996,卖盘,603933,2025-10-17 22:50:18
13:30:56,19.98,0.0,18,35964,卖盘,603933,2025-10-17 22:50:18
13:30:59,19.98,0.0,5,9990,卖盘,603933,2025-10-17 22:50:18
13:31:56,19.98,0.0,1,1998,卖盘,603933,2025-10-17 22:50:18
13:32:29,19.98,0.0,1,1998,卖盘,603933,2025-10-17 22:50:18
13:32:56,19.98,0.0,2,3996,卖盘,603933,2025-10-17 22:50:18
13:33:05,19.98,0.0,16,31968,卖盘,603933,2025-10-17 22:50:18
13:33:23,19.98,0.0,10,19980,卖盘,603933,2025-10-17 22:50:18
13:33:53,19.98,0.0,1,1998,卖盘,603933,2025-10-17 22:50:18
13:34:53,19.98,0.0,1,1998,卖盘,603933,2025-10-17 22:50:18
13:35:05,19.98,0.0,5,9990,卖盘,603933,2025-10-17 22:50:18
13:36:23,19.98,0.0,6,11988,卖盘,603933,2025-10-17 22:50:18
13:36:32,19.98,0.0,5,9990,卖盘,603933,2025-10-17 22:50:18
13:36:38,19.98,0.0,9,17982,卖盘,603933,2025-10-17 22:50:18
13:37:32,19.98,0.0,2,3996,卖盘,603933,2025-10-17 22:50:18
13:37:50,19.98,0.0,21,41958,卖盘,603933,2025-10-17 22:50:18
13:38:02,19.98,0.0,1,1998,卖盘,603933,2025-10-17 22:50:18
13:38:56,19.98,0.0,1,1998,卖盘,603933,2025-10-17 22:50:18
13:39:26,19.98,0.0,20,39960,卖盘,603933,2025-10-17 22:50:18
13:39:50,19.98,0.0,2,3996,卖盘,603933,2025-10-17 22:50:18
13:39:53,19.98,0.0,20,39960,卖盘,603933,2025-10-17 22:50:18
13:40:05,19.98,0.0,2,3996,卖盘,603933,2025-10-17 22:50:18
13:40:23,19.98,0.0,6,11988,卖盘,603933,2025-10-17 22:50:18
13:40:26,19.98,0.0,10,19980,卖盘,603933,2025-10-17 22:50:18
13:40:38,19.98,0.0,5,9990,卖盘,603933,2025-10-17 22:50:18
13:40:41,19.98,0.0,6,11988,卖盘,603933,2025-10-17 22:50:18
13:41:23,19.98,0.0,10,19980,卖盘,603933,2025-10-17 22:50:18
13:41:35,19.98,0.0,4,7992,卖盘,603933,2025-10-17 22:50:18
13:42:02,19.98,0.0,3,5994,卖盘,603933,2025-10-17 22:50:18
13:42:08,19.98,0.0,12,23976,卖盘,603933,2025-10-17 22:50:18
13:44:05,19.98,0.0,1,1998,卖盘,603933,2025-10-17 22:50:18
13:44:11,19.98,0.0,1,1998,卖盘,603933,2025-10-17 22:50:18
13:44:23,19.98,0.0,4,7992,卖盘,603933,2025-10-17 22:50:18
13:44:32,19.98,0.0,5,9990,卖盘,603933,2025-10-17 22:50:18
13:44:35,19.98,0.0,1,1998,卖盘,603933,2025-10-17 22:50:18
13:44:44,19.98,0.0,5,9990,卖盘,603933,2025-10-17 22:50:18
13:44:47,19.98,0.0,5,9990,卖盘,603933,2025-10-17 22:50:18
13:45:26,19.98,0.0,9,17982,卖盘,603933,2025-10-17 22:50:18
13:46:08,19.98,0.0,150,299700,卖盘,603933,2025-10-17 22:50:18
13:46:26,19.98,0.0,5,9990,卖盘,603933,2025-10-17 22:50:18
13:46:35,19.98,0.0,4,7992,卖盘,603933,2025-10-17 22:50:18
13:46:50,19.98,0.0,3,5994,卖盘,603933,2025-10-17 22:50:18
13:47:11,19.98,0.0,10,19980,卖盘,603933,2025-10-17 22:50:18
13:47:29,19.98,0.0,6,11988,卖盘,603933,2025-10-17 22:50:18
13:47:35,19.98,0.0,1,1998,卖盘,603933,2025-10-17 22:50:18
13:48:11,19.98,0.0,10,19980,卖盘,603933,2025-10-17 22:50:18
13:48:23,19.98,0.0,7,13986,卖盘,603933,2025-10-17 22:50:18
13:48:26,19.98,0.0,1,1998,卖盘,603933,2025-10-17 22:50:18
13:48:35,19.98,0.0,20,39960,卖盘,603933,2025-10-17 22:50:18
13:49:05,19.98,0.0,2,3996,卖盘,603933,2025-10-17 22:50:18
13:49:20,19.98,0.0,1,1998,卖盘,603933,2025-10-17 22:50:18
13:50:08,19.98,0.0,2,3996,卖盘,603933,2025-10-17 22:50:18
13:50:17,19.98,0.0,20,39960,卖盘,603933,2025-10-17 22:50:18
13:50:20,19.98,0.0,2,3996,卖盘,603933,2025-10-17 22:50:18
13:50:29,19.98,0.0,20,39960,卖盘,603933,2025-10-17 22:50:18
13:50:32,19.98,0.0,3,5994,卖盘,603933,2025-10-17 22:50:18
13:50:38,19.98,0.0,31,61938,卖盘,603933,2025-10-17 22:50:18
13:50:44,19.98,0.0,2,3996,卖盘,603933,2025-10-17 22:50:18
13:51:17,19.98,0.0,13,25974,卖盘,603933,2025-10-17 22:50:18
13:51:53,19.98,0.0,20,39960,卖盘,603933,2025-10-17 22:50:18
13:52:20,19.98,0.0,10,19980,卖盘,603933,2025-10-17 22:50:18
13:52:44,19.98,0.0,5,9990,卖盘,603933,2025-10-17 22:50:18
13:52:53,19.98,0.0,3,5994,卖盘,603933,2025-10-17 22:50:18
13:53:59,19.98,0.0,30,59940,卖盘,603933,2025-10-17 22:50:18
13:54:17,19.98,0.0,20,39960,卖盘,603933,2025-10-17 22:50:18
13:54:20,19.98,0.0,1,1998,卖盘,603933,2025-10-17 22:50:18
13:54:38,19.98,0.0,18,35964,卖盘,603933,2025-10-17 22:50:18
13:54:47,19.98,0.0,1,1998,卖盘,603933,2025-10-17 22:50:18
13:55:23,19.98,0.0,24,47952,卖盘,603933,2025-10-17 22:50:18
13:55:32,19.98,0.0,1,1998,卖盘,603933,2025-10-17 22:50:18
13:55:47,19.98,0.0,23,45954,卖盘,603933,2025-10-17 22:50:18
13:56:08,19.98,0.0,3,5994,卖盘,603933,2025-10-17 22:50:18
13:56:47,19.98,0.0,8,15984,卖盘,603933,2025-10-17 22:50:18
13:57:08,19.98,0.0,10,19980,卖盘,603933,2025-10-17 22:50:18
13:57:11,19.98,0.0,5,9990,卖盘,603933,2025-10-17 22:50:18
13:57:29,19.98,0.0,10,19980,卖盘,603933,2025-10-17 22:50:18
13:57:59,19.98,0.0,2,3996,卖盘,603933,2025-10-17 22:50:18
13:58:26,19.98,0.0,18,35964,卖盘,603933,2025-10-17 22:50:18
13:58:50,19.98,0.0,1,1998,卖盘,603933,2025-10-17 22:50:18
13:58:53,19.98,0.0,1,1998,卖盘,603933,2025-10-17 22:50:18
13:59:05,19.98,0.0,18,35964,卖盘,603933,2025-10-17 22:50:18
13:59:17,19.98,0.0,8,15984,卖盘,603933,2025-10-17 22:50:18
13:59:20,19.98,0.0,13,25974,卖盘,603933,2025-10-17 22:50:18
13:59:29,19.98,0.0,10,19980,卖盘,603933,2025-10-17 22:50:18
14:00:44,19.98,0.0,8,15984,卖盘,603933,2025-10-17 22:50:18
14:01:38,19.98,0.0,21,41958,卖盘,603933,2025-10-17 22:50:18
14:02:20,19.98,0.0,70,139860,卖盘,603933,2025-10-17 22:50:18
14:02:23,19.98,0.0,3,5994,卖盘,603933,2025-10-17 22:50:18
14:02:29,19.98,0.0,3,5994,卖盘,603933,2025-10-17 22:50:18
14:02:38,19.98,0.0,1,1998,卖盘,603933,2025-10-17 22:50:18
14:02:47,19.98,0.0,5,9990,卖盘,603933,2025-10-17 22:50:18
14:02:50,19.98,0.0,2,3996,卖盘,603933,2025-10-17 22:50:18
14:02:59,19.98,0.0,1,1998,卖盘,603933,2025-10-17 22:50:18
14:03:17,19.98,0.0,3,5994,卖盘,603933,2025-10-17 22:50:18
14:03:35,19.98,0.0,1,1998,卖盘,603933,2025-10-17 22:50:18
14:04:38,19.98,0.0,4,7992,卖盘,603933,2025-10-17 22:50:18
14:04:47,19.98,0.0,12,23976,卖盘,603933,2025-10-17 22:50:18
14:05:05,19.98,0.0,10,19980,卖盘,603933,2025-10-17 22:50:18
14:05:14,19.98,0.0,31,61938,卖盘,603933,2025-10-17 22:50:18
14:05:26,19.98,0.0,2,3996,卖盘,603933,2025-10-17 22:50:18
14:05:29,19.98,0.0,2,3996,卖盘,603933,2025-10-17 22:50:18
14:05:32,19.98,0.0,24,47952,卖盘,603933,2025-10-17 22:50:18
14:05:38,19.98,0.0,12,23976,卖盘,603933,2025-10-17 22:50:18
14:05:44,19.98,0.0,2,3996,卖盘,603933,2025-10-17 22:50:18
14:05:56,19.98,0.0,6,11988,卖盘,603933,2025-10-17 22:50:18
14:05:59,19.98,0.0,4,7992,卖盘,603933,2025-10-17 22:50:18
14:06:11,19.98,0.0,10,19980,卖盘,603933,2025-10-17 22:50:18
14:06:23,19.98,0.0,10,19980,卖盘,603933,2025-10-17 22:50:18
14:06:32,19.98,0.0,1,1998,卖盘,603933,2025-10-17 22:50:18
14:06:38,19.98,0.0,60,120279,卖盘,603933,2025-10-17 22:50:18
14:06:56,19.98,0.0,40,79920,卖盘,603933,2025-10-17 22:50:18
14:07:41,19.98,0.0,3,5994,卖盘,603933,2025-10-17 22:50:18
14:07:47,19.98,0.0,1,1998,卖盘,603933,2025-10-17 22:50:18
14:07:53,19.98,0.0,3,5994,卖盘,603933,2025-10-17 22:50:18
14:08:17,19.98,0.0,1,1998,卖盘,603933,2025-10-17 22:50:18
14:08:29,19.98,0.0,308,615384,卖盘,603933,2025-10-17 22:50:18
14:08:32,19.98,0.0,1,1998,卖盘,603933,2025-10-17 22:50:18
14:08:38,19.98,0.0,1,1998,卖盘,603933,2025-10-17 22:50:18
14:08:50,19.98,0.0,11,21978,卖盘,603933,2025-10-17 22:50:18
14:08:53,19.98,0.0,230,459540,卖盘,603933,2025-10-17 22:50:18
14:09:08,19.98,0.0,5,9990,卖盘,603933,2025-10-17 22:50:18
14:09:17,19.98,0.0,1,1998,卖盘,603933,2025-10-17 22:50:18
14:09:32,19.98,0.0,10,19980,卖盘,603933,2025-10-17 22:50:18
14:09:44,19.98,0.0,13,25974,卖盘,603933,2025-10-17 22:50:18
14:09:53,19.98,0.0,2,3996,卖盘,603933,2025-10-17 22:50:18
14:10:11,19.98,0.0,103,205794,卖盘,603933,2025-10-17 22:50:18
14:10:26,19.98,0.0,2,3996,卖盘,603933,2025-10-17 22:50:18
14:10:32,19.98,0.0,10,19980,卖盘,603933,2025-10-17 22:50:18
14:10:47,19.98,0.0,4,7992,卖盘,603933,2025-10-17 22:50:18
14:10:56,19.98,0.0,20,39960,卖盘,603933,2025-10-17 22:50:18
14:11:08,19.98,0.0,2,3996,卖盘,603933,2025-10-17 22:50:18
14:11:14,19.98,0.0,20,39960,卖盘,603933,2025-10-17 22:50:18
14:11:29,19.98,0.0,1,1998,卖盘,603933,2025-10-17 22:50:18
14:11:32,19.98,0.0,2,3996,卖盘,603933,2025-10-17 22:50:18
14:11:38,19.98,0.0,3,5994,卖盘,603933,2025-10-17 22:50:18
14:11:56,19.98,0.0,14,27972,卖盘,603933,2025-10-17 22:50:18
14:11:59,19.98,0.0,2,3996,卖盘,603933,2025-10-17 22:50:18
14:12:08,19.98,0.0,15,29970,卖盘,603933,2025-10-17 22:50:18
14:12:20,19.98,0.0,6,11988,卖盘,603933,2025-10-17 22:50:18
14:12:29,19.98,0.0,5,9990,卖盘,603933,2025-10-17 22:50:18
14:12:32,19.98,0.0,11,21978,卖盘,603933,2025-10-17 22:50:18
14:12:44,19.98,0.0,15,29970,卖盘,603933,2025-10-17 22:50:18
14:12:47,19.98,0.0,1,1998,卖盘,603933,2025-10-17 22:50:18
14:13:08,19.98,0.0,20,39960,卖盘,603933,2025-10-17 22:50:18
14:13:20,19.98,0.0,2,3996,卖盘,603933,2025-10-17 22:50:18
14:13:38,19.98,0.0,50,99900,卖盘,603933,2025-10-17 22:50:18
14:13:59,19.98,0.0,1,1998,卖盘,603933,2025-10-17 22:50:18
14:14:29,19.98,0.0,1,1998,卖盘,603933,2025-10-17 22:50:18
14:14:47,19.98,0.0,1,1998,卖盘,603933,2025-10-17 22:50:18
14:15:02,19.98,0.0,5,9990,卖盘,603933,2025-10-17 22:50:18
14:15:14,19.98,0.0,2,3996,卖盘,603933,2025-10-17 22:50:18
14:15:17,19.98,0.0,10,19980,卖盘,603933,2025-10-17 22:50:18
14:15:20,19.98,0.0,6,11988,卖盘,603933,2025-10-17 22:50:18
14:15:23,19.98,0.0,18,35964,卖盘,603933,2025-10-17 22:50:18
14:15:41,19.98,0.0,2,3996,卖盘,603933,2025-10-17 22:50:18
14:16:20,19.98,0.0,1,1998,卖盘,603933,2025-10-17 22:50:18
14:16:29,19.98,0.0,10,19980,卖盘,603933,2025-10-17 22:50:18
14:16:32,19.98,0.0,3,5994,卖盘,603933,2025-10-17 22:50:18
14:16:41,19.98,0.0,19,37962,卖盘,603933,2025-10-17 22:50:18
14:16:53,19.98,0.0,18,35964,卖盘,603933,2025-10-17 22:50:18
14:16:59,19.98,0.0,2,3996,卖盘,603933,2025-10-17 22:50:18
14:17:08,19.98,0.0,23,45954,卖盘,603933,2025-10-17 22:50:18
14:17:17,19.98,0.0,5,9990,卖盘,603933,2025-10-17 22:50:18
14:17:20,19.98,0.0,12,23976,卖盘,603933,2025-10-17 22:50:18
14:17:23,19.98,0.0,17,33966,卖盘,603933,2025-10-17 22:50:18
14:17:35,19.98,0.0,2,3996,卖盘,603933,2025-10-17 22:50:18
14:18:11,19.98,0.0,1,1998,卖盘,603933,2025-10-17 22:50:18
14:18:14,19.98,0.0,2,3996,卖盘,603933,2025-10-17 22:50:18
14:18:26,19.98,0.0,10,19980,卖盘,603933,2025-10-17 22:50:18
14:18:41,19.98,0.0,24,47952,卖盘,603933,2025-10-17 22:50:18
14:18:47,19.98,0.0,2,3996,卖盘,603933,2025-10-17 22:50:18
14:18:50,19.98,0.0,8,15984,卖盘,603933,2025-10-17 22:50:18
14:18:59,19.98,0.0,6,11988,卖盘,603933,2025-10-17 22:50:18
14:19:11,19.98,0.0,10,19980,卖盘,603933,2025-10-17 22:50:18
14:19:20,19.98,0.0,5,9990,卖盘,603933,2025-10-17 22:50:18
14:19:26,19.98,0.0,20,39960,卖盘,603933,2025-10-17 22:50:18
14:19:38,19.98,0.0,11,21978,卖盘,603933,2025-10-17 22:50:18
14:19:59,19.98,0.0,20,39960,卖盘,603933,2025-10-17 22:50:18
14:20:02,19.98,0.0,30,59940,卖盘,603933,2025-10-17 22:50:18
14:20:05,19.98,0.0,1,1998,卖盘,603933,2025-10-17 22:50:18
14:20:14,19.98,0.0,1,1998,卖盘,603933,2025-10-17 22:50:18
14:20:26,19.98,0.0,1,1998,卖盘,603933,2025-10-17 22:50:18
14:20:44,19.98,0.0,10,19980,卖盘,603933,2025-10-17 22:50:18
14:20:53,19.98,0.0,3,5994,卖盘,603933,2025-10-17 22:50:18
14:21:05,19.98,0.0,6,11988,卖盘,603933,2025-10-17 22:50:18
14:21:11,19.98,0.0,2,3996,卖盘,603933,2025-10-17 22:50:18
14:21:17,19.98,0.0,2,3996,卖盘,603933,2025-10-17 22:50:18
14:21:20,19.98,0.0,10,19980,卖盘,603933,2025-10-17 22:50:18
14:21:26,19.98,0.0,4,7992,卖盘,603933,2025-10-17 22:50:18
14:21:32,19.98,0.0,5,9990,卖盘,603933,2025-10-17 22:50:18
14:21:47,19.98,0.0,8,15984,卖盘,603933,2025-10-17 22:50:18
14:21:53,19.98,0.0,6,11988,卖盘,603933,2025-10-17 22:50:18
14:22:23,19.98,0.0,20,39960,卖盘,603933,2025-10-17 22:50:18
14:22:53,19.98,0.0,6,11988,卖盘,603933,2025-10-17 22:50:18
14:23:11,19.98,0.0,1,1998,卖盘,603933,2025-10-17 22:50:18
14:23:20,19.98,0.0,1,1998,卖盘,603933,2025-10-17 22:50:18
14:24:08,19.98,0.0,20,39960,卖盘,603933,2025-10-17 22:50:18
14:24:23,19.98,0.0,10,19980,卖盘,603933,2025-10-17 22:50:18
14:24:38,19.98,0.0,5,9990,卖盘,603933,2025-10-17 22:50:18
14:24:47,19.98,0.0,10,19980,卖盘,603933,2025-10-17 22:50:18
14:24:50,19.98,0.0,12,23976,卖盘,603933,2025-10-17 22:50:18
14:24:53,19.98,0.0,5,9990,卖盘,603933,2025-10-17 22:50:18
14:24:59,19.98,0.0,24,47952,卖盘,603933,2025-10-17 22:50:18
14:25:17,19.98,0.0,2,3996,卖盘,603933,2025-10-17 22:50:18
14:25:23,19.98,0.0,6,11988,卖盘,603933,2025-10-17 22:50:18
14:25:44,19.98,0.0,21,41958,卖盘,603933,2025-10-17 22:50:18
14:25:53,19.98,0.0,47,93906,卖盘,603933,2025-10-17 22:50:18
14:25:59,19.98,0.0,26,51948,卖盘,603933,2025-10-17 22:50:18
14:26:14,19.98,0.0,24,47952,卖盘,603933,2025-10-17 22:50:18
14:26:20,19.98,0.0,1,1998,卖盘,603933,2025-10-17 22:50:18
14:26:41,19.98,0.0,5,9990,卖盘,603933,2025-10-17 22:50:18
14:26:47,19.98,0.0,8,15984,卖盘,603933,2025-10-17 22:50:18
14:26:56,19.98,0.0,3,5994,卖盘,603933,2025-10-17 22:50:18
14:26:59,19.98,0.0,14,27972,卖盘,603933,2025-10-17 22:50:18
14:27:08,19.98,0.0,20,39960,卖盘,603933,2025-10-17 22:50:18
14:27:26,19.98,0.0,15,29970,卖盘,603933,2025-10-17 22:50:18
14:27:32,19.98,0.0,61,121878,卖盘,603933,2025-10-17 22:50:18
14:27:35,19.98,0.0,3,5994,卖盘,603933,2025-10-17 22:50:18
14:27:41,19.98,0.0,10,19980,卖盘,603933,2025-10-17 22:50:18
14:27:47,19.98,0.0,1,1998,卖盘,603933,2025-10-17 22:50:18
14:28:11,19.98,0.0,66,131868,卖盘,603933,2025-10-17 22:50:18
14:28:20,19.98,0.0,9,17982,卖盘,603933,2025-10-17 22:50:18
14:28:56,19.98,0.0,2,3996,卖盘,603933,2025-10-17 22:50:18
14:29:17,19.98,0.0,10,19980,卖盘,603933,2025-10-17 22:50:18
14:29:23,19.98,0.0,1,1998,卖盘,603933,2025-10-17 22:50:18
14:29:29,19.98,0.0,9,17982,卖盘,603933,2025-10-17 22:50:18
14:29:35,19.98,0.0,10,19980,卖盘,603933,2025-10-17 22:50:18
14:29:38,19.98,0.0,1,1998,卖盘,603933,2025-10-17 22:50:18
14:29:47,19.98,0.0,1,1998,卖盘,603933,2025-10-17 22:50:18
14:29:50,19.98,0.0,1,1998,卖盘,603933,2025-10-17 22:50:18
14:30:08,19.98,0.0,10,19980,卖盘,603933,2025-10-17 22:50:18
14:30:11,19.98,0.0,10,19980,卖盘,603933,2025-10-17 22:50:18
14:30:14,19.98,0.0,13,25974,卖盘,603933,2025-10-17 22:50:18
14:30:17,19.98,0.0,5,9990,卖盘,603933,2025-10-17 22:50:18
14:30:26,19.98,0.0,9,17982,卖盘,603933,2025-10-17 22:50:18
14:30:41,19.98,0.0,18,35964,卖盘,603933,2025-10-17 22:50:18
14:30:56,19.98,0.0,31,61938,卖盘,603933,2025-10-17 22:50:18
14:30:59,19.98,0.0,15,29970,卖盘,603933,2025-10-17 22:50:18
14:31:41,19.98,0.0,2,3996,卖盘,603933,2025-10-17 22:50:18
14:31:56,19.98,0.0,10,19980,卖盘,603933,2025-10-17 22:50:18
14:32:05,19.98,0.0,5,9990,卖盘,603933,2025-10-17 22:50:18
14:32:11,19.98,0.0,10,19980,卖盘,603933,2025-10-17 22:50:18
14:32:20,19.98,0.0,20,39960,卖盘,603933,2025-10-17 22:50:18
14:32:23,19.98,0.0,1,1998,卖盘,603933,2025-10-17 22:50:18
14:32:29,19.98,0.0,1,1998,卖盘,603933,2025-10-17 22:50:18
14:32:35,19.98,0.0,7,13986,卖盘,603933,2025-10-17 22:50:18
14:32:41,19.98,0.0,6,11988,卖盘,603933,2025-10-17 22:50:18
14:32:47,19.98,0.0,9,17982,卖盘,603933,2025-10-17 22:50:18
14:32:56,19.98,0.0,24,47952,卖盘,603933,2025-10-17 22:50:18
14:32:59,19.98,0.0,223,445554,卖盘,603933,2025-10-17 22:50:18
14:33:02,19.98,0.0,13,25974,卖盘,603933,2025-10-17 22:50:18
14:33:05,19.98,0.0,1,1998,卖盘,603933,2025-10-17 22:50:18
14:33:08,19.98,0.0,2,3996,卖盘,603933,2025-10-17 22:50:18
14:33:23,19.98,0.0,100,199800,卖盘,603933,2025-10-17 22:50:18
14:33:26,19.98,0.0,1,1998,卖盘,603933,2025-10-17 22:50:18
14:33:29,19.98,0.0,7,13986,卖盘,603933,2025-10-17 22:50:18
14:33:35,19.98,0.0,1,1998,卖盘,603933,2025-10-17 22:50:18
14:33:44,19.98,0.0,2,3996,卖盘,603933,2025-10-17 22:50:18
14:33:47,19.98,0.0,6,11988,卖盘,603933,2025-10-17 22:50:18
14:33:59,19.98,0.0,1,1998,卖盘,603933,2025-10-17 22:50:18
14:34:08,19.98,0.0,10,19980,卖盘,603933,2025-10-17 22:50:18
14:34:23,19.98,0.0,14,27972,卖盘,603933,2025-10-17 22:50:18
14:34:29,19.98,0.0,12,23976,卖盘,603933,2025-10-17 22:50:18
14:34:41,19.98,0.0,20,39960,卖盘,603933,2025-10-17 22:50:18
14:34:53,19.98,0.0,2,3996,卖盘,603933,2025-10-17 22:50:18
14:34:59,19.98,0.0,397,793206,卖盘,603933,2025-10-17 22:50:18
14:35:02,19.98,0.0,22,43956,卖盘,603933,2025-10-17 22:50:18
14:35:08,19.98,0.0,8,15984,卖盘,603933,2025-10-17 22:50:18
14:35:14,19.98,0.0,10,19980,卖盘,603933,2025-10-17 22:50:18
14:35:17,19.98,0.0,12,23976,卖盘,603933,2025-10-17 22:50:18
14:35:29,19.98,0.0,10,19980,卖盘,603933,2025-10-17 22:50:18
14:35:35,19.98,0.0,65,129870,卖盘,603933,2025-10-17 22:50:18
14:35:47,19.98,0.0,40,79920,卖盘,603933,2025-10-17 22:50:18
14:35:50,19.98,0.0,1,1998,卖盘,603933,2025-10-17 22:50:18
14:35:53,19.98,0.0,34,67932,卖盘,603933,2025-10-17 22:50:18
14:35:56,19.98,0.0,2,3996,卖盘,603933,2025-10-17 22:50:18
14:35:59,19.98,0.0,20,39960,卖盘,603933,2025-10-17 22:50:18
14:36:08,19.98,0.0,30,59940,卖盘,603933,2025-10-17 22:50:18
14:36:11,19.98,0.0,3,5994,卖盘,603933,2025-10-17 22:50:18
14:36:29,19.98,0.0,10,19980,卖盘,603933,2025-10-17 22:50:18
14:36:32,19.98,0.0,18,35964,卖盘,603933,2025-10-17 22:50:18
14:36:44,19.98,0.0,4,7992,卖盘,603933,2025-10-17 22:50:18
14:36:50,19.98,0.0,1,1998,卖盘,603933,2025-10-17 22:50:18
14:36:56,19.98,0.0,5,9990,卖盘,603933,2025-10-17 22:50:18
14:36:59,19.98,0.0,10,19980,卖盘,603933,2025-10-17 22:50:18
14:37:05,19.98,0.0,30,59940,卖盘,603933,2025-10-17 22:50:18
14:37:20,19.98,0.0,22,43956,卖盘,603933,2025-10-17 22:50:18
14:37:26,19.98,0.0,30,59940,卖盘,603933,2025-10-17 22:50:18
14:37:32,19.98,0.0,8,15984,卖盘,603933,2025-10-17 22:50:18
14:37:35,19.98,0.0,4,7992,卖盘,603933,2025-10-17 22:50:18
14:37:41,19.98,0.0,1,1998,卖盘,603933,2025-10-17 22:50:18
14:37:44,19.98,0.0,10,19980,卖盘,603933,2025-10-17 22:50:18
14:37:47,19.98,0.0,23,45954,卖盘,603933,2025-10-17 22:50:18
14:37:59,19.98,0.0,55,109890,卖盘,603933,2025-10-17 22:50:18
14:38:08,19.98,0.0,26,51948,卖盘,603933,2025-10-17 22:50:18
14:38:11,19.98,0.0,154,307692,卖盘,603933,2025-10-17 22:50:18
14:38:14,19.98,0.0,59,117882,卖盘,603933,2025-10-17 22:50:18
14:38:32,19.98,0.0,1,1998,卖盘,603933,2025-10-17 22:50:18
14:38:38,19.98,0.0,1,1998,卖盘,603933,2025-10-17 22:50:18
14:38:41,19.98,0.0,2,3996,卖盘,603933,2025-10-17 22:50:18
14:38:47,19.98,0.0,47,93906,卖盘,603933,2025-10-17 22:50:18
14:38:53,19.98,0.0,26,51948,卖盘,603933,2025-10-17 22:50:18
14:38:56,19.98,0.0,6,11988,卖盘,603933,2025-10-17 22:50:18
14:39:05,19.98,0.0,33,65934,卖盘,603933,2025-10-17 22:50:18
14:39:20,19.98,0.0,261,521478,卖盘,603933,2025-10-17 22:50:18
14:39:26,19.98,0.0,100,199800,卖盘,603933,2025-10-17 22:50:18
14:39:29,19.98,0.0,16,31968,卖盘,603933,2025-10-17 22:50:18
14:39:32,19.98,0.0,9,17982,卖盘,603933,2025-10-17 22:50:18
14:39:35,19.98,0.0,13,25974,卖盘,603933,2025-10-17 22:50:18
14:39:41,19.98,0.0,1,1998,卖盘,603933,2025-10-17 22:50:18
14:39:44,19.98,0.0,2,3996,卖盘,603933,2025-10-17 22:50:18
14:39:47,19.98,0.0,18,35964,卖盘,603933,2025-10-17 22:50:18
14:39:59,19.98,0.0,1,1998,卖盘,603933,2025-10-17 22:50:18
14:40:02,19.98,0.0,2,3996,卖盘,603933,2025-10-17 22:50:18
14:40:05,19.98,0.0,1,1998,卖盘,603933,2025-10-17 22:50:18
14:40:20,19.98,0.0,245,489510,卖盘,603933,2025-10-17 22:50:18
14:40:23,19.98,0.0,223,445554,卖盘,603933,2025-10-17 22:50:18
14:40:29,19.98,0.0,12,23976,卖盘,603933,2025-10-17 22:50:18
14:40:38,19.98,0.0,36,71928,卖盘,603933,2025-10-17 22:50:18
14:40:44,19.98,0.0,1,1998,卖盘,603933,2025-10-17 22:50:18
14:40:47,19.98,0.0,9,17982,卖盘,603933,2025-10-17 22:50:18
14:40:50,19.98,0.0,10,19980,卖盘,603933,2025-10-17 22:50:18
14:40:53,19.98,0.0,5,9990,卖盘,603933,2025-10-17 22:50:18
14:40:56,19.98,0.0,5,9990,卖盘,603933,2025-10-17 22:50:18
14:40:59,19.98,0.0,29,57942,卖盘,603933,2025-10-17 22:50:18
14:41:02,19.98,0.0,12,23976,卖盘,603933,2025-10-17 22:50:18
14:41:05,19.98,0.0,12,23976,卖盘,603933,2025-10-17 22:50:18
14:41:08,19.98,0.0,1,1998,卖盘,603933,2025-10-17 22:50:18
14:41:11,19.98,0.0,10,19980,卖盘,603933,2025-10-17 22:50:18
14:41:17,19.98,0.0,31,61938,卖盘,603933,2025-10-17 22:50:18
14:41:20,19.98,0.0,1,1998,卖盘,603933,2025-10-17 22:50:18
14:41:26,19.98,0.0,140,279720,卖盘,603933,2025-10-17 22:50:18
14:41:41,19.98,0.0,1,1998,卖盘,603933,2025-10-17 22:50:18
14:41:47,19.98,0.0,1,1998,卖盘,603933,2025-10-17 22:50:18
14:41:53,19.98,0.0,1,1998,卖盘,603933,2025-10-17 22:50:18
14:42:02,19.98,0.0,31,61938,卖盘,603933,2025-10-17 22:50:18
14:42:05,19.98,0.0,4,7992,卖盘,603933,2025-10-17 22:50:18
14:42:14,19.98,0.0,266,531468,卖盘,603933,2025-10-17 22:50:18
14:42:17,19.98,0.0,9,18382,卖盘,603933,2025-10-17 22:50:18
14:42:29,19.98,0.0,5,9990,卖盘,603933,2025-10-17 22:50:18
14:42:38,19.98,0.0,5,9990,卖盘,603933,2025-10-17 22:50:18
14:42:44,19.98,0.0,20,39960,卖盘,603933,2025-10-17 22:50:18
14:42:59,19.98,0.0,10,19980,卖盘,603933,2025-10-17 22:50:18
14:43:08,19.98,0.0,12,23976,卖盘,603933,2025-10-17 22:50:18
14:43:11,19.98,0.0,3,5994,卖盘,603933,2025-10-17 22:50:18
14:43:14,19.98,0.0,2,3996,卖盘,603933,2025-10-17 22:50:18
14:43:26,19.98,0.0,35,69930,卖盘,603933,2025-10-17 22:50:18
14:43:32,19.98,0.0,1,1998,卖盘,603933,2025-10-17 22:50:18
14:43:35,19.98,0.0,1,1998,卖盘,603933,2025-10-17 22:50:18
14:43:44,19.98,0.0,57,113886,卖盘,603933,2025-10-17 22:50:18
14:43:50,19.98,0.0,1,1998,卖盘,603933,2025-10-17 22:50:18
14:43:56,19.98,0.0,5,9990,卖盘,603933,2025-10-17 22:50:18
14:44:02,19.98,0.0,2,3996,卖盘,603933,2025-10-17 22:50:18
14:44:08,19.98,0.0,15,29970,卖盘,603933,2025-10-17 22:50:18
14:44:26,19.98,0.0,33,65934,卖盘,603933,2025-10-17 22:50:18
14:44:38,19.98,0.0,5,9990,卖盘,603933,2025-10-17 22:50:18
14:44:41,19.98,0.0,1,1998,卖盘,603933,2025-10-17 22:50:18
14:44:47,19.98,0.0,4,7992,卖盘,603933,2025-10-17 22:50:18
14:44:53,19.98,0.0,1,1998,卖盘,603933,2025-10-17 22:50:18
14:45:11,19.98,0.0,5,9990,卖盘,603933,2025-10-17 22:50:18
14:45:26,19.98,0.0,70,139860,卖盘,603933,2025-10-17 22:50:18
14:45:38,19.98,0.0,30,59940,卖盘,603933,2025-10-17 22:50:18
14:45:44,19.98,0.0,15,29970,卖盘,603933,2025-10-17 22:50:18
14:46:05,19.98,0.0,50,99900,卖盘,603933,2025-10-17 22:50:18
14:46:11,19.98,0.0,10,19980,卖盘,603933,2025-10-17 22:50:18
14:46:14,19.98,0.0,40,79920,卖盘,603933,2025-10-17 22:50:18
14:46:23,19.98,0.0,5,9990,卖盘,603933,2025-10-17 22:50:18
14:46:29,19.98,0.0,10,19980,卖盘,603933,2025-10-17 22:50:18
14:46:35,19.98,0.0,33,65934,卖盘,603933,2025-10-17 22:50:18
14:46:38,19.98,0.0,10,19980,卖盘,603933,2025-10-17 22:50:18
14:46:59,19.98,0.0,1,1998,卖盘,603933,2025-10-17 22:50:18
14:47:02,19.98,0.0,5,9990,卖盘,603933,2025-10-17 22:50:18
14:47:17,19.98,0.0,6,11988,卖盘,603933,2025-10-17 22:50:18
14:47:29,19.98,0.0,6,11988,卖盘,603933,2025-10-17 22:50:18
14:47:32,19.98,0.0,3,5994,卖盘,603933,2025-10-17 22:50:18
14:47:47,19.98,0.0,30,59940,卖盘,603933,2025-10-17 22:50:18
14:47:50,19.98,0.0,15,29970,卖盘,603933,2025-10-17 22:50:18
14:47:53,19.98,0.0,30,59940,卖盘,603933,2025-10-17 22:50:18
14:47:59,19.98,0.0,2,3996,卖盘,603933,2025-10-17 22:50:18
14:48:08,19.98,0.0,3,5994,卖盘,603933,2025-10-17 22:50:18
14:48:26,19.98,0.0,8,15984,卖盘,603933,2025-10-17 22:50:18
14:48:35,19.98,0.0,4,7992,卖盘,603933,2025-10-17 22:50:18
14:48:53,19.98,0.0,1,1998,卖盘,603933,2025-10-17 22:50:18
14:49:14,19.98,0.0,20,39960,卖盘,603933,2025-10-17 22:50:18
14:49:20,19.98,0.0,52,103896,卖盘,603933,2025-10-17 22:50:18
14:49:29,19.98,0.0,12,23976,卖盘,603933,2025-10-17 22:50:18
14:49:32,19.98,0.0,51,101898,卖盘,603933,2025-10-17 22:50:18
14:49:38,19.98,0.0,11,21978,卖盘,603933,2025-10-17 22:50:18
14:50:02,19.98,0.0,15,29970,卖盘,603933,2025-10-17 22:50:18
14:50:11,19.98,0.0,20,39960,卖盘,603933,2025-10-17 22:50:18
14:50:14,19.98,0.0,5,9990,卖盘,603933,2025-10-17 22:50:18
14:50:26,19.98,0.0,6,11988,卖盘,603933,2025-10-17 22:50:18
14:50:29,19.98,0.0,9,17982,卖盘,603933,2025-10-17 22:50:18
14:50:32,19.98,0.0,6,11988,卖盘,603933,2025-10-17 22:50:18
14:50:35,19.98,0.0,5,9990,卖盘,603933,2025-10-17 22:50:18
14:50:38,19.98,0.0,20,39960,卖盘,603933,2025-10-17 22:50:18
14:50:41,19.98,0.0,9,17982,卖盘,603933,2025-10-17 22:50:18
14:50:47,19.98,0.0,7,13986,卖盘,603933,2025-10-17 22:50:18
14:50:50,19.98,0.0,31,61938,卖盘,603933,2025-10-17 22:50:18
14:50:53,19.98,0.0,1,1998,卖盘,603933,2025-10-17 22:50:18
14:50:59,19.98,0.0,10,19980,卖盘,603933,2025-10-17 22:50:18
14:51:05,19.98,0.0,1,1998,卖盘,603933,2025-10-17 22:50:18
14:51:08,19.98,0.0,15,29970,卖盘,603933,2025-10-17 22:50:18
14:51:14,19.98,0.0,5,9990,卖盘,603933,2025-10-17 22:50:18
14:51:17,19.98,0.0,28,55944,卖盘,603933,2025-10-17 22:50:18
14:51:23,19.98,0.0,3,5994,卖盘,603933,2025-10-17 22:50:18
14:51:35,19.98,0.0,1,1998,卖盘,603933,2025-10-17 22:50:18
14:51:53,19.98,0.0,11,21978,卖盘,603933,2025-10-17 22:50:18
14:52:02,19.98,0.0,56,111888,卖盘,603933,2025-10-17 22:50:18
14:52:08,19.98,0.0,6,11988,卖盘,603933,2025-10-17 22:50:18
14:52:11,19.98,0.0,6,11988,卖盘,603933,2025-10-17 22:50:18
14:52:14,19.98,0.0,60,119880,卖盘,603933,2025-10-17 22:50:18
14:52:17,19.98,0.0,20,39960,卖盘,603933,2025-10-17 22:50:18
14:52:23,19.98,0.0,2,3996,卖盘,603933,2025-10-17 22:50:18
14:52:32,19.98,0.0,28,55944,卖盘,603933,2025-10-17 22:50:18
14:52:41,19.98,0.0,6,11988,卖盘,603933,2025-10-17 22:50:18
14:52:44,19.98,0.0,20,39960,卖盘,603933,2025-10-17 22:50:18
14:52:47,19.98,0.0,1,1998,卖盘,603933,2025-10-17 22:50:18
14:52:50,19.98,0.0,10,19980,卖盘,603933,2025-10-17 22:50:18
14:52:53,19.98,0.0,10,19980,卖盘,603933,2025-10-17 22:50:18
14:52:59,19.98,0.0,49,97902,卖盘,603933,2025-10-17 22:50:18
14:53:02,19.98,0.0,9,17982,卖盘,603933,2025-10-17 22:50:18
14:53:05,19.98,0.0,8,15984,卖盘,603933,2025-10-17 22:50:18
14:53:08,19.98,0.0,14,27972,卖盘,603933,2025-10-17 22:50:18
14:53:11,19.98,0.0,11,21978,卖盘,603933,2025-10-17 22:50:18
14:53:14,19.98,0.0,2,3996,卖盘,603933,2025-10-17 22:50:18
14:53:20,19.98,0.0,8,15984,卖盘,603933,2025-10-17 22:50:18
14:53:26,19.98,0.0,2,3996,卖盘,603933,2025-10-17 22:50:18
14:53:29,19.98,0.0,1,1998,卖盘,603933,2025-10-17 22:50:18
14:53:32,19.98,0.0,9,17982,卖盘,603933,2025-10-17 22:50:18
14:53:38,19.98,0.0,51,101898,卖盘,603933,2025-10-17 22:50:18
14:53:50,19.98,0.0,525,1048950,卖盘,603933,2025-10-17 22:50:18
14:54:02,19.98,0.0,11,21978,卖盘,603933,2025-10-17 22:50:18
14:54:23,19.98,0.0,2,3996,卖盘,603933,2025-10-17 22:50:18
14:54:29,19.98,0.0,10,19980,卖盘,603933,2025-10-17 22:50:18
14:54:32,19.98,0.0,5,9990,卖盘,603933,2025-10-17 22:50:18
14:54:35,19.98,0.0,36,71928,卖盘,603933,2025-10-17 22:50:18
14:54:47,19.98,0.0,5,9990,卖盘,603933,2025-10-17 22:50:18
14:55:05,19.98,0.0,8,15984,卖盘,603933,2025-10-17 22:50:18
14:55:08,19.98,0.0,6,11988,卖盘,603933,2025-10-17 22:50:18
14:55:11,19.98,0.0,10,19980,卖盘,603933,2025-10-17 22:50:18
14:55:14,19.98,0.0,12,23976,卖盘,603933,2025-10-17 22:50:18
14:55:17,19.98,0.0,19,37962,卖盘,603933,2025-10-17 22:50:18
14:55:20,19.98,0.0,4,7992,卖盘,603933,2025-10-17 22:50:18
14:55:23,19.98,0.0,14,27972,卖盘,603933,2025-10-17 22:50:18
14:55:26,19.98,0.0,9,17982,卖盘,603933,2025-10-17 22:50:18
14:55:29,19.98,0.0,13,25974,卖盘,603933,2025-10-17 22:50:18
14:55:32,19.98,0.0,10,19980,卖盘,603933,2025-10-17 22:50:18
14:55:35,19.98,0.0,1,1998,卖盘,603933,2025-10-17 22:50:18
14:55:44,19.98,0.0,17,33966,卖盘,603933,2025-10-17 22:50:18
14:55:47,19.98,0.0,1,1998,卖盘,603933,2025-10-17 22:50:18
14:55:56,19.98,0.0,1,1998,卖盘,603933,2025-10-17 22:50:18
14:55:59,19.98,0.0,10,19980,卖盘,603933,2025-10-17 22:50:18
14:56:02,19.98,0.0,20,39960,卖盘,603933,2025-10-17 22:50:18
14:56:08,19.98,0.0,35,69930,卖盘,603933,2025-10-17 22:50:18
14:56:14,19.98,0.0,24,47952,卖盘,603933,2025-10-17 22:50:18
14:56:20,19.98,0.0,5,9990,卖盘,603933,2025-10-17 22:50:18
14:56:32,19.98,0.0,13,25974,卖盘,603933,2025-10-17 22:50:18
14:56:38,19.98,0.0,43,85914,卖盘,603933,2025-10-17 22:50:18
14:56:41,19.98,0.0,17,33966,卖盘,603933,2025-10-17 22:50:18
14:56:50,19.98,0.0,163,325674,卖盘,603933,2025-10-17 22:50:18
14:56:53,19.98,0.0,1,1998,卖盘,603933,2025-10-17 22:50:18
14:57:02,19.98,0.0,1,1998,卖盘,603933,2025-10-17 22:50:18
15:00:03,19.98,0.0,418,835164,卖盘,603933,2025-10-17 22:50:18
