时间,成交价,价格变动,成交量,成交额,买卖盘性质,股票代码,采集时间
09:25:03,17.2,0.0,489,841080,卖盘,605303,2025-10-17 22:55:21
09:30:03,17.2,0.0,13,22360,卖盘,605303,2025-10-17 22:55:21
09:30:06,17.21,0.01,42,72270,中性盘,605303,2025-10-17 22:55:21
09:30:09,17.25,0.04,101,174011,买盘,605303,2025-10-17 22:55:21
09:30:12,17.19,-0.06,301,518400,卖盘,605303,2025-10-17 22:55:21
09:30:15,17.19,0.0,375,647124,卖盘,605303,2025-10-17 22:55:21
09:30:18,17.16,-0.03,258,443573,卖盘,605303,2025-10-17 22:55:21
09:30:21,17.21,0.05,121,208401,买盘,605303,2025-10-17 22:55:21
09:30:24,17.28,0.07,204,351512,中性盘,605303,2025-10-17 22:55:21
09:30:27,17.28,0.0,325,564463,卖盘,605303,2025-10-17 22:55:21
09:30:30,17.29,0.01,112,194640,卖盘,605303,2025-10-17 22:55:21
09:30:33,17.3,0.01,76,131944,中性盘,605303,2025-10-17 22:55:21
09:30:36,17.47,0.17,116,202793,买盘,605303,2025-10-17 22:55:21
09:30:39,17.47,0.0,64,111716,卖盘,605303,2025-10-17 22:55:21
09:30:42,17.52,0.05,93,162381,买盘,605303,2025-10-17 22:55:21
09:30:45,17.5,-0.02,155,271072,卖盘,605303,2025-10-17 22:55:21
09:30:48,17.5,0.0,54,94596,买盘,605303,2025-10-17 22:55:21
09:30:51,17.53,0.03,246,430637,买盘,605303,2025-10-17 22:55:21
09:30:54,17.53,0.0,138,241812,买盘,605303,2025-10-17 22:55:21
09:30:57,17.53,0.0,39,68371,卖盘,605303,2025-10-17 22:55:21
09:31:00,17.5,-0.03,100,175309,卖盘,605303,2025-10-17 22:55:21
09:31:03,17.5,0.0,50,87524,卖盘,605303,2025-10-17 22:55:21
09:31:06,17.49,-0.01,52,90990,卖盘,605303,2025-10-17 22:55:21
09:31:09,17.47,-0.02,336,587885,卖盘,605303,2025-10-17 22:55:21
09:31:12,17.44,-0.03,188,328479,卖盘,605303,2025-10-17 22:55:21
09:31:15,17.49,0.05,322,562842,买盘,605303,2025-10-17 22:55:21
09:31:18,17.5,0.01,111,194253,买盘,605303,2025-10-17 22:55:21
09:31:21,17.5,0.0,278,486505,卖盘,605303,2025-10-17 22:55:21
09:31:24,17.51,0.01,42,73546,中性盘,605303,2025-10-17 22:55:21
09:31:27,17.54,0.03,245,429379,买盘,605303,2025-10-17 22:55:21
09:31:30,17.56,0.02,97,170261,买盘,605303,2025-10-17 22:55:21
09:31:33,17.59,0.03,114,200445,买盘,605303,2025-10-17 22:55:21
09:31:36,17.6,0.01,59,103848,买盘,605303,2025-10-17 22:55:21
09:31:39,17.65,0.05,44,77502,买盘,605303,2025-10-17 22:55:21
09:31:42,17.65,0.0,117,206489,买盘,605303,2025-10-17 22:55:21
09:31:45,17.64,-0.01,125,220580,卖盘,605303,2025-10-17 22:55:21
09:31:48,17.62,-0.02,171,301809,卖盘,605303,2025-10-17 22:55:21
09:31:51,17.62,0.0,89,156829,卖盘,605303,2025-10-17 22:55:21
09:31:54,17.58,-0.04,329,579277,卖盘,605303,2025-10-17 22:55:21
09:31:57,17.57,-0.01,118,207420,卖盘,605303,2025-10-17 22:55:21
09:32:00,17.55,-0.02,35,61352,卖盘,605303,2025-10-17 22:55:21
09:32:03,17.5,-0.05,4,7004,卖盘,605303,2025-10-17 22:55:21
09:32:06,17.51,0.01,144,251980,中性盘,605303,2025-10-17 22:55:21
09:32:09,17.54,0.03,120,210230,买盘,605303,2025-10-17 22:55:21
09:32:12,17.55,0.01,148,259631,买盘,605303,2025-10-17 22:55:21
09:32:15,17.53,-0.02,66,115812,卖盘,605303,2025-10-17 22:55:21
09:32:18,17.53,0.0,30,52601,卖盘,605303,2025-10-17 22:55:21
09:32:21,17.53,0.0,27,47331,卖盘,605303,2025-10-17 22:55:21
09:32:24,17.53,0.0,1,1753,买盘,605303,2025-10-17 22:55:21
09:32:27,17.53,0.0,193,338234,买盘,605303,2025-10-17 22:55:21
09:32:30,17.48,-0.05,11,19241,卖盘,605303,2025-10-17 22:55:21
09:32:33,17.48,0.0,16,27968,卖盘,605303,2025-10-17 22:55:21
09:32:36,17.46,-0.02,2,3492,卖盘,605303,2025-10-17 22:55:21
09:32:39,17.48,0.02,29,50643,买盘,605303,2025-10-17 22:55:21
09:32:42,17.45,-0.03,36,62818,卖盘,605303,2025-10-17 22:55:21
09:32:45,17.44,-0.01,10,17440,卖盘,605303,2025-10-17 22:55:21
09:32:48,17.44,0.0,128,223228,卖盘,605303,2025-10-17 22:55:21
09:32:51,17.61,0.17,909,1593019,买盘,605303,2025-10-17 22:55:21
09:32:54,17.59,-0.02,218,383769,卖盘,605303,2025-10-17 22:55:21
09:32:57,17.55,-0.04,20,35105,卖盘,605303,2025-10-17 22:55:21
09:33:00,17.57,0.02,13,22855,中性盘,605303,2025-10-17 22:55:21
09:33:03,17.54,-0.03,10,17543,卖盘,605303,2025-10-17 22:55:21
09:33:06,17.56,0.02,6,10535,买盘,605303,2025-10-17 22:55:21
09:33:12,17.55,-0.01,8,14039,买盘,605303,2025-10-17 22:55:21
09:33:15,17.53,-0.02,67,117255,中性盘,605303,2025-10-17 22:55:21
09:33:18,17.53,0.0,26,45560,买盘,605303,2025-10-17 22:55:21
09:33:21,17.45,-0.08,277,485194,卖盘,605303,2025-10-17 22:55:21
09:33:24,17.45,0.0,1,1745,卖盘,605303,2025-10-17 22:55:21
09:33:27,17.46,0.01,27,47142,卖盘,605303,2025-10-17 22:55:21
09:33:30,17.45,-0.01,10,17453,卖盘,605303,2025-10-17 22:55:21
09:33:33,17.49,0.04,37,64682,买盘,605303,2025-10-17 22:55:21
09:33:36,17.45,-0.04,28,48913,卖盘,605303,2025-10-17 22:55:21
09:33:39,17.49,0.04,25,43725,卖盘,605303,2025-10-17 22:55:21
09:33:42,17.46,-0.03,13,22698,卖盘,605303,2025-10-17 22:55:21
09:33:45,17.49,0.03,6,10479,买盘,605303,2025-10-17 22:55:21
09:33:48,17.49,0.0,74,129419,买盘,605303,2025-10-17 22:55:21
09:33:51,17.49,0.0,32,55988,卖盘,605303,2025-10-17 22:55:21
09:33:54,17.49,0.0,42,73458,卖盘,605303,2025-10-17 22:55:21
09:33:57,17.49,0.0,22,38478,卖盘,605303,2025-10-17 22:55:21
09:34:00,17.5,0.01,54,94462,买盘,605303,2025-10-17 22:55:21
09:34:03,17.47,-0.03,4,6988,卖盘,605303,2025-10-17 22:55:21
09:34:09,17.49,0.02,24,41909,买盘,605303,2025-10-17 22:55:21
09:34:15,17.45,-0.04,7,12215,卖盘,605303,2025-10-17 22:55:21
09:34:18,17.45,0.0,29,50605,中性盘,605303,2025-10-17 22:55:21
09:34:21,17.44,-0.01,58,101157,卖盘,605303,2025-10-17 22:55:21
09:34:24,17.43,-0.01,59,102940,中性盘,605303,2025-10-17 22:55:21
09:34:27,17.43,0.0,16,27888,卖盘,605303,2025-10-17 22:55:21
09:34:30,17.43,0.0,527,915700,买盘,605303,2025-10-17 22:55:21
09:34:33,17.45,0.02,171,298557,中性盘,605303,2025-10-17 22:55:21
09:34:36,17.45,0.0,28,48864,卖盘,605303,2025-10-17 22:55:21
09:34:39,17.46,0.01,81,141457,卖盘,605303,2025-10-17 22:55:21
09:34:42,17.47,0.01,80,139732,买盘,605303,2025-10-17 22:55:21
09:34:45,17.48,0.01,78,136293,中性盘,605303,2025-10-17 22:55:21
09:34:48,17.48,0.0,14,24472,卖盘,605303,2025-10-17 22:55:21
09:34:51,17.48,0.0,17,29716,卖盘,605303,2025-10-17 22:55:21
09:34:54,17.49,0.01,13,22732,买盘,605303,2025-10-17 22:55:21
09:34:57,17.48,-0.01,33,57687,卖盘,605303,2025-10-17 22:55:21
09:35:03,17.47,-0.01,33,57651,卖盘,605303,2025-10-17 22:55:21
09:35:06,17.43,-0.04,193,336675,卖盘,605303,2025-10-17 22:55:21
09:35:09,17.43,0.0,18,31396,卖盘,605303,2025-10-17 22:55:21
09:35:12,17.43,0.0,1,1743,卖盘,605303,2025-10-17 22:55:21
09:35:15,17.44,0.01,83,144718,卖盘,605303,2025-10-17 22:55:21
09:35:18,17.43,-0.01,5,8715,卖盘,605303,2025-10-17 22:55:21
09:35:21,17.43,0.0,6,10458,买盘,605303,2025-10-17 22:55:21
09:35:24,17.4,-0.03,5,8712,卖盘,605303,2025-10-17 22:55:21
09:35:27,17.49,0.09,830,1447852,买盘,605303,2025-10-17 22:55:21
09:35:30,17.57,0.08,407,714157,买盘,605303,2025-10-17 22:55:21
09:35:33,17.58,0.01,20,35153,买盘,605303,2025-10-17 22:55:21
09:35:36,17.6,0.02,50,87979,买盘,605303,2025-10-17 22:55:21
09:35:39,17.6,0.0,27,47500,买盘,605303,2025-10-17 22:55:21
09:35:42,17.59,-0.01,4,7035,中性盘,605303,2025-10-17 22:55:21
09:35:45,17.58,-0.01,28,49242,卖盘,605303,2025-10-17 22:55:21
09:35:48,17.58,0.0,69,121265,卖盘,605303,2025-10-17 22:55:21
09:35:51,17.58,0.0,7,12304,买盘,605303,2025-10-17 22:55:21
09:35:54,17.58,0.0,41,72085,买盘,605303,2025-10-17 22:55:21
09:35:57,17.57,-0.01,22,38665,卖盘,605303,2025-10-17 22:55:21
09:36:00,17.57,0.0,48,84212,卖盘,605303,2025-10-17 22:55:21
09:36:03,17.57,0.0,5,8777,买盘,605303,2025-10-17 22:55:21
09:36:06,17.53,-0.04,8,14038,卖盘,605303,2025-10-17 22:55:21
09:36:09,17.53,0.0,10,17535,卖盘,605303,2025-10-17 22:55:21
09:36:12,17.53,0.0,32,56098,卖盘,605303,2025-10-17 22:55:21
09:36:15,17.53,0.0,3,5259,买盘,605303,2025-10-17 22:55:21
09:36:18,17.53,0.0,9,15768,买盘,605303,2025-10-17 22:55:21
09:36:21,17.52,-0.01,3,5256,买盘,605303,2025-10-17 22:55:21
09:36:24,17.51,-0.01,66,115571,卖盘,605303,2025-10-17 22:55:21
09:36:27,17.5,-0.01,69,120778,卖盘,605303,2025-10-17 22:55:21
09:36:30,17.5,0.0,13,22755,卖盘,605303,2025-10-17 22:55:21
09:36:33,17.52,0.02,34,59525,买盘,605303,2025-10-17 22:55:21
09:36:36,17.5,-0.02,8,14005,卖盘,605303,2025-10-17 22:55:21
09:36:39,17.5,0.0,14,24500,卖盘,605303,2025-10-17 22:55:21
09:36:42,17.5,0.0,21,36752,卖盘,605303,2025-10-17 22:55:21
09:36:45,17.5,0.0,29,50760,卖盘,605303,2025-10-17 22:55:21
09:36:48,17.5,0.0,18,31500,卖盘,605303,2025-10-17 22:55:21
09:36:54,17.48,-0.02,3,5244,卖盘,605303,2025-10-17 22:55:21
09:36:57,17.48,0.0,1,1748,卖盘,605303,2025-10-17 22:55:21
09:37:00,17.48,0.0,4,6992,卖盘,605303,2025-10-17 22:55:21
09:37:03,17.46,-0.02,3,5240,卖盘,605303,2025-10-17 22:55:21
09:37:06,17.44,-0.02,31,54098,卖盘,605303,2025-10-17 22:55:21
09:37:09,17.44,0.0,8,13947,中性盘,605303,2025-10-17 22:55:21
09:37:12,17.45,0.01,288,502498,买盘,605303,2025-10-17 22:55:21
09:37:15,17.49,0.04,202,352845,买盘,605303,2025-10-17 22:55:21
09:37:18,17.48,-0.01,167,291925,卖盘,605303,2025-10-17 22:55:21
09:37:21,17.48,0.0,7,12237,卖盘,605303,2025-10-17 22:55:21
09:37:24,17.48,0.0,6,10488,中性盘,605303,2025-10-17 22:55:21
09:37:27,17.48,0.0,3,5244,买盘,605303,2025-10-17 22:55:21
09:37:30,17.48,0.0,33,57679,买盘,605303,2025-10-17 22:55:21
09:37:36,17.49,0.01,4,6994,买盘,605303,2025-10-17 22:55:21
09:37:39,17.49,0.0,85,148733,买盘,605303,2025-10-17 22:55:21
09:37:42,17.49,0.0,19,33250,卖盘,605303,2025-10-17 22:55:21
09:37:45,17.49,0.0,15,26235,买盘,605303,2025-10-17 22:55:21
09:37:48,17.52,0.03,10,17520,买盘,605303,2025-10-17 22:55:21
09:37:51,17.49,-0.03,9,15741,卖盘,605303,2025-10-17 22:55:21
09:38:00,17.49,0.0,1,1749,买盘,605303,2025-10-17 22:55:21
09:38:03,17.49,0.0,12,20988,买盘,605303,2025-10-17 22:55:21
09:38:06,17.49,0.0,6,10494,卖盘,605303,2025-10-17 22:55:21
09:38:12,17.49,0.0,2,3498,卖盘,605303,2025-10-17 22:55:21
09:38:18,17.48,-0.01,66,115368,卖盘,605303,2025-10-17 22:55:21
09:38:21,17.47,-0.01,30,52410,卖盘,605303,2025-10-17 22:55:21
09:38:24,17.48,0.01,11,19218,买盘,605303,2025-10-17 22:55:21
09:38:27,17.46,-0.02,49,85600,卖盘,605303,2025-10-17 22:55:21
09:38:30,17.46,0.0,3,5238,买盘,605303,2025-10-17 22:55:21
09:38:33,17.4,-0.06,8,13946,卖盘,605303,2025-10-17 22:55:21
09:38:36,17.41,0.01,1,1741,中性盘,605303,2025-10-17 22:55:21
09:38:39,17.41,0.0,16,27858,卖盘,605303,2025-10-17 22:55:21
09:38:42,17.41,0.0,11,19151,卖盘,605303,2025-10-17 22:55:21
09:38:45,17.41,0.0,14,24369,买盘,605303,2025-10-17 22:55:21
09:38:48,17.41,0.0,39,67897,买盘,605303,2025-10-17 22:55:21
09:38:51,17.41,0.0,21,36562,卖盘,605303,2025-10-17 22:55:21
09:38:54,17.41,0.0,40,69654,卖盘,605303,2025-10-17 22:55:21
09:38:57,17.41,0.0,26,45266,卖盘,605303,2025-10-17 22:55:21
09:39:00,17.41,0.0,162,282042,买盘,605303,2025-10-17 22:55:21
09:39:03,17.43,0.02,97,169152,中性盘,605303,2025-10-17 22:55:21
09:39:06,17.43,0.0,4,6972,卖盘,605303,2025-10-17 22:55:21
09:39:09,17.41,-0.02,26,45285,卖盘,605303,2025-10-17 22:55:21
09:39:12,17.42,0.01,8,13936,买盘,605303,2025-10-17 22:55:21
09:39:15,17.43,0.01,4,6972,买盘,605303,2025-10-17 22:55:21
09:39:18,17.42,-0.01,346,603077,中性盘,605303,2025-10-17 22:55:21
09:39:21,17.42,0.0,7,12192,买盘,605303,2025-10-17 22:55:21
09:39:24,17.41,-0.01,358,621324,卖盘,605303,2025-10-17 22:55:21
09:39:27,17.41,0.0,844,1472436,买盘,605303,2025-10-17 22:55:21
09:39:33,17.41,0.0,14,24374,卖盘,605303,2025-10-17 22:55:21
09:39:36,17.41,0.0,17,29597,卖盘,605303,2025-10-17 22:55:21
09:39:39,17.4,-0.01,8,13920,卖盘,605303,2025-10-17 22:55:21
09:39:45,17.36,-0.04,24,41684,卖盘,605303,2025-10-17 22:55:21
09:39:48,17.36,0.0,18,31248,卖盘,605303,2025-10-17 22:55:21
09:39:51,17.34,-0.02,62,107552,卖盘,605303,2025-10-17 22:55:21
09:39:54,17.3,-0.04,31,53680,卖盘,605303,2025-10-17 22:55:21
09:40:00,17.3,0.0,5,8650,买盘,605303,2025-10-17 22:55:21
09:40:03,17.28,-0.02,18,31100,中性盘,605303,2025-10-17 22:55:21
09:40:06,17.3,0.02,33,57036,买盘,605303,2025-10-17 22:55:21
09:40:09,17.26,-0.04,67,115662,卖盘,605303,2025-10-17 22:55:21
09:40:12,17.26,0.0,12,20712,买盘,605303,2025-10-17 22:55:21
09:40:15,17.25,-0.01,8,13800,卖盘,605303,2025-10-17 22:55:21
09:40:18,17.22,-0.03,23,39632,卖盘,605303,2025-10-17 22:55:21
09:40:21,17.22,0.0,57,98168,卖盘,605303,2025-10-17 22:55:21
09:40:24,17.2,-0.02,133,228843,卖盘,605303,2025-10-17 22:55:21
09:40:27,17.2,0.0,171,294288,卖盘,605303,2025-10-17 22:55:21
09:40:30,17.18,-0.02,191,328385,卖盘,605303,2025-10-17 22:55:21
09:40:33,17.15,-0.03,110,188758,卖盘,605303,2025-10-17 22:55:21
09:40:36,17.14,-0.01,136,232850,卖盘,605303,2025-10-17 22:55:21
09:40:39,17.1,-0.04,209,358020,卖盘,605303,2025-10-17 22:55:21
09:40:42,17.1,0.0,101,172909,卖盘,605303,2025-10-17 22:55:21
09:40:45,17.1,0.0,169,289040,卖盘,605303,2025-10-17 22:55:21
09:40:48,17.12,0.02,64,109508,买盘,605303,2025-10-17 22:55:21
09:40:51,17.14,0.02,27,46241,买盘,605303,2025-10-17 22:55:21
09:40:54,17.15,0.01,38,65144,买盘,605303,2025-10-17 22:55:21
09:40:57,17.13,-0.02,42,71960,卖盘,605303,2025-10-17 22:55:21
09:41:00,17.14,0.01,31,53200,中性盘,605303,2025-10-17 22:55:21
09:41:03,17.12,-0.02,108,184897,卖盘,605303,2025-10-17 22:55:21
09:41:06,17.11,-0.01,39,66736,卖盘,605303,2025-10-17 22:55:21
09:41:09,17.13,0.02,55,94160,买盘,605303,2025-10-17 22:55:21
09:41:12,17.11,-0.02,84,143797,卖盘,605303,2025-10-17 22:55:21
09:41:15,17.12,0.01,68,116381,中性盘,605303,2025-10-17 22:55:21
09:41:18,17.11,-0.01,83,142061,卖盘,605303,2025-10-17 22:55:21
09:41:21,17.13,0.02,56,95865,买盘,605303,2025-10-17 22:55:21
09:41:24,17.11,-0.02,35,59925,卖盘,605303,2025-10-17 22:55:21
09:41:27,17.13,0.02,8,13704,中性盘,605303,2025-10-17 22:55:21
09:41:30,17.13,0.0,5,8565,买盘,605303,2025-10-17 22:55:21
09:41:33,17.13,0.0,67,114771,买盘,605303,2025-10-17 22:55:21
09:41:36,17.14,0.01,4,6853,买盘,605303,2025-10-17 22:55:21
09:41:39,17.12,-0.02,163,279062,卖盘,605303,2025-10-17 22:55:21
09:41:42,17.14,0.02,17,29142,买盘,605303,2025-10-17 22:55:21
09:41:45,17.14,0.0,12,20568,卖盘,605303,2025-10-17 22:55:21
09:41:48,17.15,0.01,43,73709,买盘,605303,2025-10-17 22:55:21
09:41:54,17.15,0.0,1,1715,买盘,605303,2025-10-17 22:55:21
09:41:57,17.13,-0.02,54,92574,卖盘,605303,2025-10-17 22:55:21
09:42:00,17.13,0.0,77,131952,卖盘,605303,2025-10-17 22:55:21
09:42:03,17.13,0.0,69,118251,卖盘,605303,2025-10-17 22:55:21
09:42:06,17.13,0.0,39,66815,卖盘,605303,2025-10-17 22:55:21
09:42:09,17.13,0.0,67,114781,卖盘,605303,2025-10-17 22:55:21
09:42:12,17.12,-0.01,18,30817,卖盘,605303,2025-10-17 22:55:21
09:42:15,17.12,0.0,19,32544,卖盘,605303,2025-10-17 22:55:21
09:42:18,17.13,0.01,41,70228,买盘,605303,2025-10-17 22:55:21
09:42:21,17.13,0.0,30,51390,卖盘,605303,2025-10-17 22:55:21
09:42:24,17.13,0.0,36,61703,卖盘,605303,2025-10-17 22:55:21
09:42:27,17.14,0.01,75,128422,买盘,605303,2025-10-17 22:55:21
09:42:30,17.13,-0.01,4,6852,中性盘,605303,2025-10-17 22:55:21
09:42:33,17.14,0.01,4,6856,买盘,605303,2025-10-17 22:55:21
09:42:36,17.13,-0.01,10,17130,卖盘,605303,2025-10-17 22:55:21
09:42:39,17.14,0.01,1,1714,买盘,605303,2025-10-17 22:55:21
09:42:45,17.13,-0.01,3,5139,卖盘,605303,2025-10-17 22:55:21
09:42:48,17.14,0.01,6,10284,买盘,605303,2025-10-17 22:55:21
09:42:51,17.14,0.0,30,51420,买盘,605303,2025-10-17 22:55:21
09:42:54,17.13,-0.01,186,318747,卖盘,605303,2025-10-17 22:55:21
09:42:57,17.12,-0.01,22,37664,卖盘,605303,2025-10-17 22:55:21
09:43:03,17.12,0.0,68,116419,卖盘,605303,2025-10-17 22:55:21
09:43:06,17.13,0.01,13,22261,买盘,605303,2025-10-17 22:55:21
09:43:09,17.12,-0.01,17,29104,卖盘,605303,2025-10-17 22:55:21
09:43:12,17.12,0.0,9,15410,卖盘,605303,2025-10-17 22:55:21
09:43:15,17.12,0.0,18,30816,卖盘,605303,2025-10-17 22:55:21
09:43:21,17.11,-0.01,146,249859,卖盘,605303,2025-10-17 22:55:21
09:43:24,17.1,-0.01,8,13684,卖盘,605303,2025-10-17 22:55:21
09:43:27,17.09,-0.01,77,131664,卖盘,605303,2025-10-17 22:55:21
09:43:30,17.1,0.01,3,5130,买盘,605303,2025-10-17 22:55:21
09:43:33,17.08,-0.02,12,20496,卖盘,605303,2025-10-17 22:55:21
09:43:36,17.05,-0.03,101,172363,卖盘,605303,2025-10-17 22:55:21
09:43:39,17.05,0.0,15,25583,卖盘,605303,2025-10-17 22:55:21
09:43:42,17.04,-0.01,1,1704,中性盘,605303,2025-10-17 22:55:21
09:43:45,17.01,-0.03,169,287673,卖盘,605303,2025-10-17 22:55:21
09:43:48,17.01,0.0,65,110634,买盘,605303,2025-10-17 22:55:21
09:43:51,17.0,-0.01,79,134317,卖盘,605303,2025-10-17 22:55:21
09:43:54,17.0,0.0,105,178497,买盘,605303,2025-10-17 22:55:21
09:43:57,16.99,-0.01,17,28881,卖盘,605303,2025-10-17 22:55:21
09:44:00,16.99,0.0,21,35670,买盘,605303,2025-10-17 22:55:21
09:44:03,16.99,0.0,88,149490,买盘,605303,2025-10-17 22:55:21
09:44:06,16.98,-0.01,88,149429,买盘,605303,2025-10-17 22:55:21
09:44:09,16.91,-0.07,33,55890,卖盘,605303,2025-10-17 22:55:21
09:44:12,16.91,0.0,205,347337,卖盘,605303,2025-10-17 22:55:21
09:44:15,16.97,0.06,141,238758,中性盘,605303,2025-10-17 22:55:21
09:44:18,16.93,-0.04,173,292831,卖盘,605303,2025-10-17 22:55:21
09:44:21,16.93,0.0,64,108487,卖盘,605303,2025-10-17 22:55:21
09:44:24,16.93,0.0,73,123596,卖盘,605303,2025-10-17 22:55:21
09:44:27,16.93,0.0,182,308078,卖盘,605303,2025-10-17 22:55:21
09:44:30,16.93,0.0,108,183275,卖盘,605303,2025-10-17 22:55:21
09:44:33,16.93,0.0,85,143942,买盘,605303,2025-10-17 22:55:21
09:44:36,16.93,0.0,27,45724,卖盘,605303,2025-10-17 22:55:21
09:44:39,16.95,0.02,26,44071,卖盘,605303,2025-10-17 22:55:21
09:44:42,16.95,0.0,58,98268,卖盘,605303,2025-10-17 22:55:21
09:44:45,16.95,0.0,330,559217,买盘,605303,2025-10-17 22:55:21
09:44:48,16.95,0.0,7,11865,中性盘,605303,2025-10-17 22:55:21
09:44:51,16.93,-0.02,8,13556,卖盘,605303,2025-10-17 22:55:21
09:44:54,16.94,0.01,3,5084,中性盘,605303,2025-10-17 22:55:21
09:44:57,16.95,0.01,276,467305,买盘,605303,2025-10-17 22:55:21
09:45:00,16.94,-0.01,56,94826,中性盘,605303,2025-10-17 22:55:21
09:45:03,16.94,0.0,14,23705,买盘,605303,2025-10-17 22:55:21
09:45:06,16.93,-0.01,39,66027,卖盘,605303,2025-10-17 22:55:21
09:45:09,16.93,0.0,141,238739,买盘,605303,2025-10-17 22:55:21
09:45:12,16.94,0.01,20,33874,买盘,605303,2025-10-17 22:55:21
09:45:15,16.94,0.0,190,321576,买盘,605303,2025-10-17 22:55:21
09:45:18,16.94,0.0,115,194802,买盘,605303,2025-10-17 22:55:21
09:45:21,16.93,-0.01,59,99897,卖盘,605303,2025-10-17 22:55:21
09:45:24,16.94,0.01,146,247342,买盘,605303,2025-10-17 22:55:21
09:45:27,16.97,0.03,31,52547,买盘,605303,2025-10-17 22:55:21
09:45:33,16.99,0.02,32,54342,买盘,605303,2025-10-17 22:55:21
09:45:36,16.99,0.0,56,95109,卖盘,605303,2025-10-17 22:55:21
09:45:39,16.99,0.0,45,76455,买盘,605303,2025-10-17 22:55:21
09:45:42,16.98,-0.01,24,40752,卖盘,605303,2025-10-17 22:55:21
09:45:45,16.99,0.01,13,22087,买盘,605303,2025-10-17 22:55:21
09:45:48,16.98,-0.01,2,3396,卖盘,605303,2025-10-17 22:55:21
09:45:51,16.99,0.01,5,8495,买盘,605303,2025-10-17 22:55:21
09:45:54,16.99,0.0,2,3398,买盘,605303,2025-10-17 22:55:21
09:45:57,16.98,-0.01,39,66236,卖盘,605303,2025-10-17 22:55:21
09:46:03,16.99,0.01,32,54342,买盘,605303,2025-10-17 22:55:21
09:46:06,16.97,-0.02,141,239180,卖盘,605303,2025-10-17 22:55:21
09:46:09,16.97,0.0,12,20364,买盘,605303,2025-10-17 22:55:21
09:46:12,16.97,0.0,50,84850,买盘,605303,2025-10-17 22:55:21
09:46:15,16.95,-0.02,16,27120,卖盘,605303,2025-10-17 22:55:21
09:46:18,16.95,0.0,2,3390,卖盘,605303,2025-10-17 22:55:21
09:46:21,16.95,0.0,13,22034,买盘,605303,2025-10-17 22:55:21
09:46:24,16.93,-0.02,54,91456,卖盘,605303,2025-10-17 22:55:21
09:46:27,16.93,0.0,220,372460,卖盘,605303,2025-10-17 22:55:21
09:46:30,16.92,-0.01,21,35547,卖盘,605303,2025-10-17 22:55:21
09:46:33,16.92,0.0,131,221652,卖盘,605303,2025-10-17 22:55:21
09:46:36,16.91,-0.01,42,71022,卖盘,605303,2025-10-17 22:55:21
09:46:39,16.92,0.01,93,157268,买盘,605303,2025-10-17 22:55:21
09:46:42,16.86,-0.06,294,496572,卖盘,605303,2025-10-17 22:55:21
09:46:45,16.86,0.0,380,639849,买盘,605303,2025-10-17 22:55:21
09:46:48,16.82,-0.04,105,176789,卖盘,605303,2025-10-17 22:55:21
09:46:51,16.82,0.0,631,1061508,卖盘,605303,2025-10-17 22:55:21
09:46:54,16.83,0.01,64,107728,中性盘,605303,2025-10-17 22:55:21
09:46:57,16.82,-0.01,366,616233,卖盘,605303,2025-10-17 22:55:21
09:47:00,16.83,0.01,216,364035,买盘,605303,2025-10-17 22:55:21
09:47:03,16.83,0.0,93,156713,卖盘,605303,2025-10-17 22:55:21
09:47:06,16.85,0.02,187,315187,卖盘,605303,2025-10-17 22:55:21
09:47:09,16.9,0.05,46,77527,买盘,605303,2025-10-17 22:55:21
09:47:12,16.83,-0.07,29,48858,卖盘,605303,2025-10-17 22:55:21
09:47:15,16.87,0.04,13,21931,买盘,605303,2025-10-17 22:55:21
09:47:18,16.87,0.0,15,25322,卖盘,605303,2025-10-17 22:55:21
09:47:21,16.84,-0.03,41,69049,卖盘,605303,2025-10-17 22:55:21
09:47:24,16.88,0.04,15,25306,买盘,605303,2025-10-17 22:55:21
09:47:27,16.85,-0.03,713,1201489,卖盘,605303,2025-10-17 22:55:21
09:47:30,16.87,0.02,209,352217,中性盘,605303,2025-10-17 22:55:21
09:47:33,16.87,0.0,60,101219,买盘,605303,2025-10-17 22:55:21
09:47:36,16.86,-0.01,17,28674,卖盘,605303,2025-10-17 22:55:21
09:47:39,16.84,-0.02,302,508785,卖盘,605303,2025-10-17 22:55:21
09:47:42,16.85,0.01,1,1685,买盘,605303,2025-10-17 22:55:21
09:47:45,16.85,0.0,3,5055,买盘,605303,2025-10-17 22:55:21
09:47:48,16.85,0.0,11,18535,买盘,605303,2025-10-17 22:55:21
09:47:51,16.85,0.0,27,45477,卖盘,605303,2025-10-17 22:55:21
09:47:54,16.85,0.0,32,53922,卖盘,605303,2025-10-17 22:55:21
09:47:57,16.85,0.0,11,18532,买盘,605303,2025-10-17 22:55:21
09:48:00,16.84,-0.01,44,74112,卖盘,605303,2025-10-17 22:55:21
09:48:03,16.85,0.01,15,25275,买盘,605303,2025-10-17 22:55:21
09:48:06,16.86,0.01,13,21918,买盘,605303,2025-10-17 22:55:21
09:48:09,16.86,0.0,50,84252,买盘,605303,2025-10-17 22:55:21
09:48:12,16.85,-0.01,27,45495,卖盘,605303,2025-10-17 22:55:21
09:48:15,16.86,0.01,14,23598,买盘,605303,2025-10-17 22:55:21
09:48:18,16.86,0.0,26,43811,买盘,605303,2025-10-17 22:55:21
09:48:21,16.85,-0.01,5,8425,买盘,605303,2025-10-17 22:55:21
09:48:24,16.85,0.0,91,153328,买盘,605303,2025-10-17 22:55:21
09:48:27,16.84,-0.01,117,197045,卖盘,605303,2025-10-17 22:55:21
09:48:30,16.84,0.0,127,213868,买盘,605303,2025-10-17 22:55:21
09:48:33,16.84,0.0,71,119536,买盘,605303,2025-10-17 22:55:21
09:48:36,16.84,0.0,10,16840,卖盘,605303,2025-10-17 22:55:21
09:48:39,16.85,0.01,5,8425,买盘,605303,2025-10-17 22:55:21
09:48:42,16.84,-0.01,22,37048,卖盘,605303,2025-10-17 22:55:21
09:48:45,16.84,0.0,49,82516,卖盘,605303,2025-10-17 22:55:21
09:48:48,16.83,-0.01,54,90916,卖盘,605303,2025-10-17 22:55:21
09:48:51,16.83,0.0,79,132958,卖盘,605303,2025-10-17 22:55:21
09:48:54,16.83,0.0,17,28611,卖盘,605303,2025-10-17 22:55:21
09:48:57,16.82,-0.01,63,105980,卖盘,605303,2025-10-17 22:55:21
09:49:00,16.82,0.0,73,122794,卖盘,605303,2025-10-17 22:55:21
09:49:03,16.82,0.0,34,57187,卖盘,605303,2025-10-17 22:55:21
09:49:06,16.82,0.0,43,72286,买盘,605303,2025-10-17 22:55:21
09:49:09,16.84,0.02,912,1535248,买盘,605303,2025-10-17 22:55:21
09:49:12,16.82,-0.02,754,1269988,卖盘,605303,2025-10-17 22:55:21
09:49:15,16.84,0.02,9,15152,中性盘,605303,2025-10-17 22:55:21
09:49:18,16.85,0.01,74,124675,买盘,605303,2025-10-17 22:55:21
09:49:21,16.81,-0.04,260,437649,卖盘,605303,2025-10-17 22:55:21
09:49:24,16.84,0.03,10,16847,中性盘,605303,2025-10-17 22:55:21
09:49:27,16.84,0.0,33,55616,卖盘,605303,2025-10-17 22:55:21
09:49:30,16.88,0.04,21,35440,买盘,605303,2025-10-17 22:55:21
09:49:33,16.88,0.0,4,6752,买盘,605303,2025-10-17 22:55:21
09:49:36,16.88,0.0,37,62420,中性盘,605303,2025-10-17 22:55:21
09:49:39,16.88,0.0,6,10128,买盘,605303,2025-10-17 22:55:21
09:49:42,16.88,0.0,56,94516,买盘,605303,2025-10-17 22:55:21
09:49:45,16.85,-0.03,208,350724,卖盘,605303,2025-10-17 22:55:21
09:49:48,16.84,-0.01,58,97690,卖盘,605303,2025-10-17 22:55:21
09:49:51,16.85,0.01,85,143247,买盘,605303,2025-10-17 22:55:21
09:49:54,16.83,-0.02,41,69037,卖盘,605303,2025-10-17 22:55:21
09:49:57,16.84,0.01,8,13473,卖盘,605303,2025-10-17 22:55:21
09:50:00,16.84,0.0,3,5052,卖盘,605303,2025-10-17 22:55:21
09:50:03,16.85,0.01,66,111174,买盘,605303,2025-10-17 22:55:21
09:50:06,16.86,0.01,191,321792,买盘,605303,2025-10-17 22:55:21
09:50:09,16.87,0.01,20,33715,买盘,605303,2025-10-17 22:55:21
09:50:12,16.85,-0.02,234,395035,卖盘,605303,2025-10-17 22:55:21
09:50:15,16.87,0.02,52,87701,中性盘,605303,2025-10-17 22:55:21
09:50:18,16.88,0.01,32,53992,买盘,605303,2025-10-17 22:55:21
09:50:21,16.9,0.02,53,89658,中性盘,605303,2025-10-17 22:55:21
09:50:24,16.91,0.01,98,165804,卖盘,605303,2025-10-17 22:55:21
09:50:27,16.94,0.03,10,16932,买盘,605303,2025-10-17 22:55:21
09:50:30,16.94,0.0,6,10164,买盘,605303,2025-10-17 22:55:21
09:50:33,16.94,0.0,43,72842,买盘,605303,2025-10-17 22:55:21
09:50:36,16.95,0.01,19,32204,买盘,605303,2025-10-17 22:55:21
09:50:39,16.95,0.0,22,37290,卖盘,605303,2025-10-17 22:55:21
09:50:42,16.96,0.01,114,193309,买盘,605303,2025-10-17 22:55:21
09:50:45,16.95,-0.01,66,111932,卖盘,605303,2025-10-17 22:55:21
09:50:48,16.95,0.0,22,37304,卖盘,605303,2025-10-17 22:55:21
09:50:51,16.96,0.01,20,33906,中性盘,605303,2025-10-17 22:55:21
09:50:54,16.97,0.01,31,52606,买盘,605303,2025-10-17 22:55:21
09:50:57,16.97,0.0,6,10182,买盘,605303,2025-10-17 22:55:21
09:51:00,16.96,-0.01,11,18661,卖盘,605303,2025-10-17 22:55:21
09:51:03,16.95,-0.01,28,47468,卖盘,605303,2025-10-17 22:55:21
09:51:06,16.94,-0.01,24,40676,卖盘,605303,2025-10-17 22:55:21
09:51:09,16.95,0.01,60,101700,买盘,605303,2025-10-17 22:55:21
09:51:12,16.92,-0.03,48,81274,卖盘,605303,2025-10-17 22:55:21
09:51:15,16.92,0.0,37,62604,买盘,605303,2025-10-17 22:55:21
09:51:18,16.92,0.0,20,33840,买盘,605303,2025-10-17 22:55:21
09:51:21,16.92,0.0,58,98140,卖盘,605303,2025-10-17 22:55:21
09:51:27,16.92,0.0,13,22000,卖盘,605303,2025-10-17 22:55:21
09:51:30,16.92,0.0,25,42302,卖盘,605303,2025-10-17 22:55:21
09:51:33,16.92,0.0,81,137052,买盘,605303,2025-10-17 22:55:21
09:51:36,16.96,0.04,179,303470,买盘,605303,2025-10-17 22:55:21
09:51:39,16.95,-0.01,35,59342,卖盘,605303,2025-10-17 22:55:21
09:51:42,16.95,0.0,10,16951,卖盘,605303,2025-10-17 22:55:21
09:51:45,16.95,0.0,4,6780,中性盘,605303,2025-10-17 22:55:21
09:51:48,16.95,0.0,45,76235,中性盘,605303,2025-10-17 22:55:21
09:51:51,16.95,0.0,59,100058,卖盘,605303,2025-10-17 22:55:21
09:51:54,16.95,0.0,7,11865,卖盘,605303,2025-10-17 22:55:21
09:51:57,16.95,0.0,10,16952,卖盘,605303,2025-10-17 22:55:21
09:52:00,16.95,0.0,10,16965,卖盘,605303,2025-10-17 22:55:21
09:52:03,16.99,0.04,44,74758,买盘,605303,2025-10-17 22:55:21
09:52:06,17.06,0.07,33,56166,买盘,605303,2025-10-17 22:55:21
09:52:15,17.02,-0.04,1,1702,买盘,605303,2025-10-17 22:55:21
09:52:18,17.03,0.01,8,13624,买盘,605303,2025-10-17 22:55:21
09:52:21,17.03,0.0,2,3406,卖盘,605303,2025-10-17 22:55:21
09:52:24,17.04,0.01,20,34080,买盘,605303,2025-10-17 22:55:21
09:52:27,17.03,-0.01,13,22139,卖盘,605303,2025-10-17 22:55:21
09:52:30,17.04,0.01,1,1704,买盘,605303,2025-10-17 22:55:21
09:52:33,17.03,-0.01,53,90249,卖盘,605303,2025-10-17 22:55:21
09:52:36,17.04,0.01,208,354409,买盘,605303,2025-10-17 22:55:21
09:52:39,17.03,-0.01,25,42575,卖盘,605303,2025-10-17 22:55:21
09:52:42,17.04,0.01,37,63043,买盘,605303,2025-10-17 22:55:21
09:52:48,17.05,0.01,4,6819,买盘,605303,2025-10-17 22:55:21
09:52:51,17.06,0.01,10,17060,买盘,605303,2025-10-17 22:55:21
09:52:54,17.05,-0.01,20,34118,卖盘,605303,2025-10-17 22:55:21
09:52:57,17.06,0.01,1,1706,卖盘,605303,2025-10-17 22:55:21
09:53:03,17.06,0.0,1,1706,卖盘,605303,2025-10-17 22:55:21
09:53:06,17.09,0.03,10,17090,买盘,605303,2025-10-17 22:55:21
09:53:09,17.09,0.0,11,18796,买盘,605303,2025-10-17 22:55:21
09:53:12,17.11,0.02,78,133360,买盘,605303,2025-10-17 22:55:21
09:53:18,17.14,0.03,4,6856,买盘,605303,2025-10-17 22:55:21
09:53:24,17.14,0.0,35,59990,买盘,605303,2025-10-17 22:55:21
09:53:27,17.14,0.0,10,17140,卖盘,605303,2025-10-17 22:55:21
09:53:30,17.15,0.01,29,49707,买盘,605303,2025-10-17 22:55:21
09:53:33,17.14,-0.01,10,17145,卖盘,605303,2025-10-17 22:55:21
09:53:36,17.15,0.01,116,198832,买盘,605303,2025-10-17 22:55:21
09:53:39,17.15,0.0,1,1715,买盘,605303,2025-10-17 22:55:21
09:53:42,17.15,0.0,3,5145,买盘,605303,2025-10-17 22:55:21
09:53:45,17.14,-0.01,34,58280,卖盘,605303,2025-10-17 22:55:21
09:53:48,17.14,0.0,31,53134,卖盘,605303,2025-10-17 22:55:21
09:53:51,17.14,0.0,44,75419,卖盘,605303,2025-10-17 22:55:21
09:53:54,17.11,-0.03,2,3422,卖盘,605303,2025-10-17 22:55:21
09:53:57,17.14,0.03,53,90842,买盘,605303,2025-10-17 22:55:21
09:54:06,17.14,0.0,13,22282,买盘,605303,2025-10-17 22:55:21
09:54:09,17.11,-0.03,8,13688,卖盘,605303,2025-10-17 22:55:21
09:54:12,17.18,0.07,175,300121,买盘,605303,2025-10-17 22:55:21
09:54:15,17.2,0.02,86,147861,买盘,605303,2025-10-17 22:55:21
09:54:18,17.19,-0.01,2,3439,卖盘,605303,2025-10-17 22:55:21
09:54:24,17.24,0.05,29,49996,买盘,605303,2025-10-17 22:55:21
09:54:27,17.24,0.0,9,15516,卖盘,605303,2025-10-17 22:55:21
09:54:30,17.27,0.03,229,395736,买盘,605303,2025-10-17 22:55:21
09:54:33,17.27,0.0,1,1727,卖盘,605303,2025-10-17 22:55:21
09:54:36,17.27,0.0,63,108801,卖盘,605303,2025-10-17 22:55:21
09:54:39,17.28,0.01,42,72643,买盘,605303,2025-10-17 22:55:21
09:54:42,17.27,-0.01,39,67468,买盘,605303,2025-10-17 22:55:21
09:54:45,17.27,0.0,100,172700,卖盘,605303,2025-10-17 22:55:21
09:54:48,17.29,0.02,20,34537,买盘,605303,2025-10-17 22:55:21
09:54:51,17.3,0.01,77,133072,买盘,605303,2025-10-17 22:55:21
09:54:54,17.28,-0.02,7,12090,中性盘,605303,2025-10-17 22:55:21
09:54:57,17.28,0.0,5,8640,买盘,605303,2025-10-17 22:55:21
09:55:00,17.25,-0.03,182,314428,中性盘,605303,2025-10-17 22:55:21
09:55:03,17.24,-0.01,30,51772,中性盘,605303,2025-10-17 22:55:21
09:55:06,17.21,-0.03,33,56943,卖盘,605303,2025-10-17 22:55:21
09:55:09,17.2,-0.01,34,58506,卖盘,605303,2025-10-17 22:55:21
09:55:12,17.2,0.0,12,20640,买盘,605303,2025-10-17 22:55:21
09:55:15,17.2,0.0,114,196078,买盘,605303,2025-10-17 22:55:21
09:55:18,17.19,-0.01,9,15467,中性盘,605303,2025-10-17 22:55:21
09:55:21,17.19,0.0,13,22316,买盘,605303,2025-10-17 22:55:21
09:55:24,17.19,0.0,16,27495,买盘,605303,2025-10-17 22:55:21
09:55:27,17.17,-0.02,21,36065,卖盘,605303,2025-10-17 22:55:21
09:55:30,17.18,0.01,1,1718,中性盘,605303,2025-10-17 22:55:21
09:55:33,17.17,-0.01,20,34344,卖盘,605303,2025-10-17 22:55:21
09:55:36,17.17,0.0,54,92710,买盘,605303,2025-10-17 22:55:21
09:55:39,17.16,-0.01,68,116732,卖盘,605303,2025-10-17 22:55:21
09:55:42,17.16,0.0,20,34335,卖盘,605303,2025-10-17 22:55:21
09:55:45,17.15,-0.01,13,22301,卖盘,605303,2025-10-17 22:55:21
09:55:48,17.15,0.0,11,18870,买盘,605303,2025-10-17 22:55:21
09:55:51,17.14,-0.01,79,135440,卖盘,605303,2025-10-17 22:55:21
09:55:54,17.15,0.01,164,281433,买盘,605303,2025-10-17 22:55:21
09:55:57,17.15,0.0,13,22299,卖盘,605303,2025-10-17 22:55:21
09:56:00,17.21,0.06,248,427039,买盘,605303,2025-10-17 22:55:21
09:56:03,17.23,0.02,122,209633,买盘,605303,2025-10-17 22:55:21
09:56:06,17.24,0.01,51,87847,买盘,605303,2025-10-17 22:55:21
09:56:12,17.24,0.0,5,8623,卖盘,605303,2025-10-17 22:55:21
09:56:15,17.24,0.0,1,1724,卖盘,605303,2025-10-17 22:55:21
09:56:18,17.25,0.01,10,17241,买盘,605303,2025-10-17 22:55:21
09:56:21,17.25,0.0,39,67370,中性盘,605303,2025-10-17 22:55:21
09:56:24,17.25,0.0,17,29329,中性盘,605303,2025-10-17 22:55:21
09:56:27,17.25,0.0,13,22425,中性盘,605303,2025-10-17 22:55:21
09:56:30,17.27,0.02,31,53509,买盘,605303,2025-10-17 22:55:21
09:56:33,17.27,0.0,13,22448,买盘,605303,2025-10-17 22:55:21
09:56:36,17.27,0.0,13,22451,中性盘,605303,2025-10-17 22:55:21
09:56:39,17.26,-0.01,4,6901,中性盘,605303,2025-10-17 22:55:21
09:56:42,17.24,-0.02,13,22418,卖盘,605303,2025-10-17 22:55:21
09:56:45,17.26,0.02,37,63862,买盘,605303,2025-10-17 22:55:21
09:56:48,17.24,-0.02,16,27600,卖盘,605303,2025-10-17 22:55:21
09:56:54,17.25,0.01,16,27589,买盘,605303,2025-10-17 22:55:21
09:56:57,17.24,-0.01,3,5173,卖盘,605303,2025-10-17 22:55:21
09:57:00,17.24,0.0,3,5173,中性盘,605303,2025-10-17 22:55:21
09:57:06,17.26,0.02,143,246375,买盘,605303,2025-10-17 22:55:21
09:57:09,17.25,-0.01,33,56942,卖盘,605303,2025-10-17 22:55:21
09:57:12,17.25,0.0,1,1725,卖盘,605303,2025-10-17 22:55:21
09:57:15,17.24,-0.01,8,13792,卖盘,605303,2025-10-17 22:55:21
09:57:18,17.26,0.02,183,315767,买盘,605303,2025-10-17 22:55:21
09:57:21,17.26,0.0,45,77627,买盘,605303,2025-10-17 22:55:21
09:57:30,17.24,-0.02,3,5172,买盘,605303,2025-10-17 22:55:21
09:57:33,17.21,-0.03,45,77445,卖盘,605303,2025-10-17 22:55:21
09:57:36,17.24,0.03,1,1724,买盘,605303,2025-10-17 22:55:21
09:57:39,17.2,-0.04,2,3440,卖盘,605303,2025-10-17 22:55:21
09:57:42,17.2,0.0,6,10320,买盘,605303,2025-10-17 22:55:21
09:57:45,17.2,0.0,35,60173,买盘,605303,2025-10-17 22:55:21
09:57:48,17.21,0.01,4,6881,买盘,605303,2025-10-17 22:55:21
09:57:51,17.24,0.03,10,17240,买盘,605303,2025-10-17 22:55:21
09:57:57,17.24,0.0,52,89528,买盘,605303,2025-10-17 22:55:21
09:58:00,17.24,0.0,8,13792,买盘,605303,2025-10-17 22:55:21
09:58:03,17.2,-0.04,8,13760,卖盘,605303,2025-10-17 22:55:21
09:58:06,17.18,-0.02,4,6872,卖盘,605303,2025-10-17 22:55:21
09:58:09,17.17,-0.01,1,1717,卖盘,605303,2025-10-17 22:55:21
09:58:12,17.18,0.01,16,27467,买盘,605303,2025-10-17 22:55:21
09:58:15,17.2,0.02,23,39543,买盘,605303,2025-10-17 22:55:21
09:58:18,17.17,-0.03,30,51517,卖盘,605303,2025-10-17 22:55:21
09:58:21,17.17,0.0,9,15453,卖盘,605303,2025-10-17 22:55:21
09:58:27,17.16,-0.01,2,3432,卖盘,605303,2025-10-17 22:55:21
09:58:30,17.16,0.0,7,12012,卖盘,605303,2025-10-17 22:55:21
09:58:33,17.16,0.0,3,5148,买盘,605303,2025-10-17 22:55:21
09:58:39,17.15,-0.01,92,157832,卖盘,605303,2025-10-17 22:55:21
09:58:42,17.14,-0.01,4,6858,卖盘,605303,2025-10-17 22:55:21
09:58:45,17.13,-0.01,7,11991,卖盘,605303,2025-10-17 22:55:21
09:58:48,17.13,0.0,1,1713,卖盘,605303,2025-10-17 22:55:21
09:58:51,17.13,0.0,9,15417,买盘,605303,2025-10-17 22:55:21
09:58:54,17.11,-0.02,14,23976,卖盘,605303,2025-10-17 22:55:21
09:58:57,17.12,0.01,23,39376,买盘,605303,2025-10-17 22:55:21
09:59:00,17.12,0.0,2,3425,卖盘,605303,2025-10-17 22:55:21
09:59:03,17.13,0.01,7,11987,买盘,605303,2025-10-17 22:55:21
09:59:06,17.12,-0.01,5,8560,卖盘,605303,2025-10-17 22:55:21
09:59:09,17.13,0.01,29,49650,买盘,605303,2025-10-17 22:55:21
09:59:12,17.14,0.01,22,37689,买盘,605303,2025-10-17 22:55:21
09:59:15,17.13,-0.01,2,3426,卖盘,605303,2025-10-17 22:55:21
09:59:21,17.13,0.0,2,3427,卖盘,605303,2025-10-17 22:55:21
09:59:27,17.13,0.0,107,183291,卖盘,605303,2025-10-17 22:55:21
09:59:30,17.13,0.0,33,56502,买盘,605303,2025-10-17 22:55:21
09:59:33,17.12,-0.01,19,32524,卖盘,605303,2025-10-17 22:55:21
09:59:36,17.13,0.01,7,11991,买盘,605303,2025-10-17 22:55:21
09:59:39,17.13,0.0,32,54816,买盘,605303,2025-10-17 22:55:21
09:59:42,17.12,-0.01,13,22263,卖盘,605303,2025-10-17 22:55:21
09:59:45,17.13,0.01,7,11991,买盘,605303,2025-10-17 22:55:21
09:59:48,17.13,0.0,1,1713,中性盘,605303,2025-10-17 22:55:21
09:59:54,17.25,0.12,94,161750,买盘,605303,2025-10-17 22:55:21
09:59:57,17.17,-0.08,14,24038,买盘,605303,2025-10-17 22:55:21
10:00:09,17.19,0.02,13,22347,卖盘,605303,2025-10-17 22:55:21
10:00:12,17.19,0.0,2,3438,买盘,605303,2025-10-17 22:55:21
10:00:15,17.22,0.03,8,13781,中性盘,605303,2025-10-17 22:55:21
10:00:18,17.23,0.01,27,46526,买盘,605303,2025-10-17 22:55:21
10:00:21,17.23,0.0,43,74089,卖盘,605303,2025-10-17 22:55:21
10:00:24,17.22,-0.01,57,98187,卖盘,605303,2025-10-17 22:55:21
10:00:27,17.24,0.02,25,43087,买盘,605303,2025-10-17 22:55:21
10:00:30,17.15,-0.09,21,36073,卖盘,605303,2025-10-17 22:55:21
10:00:33,17.24,0.09,9,15514,买盘,605303,2025-10-17 22:55:21
10:00:36,17.23,-0.01,2,3444,中性盘,605303,2025-10-17 22:55:21
10:00:42,17.23,0.0,2,3446,卖盘,605303,2025-10-17 22:55:21
10:00:45,17.22,-0.01,9,15503,卖盘,605303,2025-10-17 22:55:21
10:00:48,17.22,0.0,6,10332,卖盘,605303,2025-10-17 22:55:21
10:00:54,17.22,0.0,5,8613,卖盘,605303,2025-10-17 22:55:21
10:00:57,17.22,0.0,12,20664,卖盘,605303,2025-10-17 22:55:21
10:01:00,17.23,0.01,125,215168,买盘,605303,2025-10-17 22:55:21
10:01:03,17.22,-0.01,7,12060,卖盘,605303,2025-10-17 22:55:21
10:01:06,17.2,-0.02,105,180743,卖盘,605303,2025-10-17 22:55:21
10:01:09,17.21,0.01,5,8605,中性盘,605303,2025-10-17 22:55:21
10:01:12,17.21,0.0,4,6884,买盘,605303,2025-10-17 22:55:21
10:01:15,17.21,0.0,23,39563,买盘,605303,2025-10-17 22:55:21
10:01:18,17.21,0.0,1,1721,买盘,605303,2025-10-17 22:55:21
10:01:21,17.2,-0.01,104,178898,卖盘,605303,2025-10-17 22:55:21
10:01:24,17.2,0.0,8,13760,买盘,605303,2025-10-17 22:55:21
10:01:27,17.2,0.0,15,25800,买盘,605303,2025-10-17 22:55:21
10:01:30,17.19,-0.01,10,17190,卖盘,605303,2025-10-17 22:55:21
10:01:33,17.19,0.0,1,1719,卖盘,605303,2025-10-17 22:55:21
10:01:36,17.19,0.0,42,72198,卖盘,605303,2025-10-17 22:55:21
10:01:39,17.18,-0.01,7,12026,卖盘,605303,2025-10-17 22:55:21
10:01:42,17.17,-0.01,13,22321,卖盘,605303,2025-10-17 22:55:21
10:01:45,17.17,0.0,20,34357,中性盘,605303,2025-10-17 22:55:21
10:01:48,17.17,0.0,22,37774,买盘,605303,2025-10-17 22:55:21
10:01:51,17.16,-0.01,49,84131,卖盘,605303,2025-10-17 22:55:21
10:01:54,17.16,0.0,42,72072,买盘,605303,2025-10-17 22:55:21
10:01:57,17.16,0.0,157,269411,买盘,605303,2025-10-17 22:55:21
10:02:00,17.15,-0.01,36,61829,卖盘,605303,2025-10-17 22:55:21
10:02:03,17.16,0.01,43,73788,买盘,605303,2025-10-17 22:55:21
10:02:06,17.15,-0.01,53,90901,卖盘,605303,2025-10-17 22:55:21
10:02:09,17.16,0.01,24,41165,买盘,605303,2025-10-17 22:55:21
10:02:12,17.16,0.0,28,48045,买盘,605303,2025-10-17 22:55:21
10:02:15,17.16,0.0,25,42900,买盘,605303,2025-10-17 22:55:21
10:02:18,17.16,0.0,3,5148,卖盘,605303,2025-10-17 22:55:21
10:02:21,17.15,-0.01,62,106389,卖盘,605303,2025-10-17 22:55:21
10:02:24,17.15,0.0,5,8575,买盘,605303,2025-10-17 22:55:21
10:02:27,17.14,-0.01,1,1714,卖盘,605303,2025-10-17 22:55:21
10:02:30,17.14,0.0,12,20568,卖盘,605303,2025-10-17 22:55:21
10:02:33,17.14,0.0,5,8570,卖盘,605303,2025-10-17 22:55:21
10:02:36,17.14,0.0,11,18854,卖盘,605303,2025-10-17 22:55:21
10:02:39,17.14,0.0,3,5142,买盘,605303,2025-10-17 22:55:21
10:02:42,17.13,-0.01,6,10278,卖盘,605303,2025-10-17 22:55:21
10:02:45,17.13,0.0,20,34260,卖盘,605303,2025-10-17 22:55:21
10:02:48,17.13,0.0,17,29116,买盘,605303,2025-10-17 22:55:21
10:02:51,17.13,0.0,12,20556,买盘,605303,2025-10-17 22:55:21
10:02:54,17.13,0.0,14,23977,买盘,605303,2025-10-17 22:55:21
10:02:57,17.12,-0.01,36,61660,卖盘,605303,2025-10-17 22:55:21
10:03:00,17.14,0.02,23,39422,买盘,605303,2025-10-17 22:55:21
10:03:03,17.15,0.01,234,401310,买盘,605303,2025-10-17 22:55:21
10:03:06,17.15,0.0,241,413295,买盘,605303,2025-10-17 22:55:21
10:03:09,17.17,0.02,35,60029,买盘,605303,2025-10-17 22:55:21
10:03:12,17.17,0.0,18,30906,买盘,605303,2025-10-17 22:55:21
10:03:15,17.17,0.0,4,6868,买盘,605303,2025-10-17 22:55:21
10:03:18,17.17,0.0,4,6868,买盘,605303,2025-10-17 22:55:21
10:03:21,17.17,0.0,21,36057,买盘,605303,2025-10-17 22:55:21
10:03:24,17.17,0.0,60,103010,买盘,605303,2025-10-17 22:55:21
10:03:27,17.19,0.02,231,396724,买盘,605303,2025-10-17 22:55:21
10:03:30,17.23,0.04,143,246289,买盘,605303,2025-10-17 22:55:21
10:03:36,17.23,0.0,40,68920,买盘,605303,2025-10-17 22:55:21
10:03:39,17.23,0.0,3,5169,卖盘,605303,2025-10-17 22:55:21
10:03:42,17.21,-0.02,11,18940,卖盘,605303,2025-10-17 22:55:21
10:03:48,17.21,0.0,15,25815,买盘,605303,2025-10-17 22:55:21
10:03:51,17.19,-0.02,4,6876,卖盘,605303,2025-10-17 22:55:21
10:03:54,17.19,0.0,2,3438,买盘,605303,2025-10-17 22:55:21
10:04:00,17.19,0.0,34,58456,买盘,605303,2025-10-17 22:55:21
10:04:03,17.2,0.01,18,30977,中性盘,605303,2025-10-17 22:55:21
10:04:06,17.21,0.01,400,689518,卖盘,605303,2025-10-17 22:55:21
10:04:09,17.25,0.04,4,6900,买盘,605303,2025-10-17 22:55:21
10:04:12,17.25,0.0,2,3449,买盘,605303,2025-10-17 22:55:21
10:04:15,17.25,0.0,2,3450,买盘,605303,2025-10-17 22:55:21
10:04:18,17.25,0.0,3,5175,买盘,605303,2025-10-17 22:55:21
10:04:21,17.24,-0.01,42,72442,卖盘,605303,2025-10-17 22:55:21
10:04:24,17.24,0.0,11,18964,买盘,605303,2025-10-17 22:55:21
10:04:27,17.24,0.0,130,224120,买盘,605303,2025-10-17 22:55:21
10:04:30,17.25,0.01,44,75894,买盘,605303,2025-10-17 22:55:21
10:04:33,17.25,0.0,15,25869,买盘,605303,2025-10-17 22:55:21
10:04:36,17.25,0.0,3,5175,买盘,605303,2025-10-17 22:55:21
10:04:42,17.25,0.0,12,20690,买盘,605303,2025-10-17 22:55:21
10:04:45,17.24,-0.01,13,22412,卖盘,605303,2025-10-17 22:55:21
10:04:48,17.24,0.0,21,36204,卖盘,605303,2025-10-17 22:55:21
10:04:51,17.24,0.0,3,5172,卖盘,605303,2025-10-17 22:55:21
10:04:54,17.25,0.01,15,25873,买盘,605303,2025-10-17 22:55:21
10:04:57,17.24,-0.01,24,41382,卖盘,605303,2025-10-17 22:55:21
10:05:00,17.24,0.0,12,20688,买盘,605303,2025-10-17 22:55:21
10:05:06,17.24,0.0,5,8620,买盘,605303,2025-10-17 22:55:21
10:05:12,17.23,-0.01,25,43093,卖盘,605303,2025-10-17 22:55:21
10:05:15,17.24,0.01,18,31032,买盘,605303,2025-10-17 22:55:21
10:05:18,17.23,-0.01,2,3446,卖盘,605303,2025-10-17 22:55:21
10:05:24,17.24,0.01,37,63771,买盘,605303,2025-10-17 22:55:21
10:05:30,17.23,-0.01,1,1723,卖盘,605303,2025-10-17 22:55:21
10:05:33,17.23,0.0,6,10338,卖盘,605303,2025-10-17 22:55:21
10:05:36,17.23,0.0,2,3446,买盘,605303,2025-10-17 22:55:21
10:05:39,17.23,0.0,2,3446,买盘,605303,2025-10-17 22:55:21
10:05:42,17.22,-0.01,20,34443,卖盘,605303,2025-10-17 22:55:21
10:05:45,17.23,0.01,15,25841,买盘,605303,2025-10-17 22:55:21
10:05:48,17.23,0.0,44,75811,买盘,605303,2025-10-17 22:55:21
10:05:51,17.23,0.0,6,10338,买盘,605303,2025-10-17 22:55:21
10:05:54,17.23,0.0,2,3447,卖盘,605303,2025-10-17 22:55:21
10:05:57,17.22,-0.01,1,1722,卖盘,605303,2025-10-17 22:55:21
10:06:00,17.23,0.01,11,18953,买盘,605303,2025-10-17 22:55:21
10:06:03,17.22,-0.01,24,41328,卖盘,605303,2025-10-17 22:55:21
10:06:12,17.21,-0.01,7,12047,卖盘,605303,2025-10-17 22:55:21
10:06:21,17.21,0.0,51,87771,卖盘,605303,2025-10-17 22:55:21
10:06:24,17.21,0.0,1,1721,买盘,605303,2025-10-17 22:55:21
10:06:27,17.21,0.0,10,17210,买盘,605303,2025-10-17 22:55:21
10:06:30,17.21,0.0,26,44746,买盘,605303,2025-10-17 22:55:21
10:06:33,17.2,-0.01,59,101481,卖盘,605303,2025-10-17 22:55:21
10:06:36,17.21,0.01,3,5163,买盘,605303,2025-10-17 22:55:21
10:06:39,17.21,0.0,60,103260,买盘,605303,2025-10-17 22:55:21
10:06:42,17.2,-0.01,38,65367,卖盘,605303,2025-10-17 22:55:21
10:06:45,17.2,0.0,46,79120,买盘,605303,2025-10-17 22:55:21
10:06:48,17.21,0.01,43,73973,买盘,605303,2025-10-17 22:55:21
10:06:51,17.21,0.0,5,8605,买盘,605303,2025-10-17 22:55:21
10:06:54,17.21,0.0,6,10321,买盘,605303,2025-10-17 22:55:21
10:06:57,17.21,0.0,5,8602,买盘,605303,2025-10-17 22:55:21
10:07:03,17.2,-0.01,10,17200,卖盘,605303,2025-10-17 22:55:21
10:07:09,17.2,0.0,20,34400,卖盘,605303,2025-10-17 22:55:21
10:07:12,17.2,0.0,1,1720,买盘,605303,2025-10-17 22:55:21
10:07:27,17.19,-0.01,19,32661,卖盘,605303,2025-10-17 22:55:21
10:07:30,17.19,0.0,6,10314,卖盘,605303,2025-10-17 22:55:21
10:07:36,17.19,0.0,5,8595,卖盘,605303,2025-10-17 22:55:21
10:07:39,17.19,0.0,5,8595,卖盘,605303,2025-10-17 22:55:21
10:07:42,17.19,0.0,4,6876,卖盘,605303,2025-10-17 22:55:21
10:07:45,17.19,0.0,14,24066,卖盘,605303,2025-10-17 22:55:21
10:07:48,17.19,0.0,13,22347,卖盘,605303,2025-10-17 22:55:21
10:07:54,17.19,0.0,2,3438,买盘,605303,2025-10-17 22:55:21
10:08:00,17.18,-0.01,10,17180,卖盘,605303,2025-10-17 22:55:21
10:08:06,17.19,0.01,4,6876,买盘,605303,2025-10-17 22:55:21
10:08:12,17.19,0.0,9,15464,买盘,605303,2025-10-17 22:55:21
10:08:15,17.18,-0.01,6,10308,卖盘,605303,2025-10-17 22:55:21
10:08:18,17.18,0.0,5,8590,卖盘,605303,2025-10-17 22:55:21
10:08:24,17.18,0.0,7,12026,卖盘,605303,2025-10-17 22:55:21
10:08:27,17.18,0.0,10,17180,卖盘,605303,2025-10-17 22:55:21
10:08:30,17.16,-0.02,108,185456,卖盘,605303,2025-10-17 22:55:21
10:08:36,17.18,0.02,8,13736,买盘,605303,2025-10-17 22:55:21
10:08:48,17.16,-0.02,1,1716,卖盘,605303,2025-10-17 22:55:21
10:08:51,17.16,0.0,11,18876,买盘,605303,2025-10-17 22:55:21
10:08:54,17.17,0.01,10,17170,买盘,605303,2025-10-17 22:55:21
10:09:00,17.16,-0.01,1,1716,卖盘,605303,2025-10-17 22:55:21
10:09:03,17.18,0.02,13,22331,买盘,605303,2025-10-17 22:55:21
10:09:06,17.16,-0.02,18,30888,卖盘,605303,2025-10-17 22:55:21
10:09:09,17.18,0.02,130,223274,买盘,605303,2025-10-17 22:55:21
10:09:12,17.17,-0.01,23,39491,卖盘,605303,2025-10-17 22:55:21
10:09:15,17.19,0.02,54,92820,买盘,605303,2025-10-17 22:55:21
10:09:18,17.19,0.0,10,17188,买盘,605303,2025-10-17 22:55:21
10:09:21,17.19,0.0,15,25785,买盘,605303,2025-10-17 22:55:21
10:09:24,17.19,0.0,19,32662,卖盘,605303,2025-10-17 22:55:21
10:09:27,17.18,-0.01,14,24052,买盘,605303,2025-10-17 22:55:21
10:09:30,17.2,0.02,9,15464,买盘,605303,2025-10-17 22:55:21
10:09:33,17.18,-0.02,5,8590,卖盘,605303,2025-10-17 22:55:21
10:09:36,17.19,0.01,8,13746,中性盘,605303,2025-10-17 22:55:21
10:09:39,17.19,0.0,2,3438,买盘,605303,2025-10-17 22:55:21
10:09:45,17.19,0.0,1,1719,买盘,605303,2025-10-17 22:55:21
10:09:51,17.19,0.0,5,8595,买盘,605303,2025-10-17 22:55:21
10:09:54,17.18,-0.01,2,3436,卖盘,605303,2025-10-17 22:55:21
10:09:57,17.19,0.01,1,1719,买盘,605303,2025-10-17 22:55:21
10:10:00,17.18,-0.01,1,1718,卖盘,605303,2025-10-17 22:55:21
10:10:15,17.18,0.0,62,106516,卖盘,605303,2025-10-17 22:55:21
10:10:18,17.17,-0.01,12,20604,卖盘,605303,2025-10-17 22:55:21
10:10:24,17.15,-0.02,34,58319,卖盘,605303,2025-10-17 22:55:21
10:10:30,17.14,-0.01,3,5142,卖盘,605303,2025-10-17 22:55:21
10:10:33,17.14,0.0,3,5142,中性盘,605303,2025-10-17 22:55:21
10:10:36,17.13,-0.01,32,54816,卖盘,605303,2025-10-17 22:55:21
10:10:39,17.12,-0.01,13,22266,卖盘,605303,2025-10-17 22:55:21
10:10:42,17.12,0.0,18,30816,卖盘,605303,2025-10-17 22:55:21
10:10:45,17.12,0.0,1,1712,买盘,605303,2025-10-17 22:55:21
10:10:51,17.12,0.0,4,6846,中性盘,605303,2025-10-17 22:55:21
10:10:54,17.1,-0.02,72,123160,卖盘,605303,2025-10-17 22:55:21
10:10:57,17.1,0.0,11,18810,卖盘,605303,2025-10-17 22:55:21
10:11:00,17.11,0.01,23,39347,买盘,605303,2025-10-17 22:55:21
10:11:03,17.11,0.0,11,18818,买盘,605303,2025-10-17 22:55:21
10:11:06,17.11,0.0,8,13688,买盘,605303,2025-10-17 22:55:21
10:11:09,17.11,0.0,25,42777,买盘,605303,2025-10-17 22:55:21
10:11:12,17.11,0.0,9,15403,卖盘,605303,2025-10-17 22:55:21
10:11:15,17.11,0.0,9,15402,卖盘,605303,2025-10-17 22:55:21
10:11:18,17.11,0.0,51,87261,卖盘,605303,2025-10-17 22:55:21
10:11:21,17.1,-0.01,34,58140,卖盘,605303,2025-10-17 22:55:21
10:11:24,17.1,0.0,73,124876,卖盘,605303,2025-10-17 22:55:21
10:11:27,17.1,0.0,81,138510,卖盘,605303,2025-10-17 22:55:21
10:11:33,17.08,-0.02,1,1708,卖盘,605303,2025-10-17 22:55:21
10:11:36,17.06,-0.02,2,3412,卖盘,605303,2025-10-17 22:55:21
10:11:39,17.06,0.0,74,126244,卖盘,605303,2025-10-17 22:55:21
10:11:42,17.06,0.0,155,264430,卖盘,605303,2025-10-17 22:55:21
10:11:45,17.05,-0.01,9,15346,卖盘,605303,2025-10-17 22:55:21
10:11:48,17.03,-0.02,12,20436,卖盘,605303,2025-10-17 22:55:21
10:11:54,17.06,0.03,27,46062,买盘,605303,2025-10-17 22:55:21
10:11:57,17.06,0.0,15,25592,卖盘,605303,2025-10-17 22:55:21
10:12:00,17.06,0.0,3,5118,卖盘,605303,2025-10-17 22:55:21
10:12:03,17.06,0.0,4,6824,卖盘,605303,2025-10-17 22:55:21
10:12:06,17.06,0.0,21,35826,卖盘,605303,2025-10-17 22:55:21
10:12:09,17.06,0.0,95,162124,卖盘,605303,2025-10-17 22:55:21
10:12:12,17.06,0.0,1,1706,买盘,605303,2025-10-17 22:55:21
10:12:15,17.06,0.0,36,61411,买盘,605303,2025-10-17 22:55:21
10:12:18,17.05,-0.01,11,18762,卖盘,605303,2025-10-17 22:55:21
10:12:21,17.05,0.0,10,17050,卖盘,605303,2025-10-17 22:55:21
10:12:24,17.06,0.01,5,8528,买盘,605303,2025-10-17 22:55:21
10:12:27,17.06,0.0,27,46051,买盘,605303,2025-10-17 22:55:21
10:12:30,17.08,0.02,28,47821,买盘,605303,2025-10-17 22:55:21
10:12:33,17.08,0.0,11,18788,买盘,605303,2025-10-17 22:55:21
10:12:36,17.07,-0.01,18,30727,卖盘,605303,2025-10-17 22:55:21
10:12:39,17.07,0.0,4,6825,买盘,605303,2025-10-17 22:55:21
10:12:42,17.07,0.0,7,11948,买盘,605303,2025-10-17 22:55:21
10:12:45,17.08,0.01,28,47818,买盘,605303,2025-10-17 22:55:21
10:12:48,17.09,0.01,3,5127,买盘,605303,2025-10-17 22:55:21
10:12:57,17.09,0.0,2,3418,买盘,605303,2025-10-17 22:55:21
10:13:00,17.09,0.0,1,1709,卖盘,605303,2025-10-17 22:55:21
10:13:03,17.09,0.0,8,13672,卖盘,605303,2025-10-17 22:55:21
10:13:06,17.1,0.01,46,78660,买盘,605303,2025-10-17 22:55:21
10:13:09,17.1,0.0,10,17104,卖盘,605303,2025-10-17 22:55:21
10:13:12,17.12,0.02,10,17120,买盘,605303,2025-10-17 22:55:21
10:13:21,17.15,0.03,8,13713,买盘,605303,2025-10-17 22:55:21
10:13:24,17.15,0.0,1,1715,买盘,605303,2025-10-17 22:55:21
10:13:27,17.14,-0.01,46,78844,卖盘,605303,2025-10-17 22:55:21
10:13:30,17.14,0.0,4,6856,买盘,605303,2025-10-17 22:55:21
10:13:33,17.14,0.0,5,8570,买盘,605303,2025-10-17 22:55:21
10:13:36,17.11,-0.03,3,5133,卖盘,605303,2025-10-17 22:55:21
10:13:42,17.11,0.0,1,1711,卖盘,605303,2025-10-17 22:55:21
10:13:45,17.14,0.03,37,63418,买盘,605303,2025-10-17 22:55:21
10:14:00,17.14,0.0,17,29138,买盘,605303,2025-10-17 22:55:21
10:14:03,17.14,0.0,18,30852,买盘,605303,2025-10-17 22:55:21
10:14:06,17.15,0.01,11,18865,买盘,605303,2025-10-17 22:55:21
10:14:18,17.15,0.0,46,78881,买盘,605303,2025-10-17 22:55:21
10:14:21,17.15,0.0,21,36015,卖盘,605303,2025-10-17 22:55:21
10:14:24,17.15,0.0,3,5145,卖盘,605303,2025-10-17 22:55:21
10:14:27,17.15,0.0,2,3430,卖盘,605303,2025-10-17 22:55:21
10:14:30,17.15,0.0,118,202370,卖盘,605303,2025-10-17 22:55:21
10:14:33,17.12,-0.03,3,5136,卖盘,605303,2025-10-17 22:55:21
10:14:42,17.14,0.02,8,13708,买盘,605303,2025-10-17 22:55:21
10:14:45,17.12,-0.02,14,23968,卖盘,605303,2025-10-17 22:55:21
10:14:48,17.12,0.0,8,13696,卖盘,605303,2025-10-17 22:55:21
10:14:57,17.12,0.0,16,27392,卖盘,605303,2025-10-17 22:55:21
10:15:06,17.11,-0.01,14,23954,卖盘,605303,2025-10-17 22:55:21
10:15:18,17.1,-0.01,1,1710,卖盘,605303,2025-10-17 22:55:21
10:15:21,17.1,0.0,7,11970,卖盘,605303,2025-10-17 22:55:21
10:15:24,17.11,0.01,27,46189,买盘,605303,2025-10-17 22:55:21
10:15:36,17.1,-0.01,10,17104,卖盘,605303,2025-10-17 22:55:21
10:15:42,17.1,0.0,18,30780,卖盘,605303,2025-10-17 22:55:21
10:15:45,17.12,0.02,15,25680,买盘,605303,2025-10-17 22:55:21
10:15:48,17.12,0.0,1,1712,买盘,605303,2025-10-17 22:55:21
10:15:57,17.11,-0.01,3,5133,卖盘,605303,2025-10-17 22:55:21
10:16:00,17.1,-0.01,8,13680,卖盘,605303,2025-10-17 22:55:21
10:16:03,17.1,0.0,14,23940,卖盘,605303,2025-10-17 22:55:21
10:16:09,17.1,0.0,2,3420,买盘,605303,2025-10-17 22:55:21
10:16:18,17.09,-0.01,12,20508,卖盘,605303,2025-10-17 22:55:21
10:16:27,17.09,0.0,20,34164,买盘,605303,2025-10-17 22:55:21
10:16:39,17.09,0.0,4,6836,买盘,605303,2025-10-17 22:55:21
10:16:42,17.08,-0.01,10,17080,卖盘,605303,2025-10-17 22:55:21
10:16:45,17.08,0.0,2,3416,买盘,605303,2025-10-17 22:55:21
10:16:48,17.07,-0.01,64,109241,中性盘,605303,2025-10-17 22:55:21
10:16:51,17.06,-0.01,8,13650,卖盘,605303,2025-10-17 22:55:21
10:16:54,17.07,0.01,1,1707,卖盘,605303,2025-10-17 22:55:21
10:17:00,17.07,0.0,14,23902,卖盘,605303,2025-10-17 22:55:21
10:17:03,17.05,-0.02,64,109160,卖盘,605303,2025-10-17 22:55:21
10:17:06,17.07,0.02,3,5119,买盘,605303,2025-10-17 22:55:21
10:17:09,17.07,0.0,2,3414,卖盘,605303,2025-10-17 22:55:21
10:17:12,17.06,-0.01,12,20479,卖盘,605303,2025-10-17 22:55:21
10:17:15,17.07,0.01,32,54615,卖盘,605303,2025-10-17 22:55:21
10:17:18,17.07,0.0,23,39261,买盘,605303,2025-10-17 22:55:21
10:17:21,17.08,0.01,53,90482,买盘,605303,2025-10-17 22:55:21
10:17:24,17.09,0.01,35,59772,买盘,605303,2025-10-17 22:55:21
10:17:27,17.09,0.0,3,5127,买盘,605303,2025-10-17 22:55:21
10:17:36,17.1,0.01,8,13680,买盘,605303,2025-10-17 22:55:21
10:17:39,17.1,0.0,8,13680,买盘,605303,2025-10-17 22:55:21
10:17:42,17.1,0.0,23,39330,买盘,605303,2025-10-17 22:55:21
10:17:45,17.09,-0.01,13,22220,卖盘,605303,2025-10-17 22:55:21
10:17:54,17.11,0.02,6,10266,买盘,605303,2025-10-17 22:55:21
10:17:57,17.11,0.0,24,41056,买盘,605303,2025-10-17 22:55:21
10:18:00,17.11,0.0,22,37642,买盘,605303,2025-10-17 22:55:21
10:18:03,17.11,0.0,5,8555,买盘,605303,2025-10-17 22:55:21
10:18:06,17.11,0.0,17,29087,买盘,605303,2025-10-17 22:55:21
10:18:09,17.11,0.0,23,39353,买盘,605303,2025-10-17 22:55:21
10:18:15,17.12,0.01,1,1712,买盘,605303,2025-10-17 22:55:21
10:18:18,17.12,0.0,2,3424,买盘,605303,2025-10-17 22:55:21
10:18:21,17.12,0.0,6,10272,买盘,605303,2025-10-17 22:55:21
10:18:30,17.11,-0.01,2,3422,卖盘,605303,2025-10-17 22:55:21
10:18:33,17.12,0.01,3,5136,买盘,605303,2025-10-17 22:55:21
10:18:45,17.12,0.0,7,11984,买盘,605303,2025-10-17 22:55:21
10:18:48,17.11,-0.01,2,3422,卖盘,605303,2025-10-17 22:55:21
10:18:51,17.12,0.01,5,8560,买盘,605303,2025-10-17 22:55:21
10:18:54,17.12,0.0,7,11984,买盘,605303,2025-10-17 22:55:21
10:19:03,17.14,0.02,3,5142,买盘,605303,2025-10-17 22:55:21
10:19:09,17.13,-0.01,13,22281,卖盘,605303,2025-10-17 22:55:21
10:19:21,17.13,0.0,3,5139,买盘,605303,2025-10-17 22:55:21
10:19:39,17.13,0.0,4,6852,买盘,605303,2025-10-17 22:55:21
10:19:42,17.13,0.0,19,32559,买盘,605303,2025-10-17 22:55:21
10:19:45,17.14,0.01,10,17140,买盘,605303,2025-10-17 22:55:21
10:19:48,17.15,0.01,2,3430,买盘,605303,2025-10-17 22:55:21
10:19:54,17.15,0.0,1,1715,买盘,605303,2025-10-17 22:55:21
10:19:57,17.15,0.0,4,6860,买盘,605303,2025-10-17 22:55:21
10:20:00,17.15,0.0,3,5145,买盘,605303,2025-10-17 22:55:21
10:20:06,17.16,0.01,8,13728,买盘,605303,2025-10-17 22:55:21
10:20:09,17.17,0.01,3,5149,买盘,605303,2025-10-17 22:55:21
10:20:12,17.17,0.0,4,6868,买盘,605303,2025-10-17 22:55:21
10:20:24,17.19,0.02,10,17190,买盘,605303,2025-10-17 22:55:21
10:20:27,17.19,0.0,3,5157,买盘,605303,2025-10-17 22:55:21
10:20:30,17.19,0.0,4,6876,买盘,605303,2025-10-17 22:55:21
10:20:33,17.19,0.0,1,1719,买盘,605303,2025-10-17 22:55:21
10:20:36,17.19,0.0,15,25785,买盘,605303,2025-10-17 22:55:21
10:20:45,17.19,0.0,5,8595,卖盘,605303,2025-10-17 22:55:21
10:20:48,17.2,0.01,10,17200,买盘,605303,2025-10-17 22:55:21
10:20:57,17.2,0.0,3,5160,买盘,605303,2025-10-17 22:55:21
10:21:00,17.19,-0.01,1,1719,卖盘,605303,2025-10-17 22:55:21
10:21:03,17.19,0.0,26,44701,卖盘,605303,2025-10-17 22:55:21
10:21:06,17.2,0.01,37,63605,买盘,605303,2025-10-17 22:55:21
10:21:09,17.19,-0.01,6,10315,卖盘,605303,2025-10-17 22:55:21
10:21:12,17.19,0.0,8,13752,卖盘,605303,2025-10-17 22:55:21
10:21:15,17.18,-0.01,3,5154,卖盘,605303,2025-10-17 22:55:21
10:21:18,17.19,0.01,52,89388,买盘,605303,2025-10-17 22:55:21
10:21:21,17.2,0.01,6,10319,买盘,605303,2025-10-17 22:55:21
10:21:24,17.2,0.0,2,3440,买盘,605303,2025-10-17 22:55:21
10:21:27,17.19,-0.01,4,6876,卖盘,605303,2025-10-17 22:55:21
10:21:33,17.2,0.01,21,36100,买盘,605303,2025-10-17 22:55:21
10:21:36,17.2,0.0,1,1720,买盘,605303,2025-10-17 22:55:21
10:21:42,17.19,-0.01,2,3438,买盘,605303,2025-10-17 22:55:21
10:21:45,17.2,0.01,6,10319,买盘,605303,2025-10-17 22:55:21
10:21:51,17.19,-0.01,2,3438,卖盘,605303,2025-10-17 22:55:21
10:21:54,17.2,0.01,58,99760,买盘,605303,2025-10-17 22:55:21
10:21:57,17.2,0.0,81,139320,买盘,605303,2025-10-17 22:55:21
10:22:00,17.2,0.0,49,84280,买盘,605303,2025-10-17 22:55:21
10:22:03,17.2,0.0,6,10320,买盘,605303,2025-10-17 22:55:21
10:22:06,17.2,0.0,9,15480,买盘,605303,2025-10-17 22:55:21
10:22:09,17.2,0.0,3,5160,买盘,605303,2025-10-17 22:55:21
10:22:12,17.21,0.01,7,12042,买盘,605303,2025-10-17 22:55:21
10:22:15,17.2,-0.01,10,17200,卖盘,605303,2025-10-17 22:55:21
10:22:24,17.21,0.01,8,13768,买盘,605303,2025-10-17 22:55:21
10:22:27,17.21,0.0,8,13767,买盘,605303,2025-10-17 22:55:21
10:22:30,17.2,-0.01,14,24082,卖盘,605303,2025-10-17 22:55:21
10:22:36,17.21,0.01,9,15481,买盘,605303,2025-10-17 22:55:21
10:22:42,17.2,-0.01,1,1720,卖盘,605303,2025-10-17 22:55:21
10:22:45,17.19,-0.01,37,63637,卖盘,605303,2025-10-17 22:55:21
10:22:48,17.2,0.01,5,8600,买盘,605303,2025-10-17 22:55:21
10:22:51,17.2,0.0,7,12040,卖盘,605303,2025-10-17 22:55:21
10:23:00,17.19,-0.01,6,10314,卖盘,605303,2025-10-17 22:55:21
10:23:03,17.18,-0.01,1,1718,卖盘,605303,2025-10-17 22:55:21
10:23:06,17.18,0.0,9,15462,买盘,605303,2025-10-17 22:55:21
10:23:18,17.18,0.0,2,3436,卖盘,605303,2025-10-17 22:55:21
10:23:24,17.18,0.0,1,1718,卖盘,605303,2025-10-17 22:55:21
10:23:27,17.18,0.0,8,13744,卖盘,605303,2025-10-17 22:55:21
10:23:30,17.18,0.0,2,3436,卖盘,605303,2025-10-17 22:55:21
10:23:33,17.18,0.0,6,10308,买盘,605303,2025-10-17 22:55:21
10:23:36,17.18,0.0,15,25770,买盘,605303,2025-10-17 22:55:21
10:23:39,17.2,0.02,25,42977,买盘,605303,2025-10-17 22:55:21
10:23:42,17.19,-0.01,6,10314,卖盘,605303,2025-10-17 22:55:21
10:23:45,17.2,0.01,1,1720,买盘,605303,2025-10-17 22:55:21
10:23:48,17.2,0.0,3,5160,买盘,605303,2025-10-17 22:55:21
10:23:54,17.19,-0.01,1,1719,卖盘,605303,2025-10-17 22:55:21
10:24:00,17.2,0.01,16,27505,买盘,605303,2025-10-17 22:55:21
10:24:06,17.21,0.01,83,142762,买盘,605303,2025-10-17 22:55:21
10:24:09,17.21,0.0,39,67119,买盘,605303,2025-10-17 22:55:21
10:24:12,17.21,0.0,36,61956,买盘,605303,2025-10-17 22:55:21
10:24:15,17.21,0.0,3,5163,买盘,605303,2025-10-17 22:55:21
10:24:18,17.21,0.0,19,32695,买盘,605303,2025-10-17 22:55:21
10:24:24,17.21,0.0,12,20647,买盘,605303,2025-10-17 22:55:21
10:24:27,17.21,0.0,2,3442,买盘,605303,2025-10-17 22:55:21
10:24:30,17.21,0.0,45,77445,买盘,605303,2025-10-17 22:55:21
10:24:33,17.21,0.0,22,37862,买盘,605303,2025-10-17 22:55:21
10:24:36,17.21,0.0,16,27536,买盘,605303,2025-10-17 22:55:21
10:24:45,17.21,0.0,20,34420,买盘,605303,2025-10-17 22:55:21
10:24:51,17.21,0.0,9,15490,卖盘,605303,2025-10-17 22:55:21
10:24:57,17.21,0.0,1,1721,买盘,605303,2025-10-17 22:55:21
10:25:00,17.21,0.0,2,3442,买盘,605303,2025-10-17 22:55:21
10:25:03,17.2,-0.01,12,20640,卖盘,605303,2025-10-17 22:55:21
10:25:06,17.2,0.0,10,17200,卖盘,605303,2025-10-17 22:55:21
10:25:15,17.2,0.0,56,96320,卖盘,605303,2025-10-17 22:55:21
10:25:18,17.18,-0.02,22,37798,卖盘,605303,2025-10-17 22:55:21
10:25:21,17.18,0.0,19,32643,卖盘,605303,2025-10-17 22:55:21
10:25:27,17.18,0.0,1,1718,买盘,605303,2025-10-17 22:55:21
10:25:30,17.17,-0.01,26,44648,卖盘,605303,2025-10-17 22:55:21
10:25:36,17.17,0.0,9,15453,买盘,605303,2025-10-17 22:55:21
10:25:39,17.17,0.0,5,8585,买盘,605303,2025-10-17 22:55:21
10:25:45,17.17,0.0,4,6867,买盘,605303,2025-10-17 22:55:21
10:25:51,17.16,-0.01,9,15445,卖盘,605303,2025-10-17 22:55:21
10:25:57,17.16,0.0,8,13728,卖盘,605303,2025-10-17 22:55:21
10:26:03,17.16,0.0,25,42900,买盘,605303,2025-10-17 22:55:21
10:26:06,17.16,0.0,2,3432,买盘,605303,2025-10-17 22:55:21
10:26:09,17.17,0.01,22,37766,买盘,605303,2025-10-17 22:55:21
10:26:12,17.18,0.01,42,72117,买盘,605303,2025-10-17 22:55:21
10:26:15,17.17,-0.01,10,17170,卖盘,605303,2025-10-17 22:55:21
10:26:24,17.17,0.0,8,13736,卖盘,605303,2025-10-17 22:55:21
10:26:27,17.18,0.01,7,12024,买盘,605303,2025-10-17 22:55:21
10:26:33,17.18,0.0,48,82464,买盘,605303,2025-10-17 22:55:21
10:26:36,17.17,-0.01,28,48097,卖盘,605303,2025-10-17 22:55:21
10:26:45,17.17,0.0,59,101304,卖盘,605303,2025-10-17 22:55:21
10:26:54,17.16,-0.01,17,29172,卖盘,605303,2025-10-17 22:55:21
10:26:57,17.16,0.0,1,1716,买盘,605303,2025-10-17 22:55:21
10:27:00,17.15,-0.01,5,8575,卖盘,605303,2025-10-17 22:55:21
10:27:03,17.15,0.0,3,5145,买盘,605303,2025-10-17 22:55:21
10:27:06,17.16,0.01,5,8579,买盘,605303,2025-10-17 22:55:21
10:27:15,17.16,0.0,8,13723,买盘,605303,2025-10-17 22:55:21
10:27:18,17.16,0.0,1,1716,买盘,605303,2025-10-17 22:55:21
10:27:21,17.16,0.0,22,37743,买盘,605303,2025-10-17 22:55:21
10:27:33,17.16,0.0,1,1716,卖盘,605303,2025-10-17 22:55:21
10:27:39,17.17,0.01,5,8585,买盘,605303,2025-10-17 22:55:21
10:27:42,17.16,-0.01,3,5148,卖盘,605303,2025-10-17 22:55:21
10:27:51,17.17,0.01,12,20604,买盘,605303,2025-10-17 22:55:21
10:27:54,17.17,0.0,2,3434,买盘,605303,2025-10-17 22:55:21
10:28:03,17.17,0.0,1,1717,买盘,605303,2025-10-17 22:55:21
10:28:06,17.17,0.0,3,5151,买盘,605303,2025-10-17 22:55:21
10:28:12,17.17,0.0,12,20604,买盘,605303,2025-10-17 22:55:21
10:28:15,17.17,0.0,3,5151,买盘,605303,2025-10-17 22:55:21
10:28:18,17.17,0.0,14,24038,买盘,605303,2025-10-17 22:55:21
10:28:21,17.17,0.0,1,1717,买盘,605303,2025-10-17 22:55:21
10:28:24,17.17,0.0,4,6868,买盘,605303,2025-10-17 22:55:21
10:28:33,17.17,0.0,4,6868,买盘,605303,2025-10-17 22:55:21
10:28:36,17.17,0.0,4,6868,买盘,605303,2025-10-17 22:55:21
10:28:39,17.17,0.0,3,5151,买盘,605303,2025-10-17 22:55:21
10:28:57,17.16,-0.01,44,75504,卖盘,605303,2025-10-17 22:55:21
10:29:00,17.16,0.0,2,3432,卖盘,605303,2025-10-17 22:55:21
10:29:06,17.16,0.0,63,108110,卖盘,605303,2025-10-17 22:55:21
10:29:09,17.16,0.0,19,32588,买盘,605303,2025-10-17 22:55:21
10:29:12,17.16,0.0,2,3431,买盘,605303,2025-10-17 22:55:21
10:29:21,17.15,-0.01,19,32585,卖盘,605303,2025-10-17 22:55:21
10:29:24,17.16,0.01,67,114925,买盘,605303,2025-10-17 22:55:21
10:29:27,17.16,0.0,27,46332,买盘,605303,2025-10-17 22:55:21
10:29:30,17.16,0.0,30,51509,卖盘,605303,2025-10-17 22:55:21
10:29:33,17.16,0.0,8,13728,卖盘,605303,2025-10-17 22:55:21
10:29:36,17.21,0.05,151,259410,买盘,605303,2025-10-17 22:55:21
10:29:39,17.2,-0.01,18,30965,卖盘,605303,2025-10-17 22:55:21
10:29:42,17.21,0.01,40,68810,买盘,605303,2025-10-17 22:55:21
10:29:45,17.21,0.0,5,8605,买盘,605303,2025-10-17 22:55:21
10:29:54,17.21,0.0,1,1721,买盘,605303,2025-10-17 22:55:21
10:29:57,17.21,0.0,2,3442,买盘,605303,2025-10-17 22:55:21
10:30:00,17.2,-0.01,5,8600,卖盘,605303,2025-10-17 22:55:21
10:30:03,17.21,0.01,20,34402,买盘,605303,2025-10-17 22:55:21
10:30:06,17.21,0.0,9,15489,买盘,605303,2025-10-17 22:55:21
10:30:12,17.2,-0.01,5,8600,卖盘,605303,2025-10-17 22:55:21
10:30:15,17.2,0.0,12,20640,买盘,605303,2025-10-17 22:55:21
10:30:18,17.21,0.01,7,12043,买盘,605303,2025-10-17 22:55:21
10:30:21,17.21,0.0,16,27536,买盘,605303,2025-10-17 22:55:21
10:30:24,17.21,0.0,1,1721,买盘,605303,2025-10-17 22:55:21
10:30:27,17.21,0.0,4,6884,买盘,605303,2025-10-17 22:55:21
10:30:30,17.22,0.01,4,6885,买盘,605303,2025-10-17 22:55:21
10:30:33,17.22,0.0,13,22386,买盘,605303,2025-10-17 22:55:21
10:30:36,17.23,0.01,2,3446,买盘,605303,2025-10-17 22:55:21
10:30:39,17.23,0.0,14,24122,买盘,605303,2025-10-17 22:55:21
10:30:45,17.24,0.01,1,1724,买盘,605303,2025-10-17 22:55:21
10:30:48,17.23,-0.01,5,8615,卖盘,605303,2025-10-17 22:55:21
10:30:54,17.24,0.01,5,8620,买盘,605303,2025-10-17 22:55:21
10:30:57,17.23,-0.01,5,8615,卖盘,605303,2025-10-17 22:55:21
10:31:00,17.24,0.01,3,5172,买盘,605303,2025-10-17 22:55:21
10:31:03,17.24,0.0,1,1724,买盘,605303,2025-10-17 22:55:21
10:31:06,17.24,0.0,5,8620,买盘,605303,2025-10-17 22:55:21
10:31:09,17.24,0.0,1,1724,买盘,605303,2025-10-17 22:55:21
10:31:12,17.24,0.0,3,5172,买盘,605303,2025-10-17 22:55:21
10:31:18,17.24,0.0,14,24136,买盘,605303,2025-10-17 22:55:21
10:31:21,17.24,0.0,30,51720,买盘,605303,2025-10-17 22:55:21
10:31:24,17.24,0.0,7,12068,买盘,605303,2025-10-17 22:55:21
10:31:30,17.24,0.0,5,8620,买盘,605303,2025-10-17 22:55:21
10:31:33,17.24,0.0,22,37928,买盘,605303,2025-10-17 22:55:21
10:31:39,17.24,0.0,5,8620,卖盘,605303,2025-10-17 22:55:21
10:31:42,17.27,0.03,149,257088,买盘,605303,2025-10-17 22:55:21
10:31:45,17.28,0.01,71,122680,买盘,605303,2025-10-17 22:55:21
10:31:48,17.29,0.01,56,96824,买盘,605303,2025-10-17 22:55:21
10:31:51,17.3,0.01,21,36311,买盘,605303,2025-10-17 22:55:21
10:31:54,17.29,-0.01,15,25935,卖盘,605303,2025-10-17 22:55:21
10:31:57,17.3,0.01,37,64010,买盘,605303,2025-10-17 22:55:21
10:32:00,17.3,0.0,19,32870,买盘,605303,2025-10-17 22:55:21
10:32:03,17.29,-0.01,14,24209,卖盘,605303,2025-10-17 22:55:21
10:32:06,17.3,0.01,31,53630,买盘,605303,2025-10-17 22:55:21
10:32:09,17.3,0.0,147,254310,买盘,605303,2025-10-17 22:55:21
10:32:12,17.33,0.03,6,10397,买盘,605303,2025-10-17 22:55:21
10:32:15,17.33,0.0,74,128294,买盘,605303,2025-10-17 22:55:21
10:32:18,17.36,0.03,11,19096,买盘,605303,2025-10-17 22:55:21
10:32:21,17.38,0.02,37,64276,买盘,605303,2025-10-17 22:55:21
10:32:24,17.37,-0.01,49,85124,卖盘,605303,2025-10-17 22:55:21
10:32:27,17.34,-0.03,60,104095,卖盘,605303,2025-10-17 22:55:21
10:32:30,17.34,0.0,4,6936,买盘,605303,2025-10-17 22:55:21
10:32:33,17.33,-0.01,11,19089,中性盘,605303,2025-10-17 22:55:21
10:32:36,17.34,0.01,6,10404,买盘,605303,2025-10-17 22:55:21
10:32:39,17.33,-0.01,7,12131,卖盘,605303,2025-10-17 22:55:21
10:32:42,17.33,0.0,5,8665,买盘,605303,2025-10-17 22:55:21
10:32:48,17.32,-0.01,8,13856,中性盘,605303,2025-10-17 22:55:21
10:32:51,17.31,-0.01,11,19033,卖盘,605303,2025-10-17 22:55:21
10:33:00,17.3,-0.01,2,3460,买盘,605303,2025-10-17 22:55:21
10:33:09,17.29,-0.01,1,1729,买盘,605303,2025-10-17 22:55:21
10:33:12,17.29,0.0,1,1729,卖盘,605303,2025-10-17 22:55:21
10:33:15,17.3,0.01,17,29410,买盘,605303,2025-10-17 22:55:21
10:33:18,17.33,0.03,106,183615,买盘,605303,2025-10-17 22:55:21
10:33:21,17.31,-0.02,8,13860,卖盘,605303,2025-10-17 22:55:21
10:33:24,17.33,0.02,3,5199,买盘,605303,2025-10-17 22:55:21
10:33:27,17.32,-0.01,3,5196,卖盘,605303,2025-10-17 22:55:21
10:33:30,17.33,0.01,33,57179,买盘,605303,2025-10-17 22:55:21
10:33:36,17.31,-0.02,5,8658,卖盘,605303,2025-10-17 22:55:21
10:33:39,17.3,-0.01,17,29404,卖盘,605303,2025-10-17 22:55:21
10:33:45,17.3,0.0,4,6917,买盘,605303,2025-10-17 22:55:21
10:33:48,17.29,-0.01,6,10376,卖盘,605303,2025-10-17 22:55:21
10:33:51,17.3,0.01,7,12110,买盘,605303,2025-10-17 22:55:21
10:33:54,17.3,0.0,4,6920,买盘,605303,2025-10-17 22:55:21
10:34:00,17.29,-0.01,1,1729,卖盘,605303,2025-10-17 22:55:21
10:34:06,17.3,0.01,39,67470,买盘,605303,2025-10-17 22:55:21
10:34:09,17.3,0.0,24,41510,买盘,605303,2025-10-17 22:55:21
10:34:12,17.3,0.0,51,88230,买盘,605303,2025-10-17 22:55:21
10:34:15,17.3,0.0,17,29416,卖盘,605303,2025-10-17 22:55:21
10:34:18,17.31,0.01,8,13842,买盘,605303,2025-10-17 22:55:21
10:34:21,17.3,-0.01,19,32870,卖盘,605303,2025-10-17 22:55:21
10:34:24,17.3,0.0,22,38060,卖盘,605303,2025-10-17 22:55:21
10:34:30,17.3,0.0,1,1730,买盘,605303,2025-10-17 22:55:21
10:34:33,17.29,-0.01,4,6916,卖盘,605303,2025-10-17 22:55:21
10:34:39,17.29,0.0,1,1729,卖盘,605303,2025-10-17 22:55:21
10:34:42,17.29,0.0,147,254163,卖盘,605303,2025-10-17 22:55:21
10:34:45,17.28,-0.01,103,178059,卖盘,605303,2025-10-17 22:55:21
10:34:48,17.29,0.01,1,1729,买盘,605303,2025-10-17 22:55:21
10:34:51,17.31,0.02,249,430803,买盘,605303,2025-10-17 22:55:21
10:34:54,17.31,0.0,9,15578,买盘,605303,2025-10-17 22:55:21
10:35:00,17.3,-0.01,4,6920,卖盘,605303,2025-10-17 22:55:21
10:35:06,17.3,0.0,39,67470,买盘,605303,2025-10-17 22:55:21
10:35:12,17.3,0.0,32,55332,买盘,605303,2025-10-17 22:55:21
10:35:15,17.3,0.0,1,1730,中性盘,605303,2025-10-17 22:55:21
10:35:24,17.3,0.0,30,51900,卖盘,605303,2025-10-17 22:55:21
10:35:27,17.3,0.0,6,10380,卖盘,605303,2025-10-17 22:55:21
10:35:33,17.3,0.0,12,20760,买盘,605303,2025-10-17 22:55:21
10:35:36,17.3,0.0,10,17299,买盘,605303,2025-10-17 22:55:21
10:35:39,17.3,0.0,12,20760,买盘,605303,2025-10-17 22:55:21
10:35:48,17.3,0.0,20,34600,买盘,605303,2025-10-17 22:55:21
10:35:51,17.3,0.0,5,8650,买盘,605303,2025-10-17 22:55:21
10:35:57,17.3,0.0,9,15577,卖盘,605303,2025-10-17 22:55:21
10:36:06,17.3,0.0,3,5190,卖盘,605303,2025-10-17 22:55:21
10:36:09,17.29,-0.01,7,12107,卖盘,605303,2025-10-17 22:55:21
10:36:15,17.3,0.01,31,53630,买盘,605303,2025-10-17 22:55:21
10:36:21,17.29,-0.01,9,15561,卖盘,605303,2025-10-17 22:55:21
10:36:33,17.28,-0.01,5,8640,卖盘,605303,2025-10-17 22:55:21
10:36:42,17.28,0.0,1,1728,买盘,605303,2025-10-17 22:55:21
10:36:45,17.28,0.0,1,1728,买盘,605303,2025-10-17 22:55:21
10:36:57,17.27,-0.01,16,27640,卖盘,605303,2025-10-17 22:55:21
10:37:00,17.27,0.0,4,6908,买盘,605303,2025-10-17 22:55:21
10:37:03,17.25,-0.02,54,93162,卖盘,605303,2025-10-17 22:55:21
10:37:09,17.27,0.02,1,1727,买盘,605303,2025-10-17 22:55:21
10:37:12,17.25,-0.02,42,72451,卖盘,605303,2025-10-17 22:55:21
10:37:15,17.25,0.0,60,103500,买盘,605303,2025-10-17 22:55:21
10:37:18,17.25,0.0,15,25875,买盘,605303,2025-10-17 22:55:21
10:37:21,17.24,-0.01,13,22412,卖盘,605303,2025-10-17 22:55:21
10:37:24,17.25,0.01,2,3450,买盘,605303,2025-10-17 22:55:21
10:37:30,17.25,0.0,3,5175,买盘,605303,2025-10-17 22:55:21
10:37:33,17.25,0.0,3,5175,买盘,605303,2025-10-17 22:55:21
10:37:36,17.25,0.0,2,3450,买盘,605303,2025-10-17 22:55:21
10:37:39,17.25,0.0,3,5175,买盘,605303,2025-10-17 22:55:21
10:37:42,17.25,0.0,119,205177,买盘,605303,2025-10-17 22:55:21
10:37:45,17.25,0.0,17,29325,卖盘,605303,2025-10-17 22:55:21
10:37:48,17.24,-0.01,6,10345,卖盘,605303,2025-10-17 22:55:21
10:38:00,17.24,0.0,2,3448,买盘,605303,2025-10-17 22:55:21
10:38:03,17.23,-0.01,6,10338,卖盘,605303,2025-10-17 22:55:21
10:38:21,17.22,-0.01,3,5167,卖盘,605303,2025-10-17 22:55:21
10:38:27,17.23,0.01,3,5169,买盘,605303,2025-10-17 22:55:21
10:38:30,17.23,0.0,4,6892,买盘,605303,2025-10-17 22:55:21
10:38:33,17.23,0.0,3,5169,买盘,605303,2025-10-17 22:55:21
10:38:36,17.23,0.0,1,1723,买盘,605303,2025-10-17 22:55:21
10:38:39,17.24,0.01,16,27584,买盘,605303,2025-10-17 22:55:21
10:38:42,17.23,-0.01,15,25850,卖盘,605303,2025-10-17 22:55:21
10:38:48,17.3,0.07,171,295351,买盘,605303,2025-10-17 22:55:21
10:38:51,17.26,-0.04,10,17260,中性盘,605303,2025-10-17 22:55:21
10:38:54,17.29,0.03,26,44954,中性盘,605303,2025-10-17 22:55:21
10:38:57,17.29,0.0,29,50141,卖盘,605303,2025-10-17 22:55:21
10:39:00,17.3,0.01,2,3460,买盘,605303,2025-10-17 22:55:21
10:39:03,17.29,-0.01,30,51870,卖盘,605303,2025-10-17 22:55:21
10:39:12,17.28,-0.01,6,10368,卖盘,605303,2025-10-17 22:55:21
10:39:15,17.28,0.0,3,5184,买盘,605303,2025-10-17 22:55:21
10:39:21,17.28,0.0,4,6912,买盘,605303,2025-10-17 22:55:21
10:39:30,17.28,0.0,2,3456,买盘,605303,2025-10-17 22:55:21
10:39:36,17.27,-0.01,8,13816,卖盘,605303,2025-10-17 22:55:21
10:39:45,17.27,0.0,11,18997,卖盘,605303,2025-10-17 22:55:21
10:39:48,17.27,0.0,10,17270,买盘,605303,2025-10-17 22:55:21
10:40:00,17.28,0.01,2,3456,买盘,605303,2025-10-17 22:55:21
10:40:09,17.29,0.01,21,36299,买盘,605303,2025-10-17 22:55:21
10:40:12,17.3,0.01,11,19030,买盘,605303,2025-10-17 22:55:21
10:40:15,17.31,0.01,109,188570,买盘,605303,2025-10-17 22:55:21
10:40:18,17.31,0.0,8,13847,买盘,605303,2025-10-17 22:55:21
10:40:24,17.31,0.0,49,84819,买盘,605303,2025-10-17 22:55:21
10:40:27,17.31,0.0,110,190410,买盘,605303,2025-10-17 22:55:21
10:40:30,17.31,0.0,10,17310,买盘,605303,2025-10-17 22:55:21
10:40:33,17.31,0.0,83,143671,买盘,605303,2025-10-17 22:55:21
10:40:36,17.31,0.0,16,27696,买盘,605303,2025-10-17 22:55:21
10:40:39,17.31,0.0,10,17310,买盘,605303,2025-10-17 22:55:21
10:40:42,17.32,0.01,10,17320,买盘,605303,2025-10-17 22:55:21
10:40:48,17.33,0.01,6,10398,买盘,605303,2025-10-17 22:55:21
10:40:51,17.34,0.01,28,48530,买盘,605303,2025-10-17 22:55:21
10:40:54,17.35,0.01,35,60708,买盘,605303,2025-10-17 22:55:21
10:40:57,17.34,-0.01,89,154410,卖盘,605303,2025-10-17 22:55:21
10:41:00,17.37,0.03,26,45144,买盘,605303,2025-10-17 22:55:21
10:41:03,17.39,0.02,11,19119,买盘,605303,2025-10-17 22:55:21
10:41:06,17.4,0.01,105,182695,买盘,605303,2025-10-17 22:55:21
10:41:09,17.44,0.04,61,106283,买盘,605303,2025-10-17 22:55:21
10:41:12,17.45,0.01,13,22674,买盘,605303,2025-10-17 22:55:21
10:41:15,17.43,-0.02,40,69721,卖盘,605303,2025-10-17 22:55:21
10:41:18,17.42,-0.01,10,17420,卖盘,605303,2025-10-17 22:55:21
10:41:21,17.43,0.01,20,34841,买盘,605303,2025-10-17 22:55:21
10:41:24,17.4,-0.03,13,22623,卖盘,605303,2025-10-17 22:55:21
10:41:27,17.42,0.02,50,87093,买盘,605303,2025-10-17 22:55:21
10:41:30,17.39,-0.03,21,36529,卖盘,605303,2025-10-17 22:55:21
10:41:33,17.4,0.01,21,36530,买盘,605303,2025-10-17 22:55:21
10:41:39,17.38,-0.02,4,6953,卖盘,605303,2025-10-17 22:55:21
10:41:42,17.37,-0.01,9,15633,卖盘,605303,2025-10-17 22:55:21
10:41:45,17.38,0.01,23,39972,买盘,605303,2025-10-17 22:55:21
10:41:48,17.39,0.01,26,45214,中性盘,605303,2025-10-17 22:55:21
10:41:51,17.38,-0.01,8,13904,卖盘,605303,2025-10-17 22:55:21
10:41:54,17.39,0.01,19,33031,买盘,605303,2025-10-17 22:55:21
10:41:57,17.38,-0.01,5,8690,卖盘,605303,2025-10-17 22:55:21
10:42:00,17.39,0.01,41,71259,买盘,605303,2025-10-17 22:55:21
10:42:03,17.39,0.0,23,39995,买盘,605303,2025-10-17 22:55:21
10:42:06,17.39,0.0,25,43455,买盘,605303,2025-10-17 22:55:21
10:42:09,17.36,-0.03,15,26052,卖盘,605303,2025-10-17 22:55:21
10:42:15,17.36,0.0,8,13888,卖盘,605303,2025-10-17 22:55:21
10:42:24,17.35,-0.01,15,26025,卖盘,605303,2025-10-17 22:55:21
10:42:33,17.34,-0.01,43,74562,卖盘,605303,2025-10-17 22:55:21
10:42:36,17.35,0.01,20,34698,中性盘,605303,2025-10-17 22:55:21
10:42:39,17.34,-0.01,56,97110,卖盘,605303,2025-10-17 22:55:21
10:42:42,17.34,0.0,1,1734,卖盘,605303,2025-10-17 22:55:21
10:42:57,17.34,0.0,17,29478,卖盘,605303,2025-10-17 22:55:21
10:43:00,17.35,0.01,23,39902,买盘,605303,2025-10-17 22:55:21
10:43:03,17.35,0.0,21,36434,买盘,605303,2025-10-17 22:55:21
10:43:06,17.35,0.0,38,65930,卖盘,605303,2025-10-17 22:55:21
10:43:09,17.36,0.01,16,27775,买盘,605303,2025-10-17 22:55:21
10:43:15,17.36,0.0,13,22568,买盘,605303,2025-10-17 22:55:21
10:43:24,17.36,0.0,3,5208,买盘,605303,2025-10-17 22:55:21
10:43:27,17.35,-0.01,6,10410,卖盘,605303,2025-10-17 22:55:21
10:43:30,17.36,0.01,2,3472,买盘,605303,2025-10-17 22:55:21
10:43:33,17.35,-0.01,1,1735,卖盘,605303,2025-10-17 22:55:21
10:43:36,17.35,0.0,18,31230,卖盘,605303,2025-10-17 22:55:21
10:43:39,17.35,0.0,5,8675,卖盘,605303,2025-10-17 22:55:21
10:43:45,17.35,0.0,11,19087,卖盘,605303,2025-10-17 22:55:21
10:43:48,17.35,0.0,5,8675,卖盘,605303,2025-10-17 22:55:21
10:43:51,17.34,-0.01,79,137040,卖盘,605303,2025-10-17 22:55:21
10:43:57,17.34,0.0,1,1734,中性盘,605303,2025-10-17 22:55:21
10:44:00,17.33,-0.01,3,5199,卖盘,605303,2025-10-17 22:55:21
10:44:06,17.35,0.02,30,52035,买盘,605303,2025-10-17 22:55:21
10:44:09,17.33,-0.02,8,13865,中性盘,605303,2025-10-17 22:55:21
10:44:12,17.35,0.02,28,48578,买盘,605303,2025-10-17 22:55:21
10:44:15,17.34,-0.01,201,348905,卖盘,605303,2025-10-17 22:55:21
10:44:18,17.4,0.06,456,791105,买盘,605303,2025-10-17 22:55:21
10:44:21,17.39,-0.01,55,95694,卖盘,605303,2025-10-17 22:55:21
10:44:27,17.43,0.04,1,1743,买盘,605303,2025-10-17 22:55:21
10:44:33,17.42,-0.01,3,5226,卖盘,605303,2025-10-17 22:55:21
10:44:36,17.42,0.0,3,5226,买盘,605303,2025-10-17 22:55:21
10:44:39,17.41,-0.01,18,31338,卖盘,605303,2025-10-17 22:55:21
10:44:42,17.41,0.0,26,45255,买盘,605303,2025-10-17 22:55:21
10:44:45,17.41,0.0,9,15669,买盘,605303,2025-10-17 22:55:21
10:44:48,17.41,0.0,3,5223,买盘,605303,2025-10-17 22:55:21
10:44:57,17.4,-0.01,30,52200,买盘,605303,2025-10-17 22:55:21
10:45:00,17.4,0.0,53,92212,买盘,605303,2025-10-17 22:55:21
10:45:06,17.39,-0.01,8,13912,买盘,605303,2025-10-17 22:55:21
10:45:21,17.36,-0.03,11,19101,卖盘,605303,2025-10-17 22:55:21
10:45:27,17.36,0.0,15,26040,卖盘,605303,2025-10-17 22:55:21
10:45:33,17.36,0.0,3,5208,买盘,605303,2025-10-17 22:55:21
10:45:36,17.35,-0.01,6,10410,卖盘,605303,2025-10-17 22:55:21
10:45:39,17.35,0.0,270,468675,卖盘,605303,2025-10-17 22:55:21
10:45:42,17.38,0.03,33,57263,买盘,605303,2025-10-17 22:55:21
10:45:48,17.36,-0.02,5,8680,卖盘,605303,2025-10-17 22:55:21
10:45:54,17.36,0.0,2,3472,卖盘,605303,2025-10-17 22:55:21
10:45:57,17.36,0.0,2,3472,买盘,605303,2025-10-17 22:55:21
10:46:03,17.36,0.0,4,6947,卖盘,605303,2025-10-17 22:55:21
10:46:06,17.36,0.0,3,5208,中性盘,605303,2025-10-17 22:55:21
10:46:09,17.35,-0.01,16,27773,卖盘,605303,2025-10-17 22:55:21
10:46:15,17.32,-0.03,24,41574,卖盘,605303,2025-10-17 22:55:21
10:46:18,17.32,0.0,2,3464,中性盘,605303,2025-10-17 22:55:21
10:46:21,17.31,-0.01,1,1731,卖盘,605303,2025-10-17 22:55:21
10:46:24,17.31,0.0,12,20772,卖盘,605303,2025-10-17 22:55:21
10:46:27,17.31,0.0,1,1731,买盘,605303,2025-10-17 22:55:21
10:46:30,17.31,0.0,2,3462,买盘,605303,2025-10-17 22:55:21
10:46:33,17.31,0.0,1,1731,买盘,605303,2025-10-17 22:55:21
10:46:39,17.31,0.0,2,3462,买盘,605303,2025-10-17 22:55:21
10:46:48,17.31,0.0,66,114241,买盘,605303,2025-10-17 22:55:21
10:46:51,17.32,0.01,3,5196,中性盘,605303,2025-10-17 22:55:21
10:46:54,17.31,-0.01,10,17310,卖盘,605303,2025-10-17 22:55:21
10:47:03,17.32,0.01,9,15585,买盘,605303,2025-10-17 22:55:21
10:47:06,17.32,0.0,4,6928,买盘,605303,2025-10-17 22:55:21
10:47:09,17.32,0.0,1,1732,买盘,605303,2025-10-17 22:55:21
10:47:15,17.32,0.0,1,1732,买盘,605303,2025-10-17 22:55:21
10:47:21,17.33,0.01,17,29461,买盘,605303,2025-10-17 22:55:21
10:47:30,17.34,0.01,1,1734,买盘,605303,2025-10-17 22:55:21
10:47:39,17.34,0.0,20,34668,买盘,605303,2025-10-17 22:55:21
10:47:42,17.32,-0.02,1,1732,卖盘,605303,2025-10-17 22:55:21
10:47:57,17.32,0.0,27,46764,卖盘,605303,2025-10-17 22:55:21
10:48:09,17.32,0.0,21,36372,买盘,605303,2025-10-17 22:55:21
10:48:12,17.3,-0.02,29,50186,卖盘,605303,2025-10-17 22:55:21
10:48:27,17.3,0.0,9,15570,卖盘,605303,2025-10-17 22:55:21
10:48:30,17.29,-0.01,2,3458,中性盘,605303,2025-10-17 22:55:21
10:48:42,17.28,-0.01,3,5185,卖盘,605303,2025-10-17 22:55:21
10:48:45,17.27,-0.01,6,10362,卖盘,605303,2025-10-17 22:55:21
10:48:48,17.28,0.01,1,1728,买盘,605303,2025-10-17 22:55:21
10:48:51,17.27,-0.01,1,1727,卖盘,605303,2025-10-17 22:55:21
10:49:03,17.26,-0.01,7,12082,卖盘,605303,2025-10-17 22:55:21
10:49:06,17.26,0.0,1,1726,买盘,605303,2025-10-17 22:55:21
10:49:12,17.25,-0.01,4,6900,卖盘,605303,2025-10-17 22:55:21
10:49:15,17.26,0.01,1,1726,买盘,605303,2025-10-17 22:55:21
10:49:18,17.27,0.01,8,13812,买盘,605303,2025-10-17 22:55:21
10:49:24,17.26,-0.01,5,8632,卖盘,605303,2025-10-17 22:55:21
10:49:27,17.27,0.01,3,5181,买盘,605303,2025-10-17 22:55:21
10:49:30,17.27,0.0,2,3454,买盘,605303,2025-10-17 22:55:21
10:49:33,17.26,-0.01,2,3452,卖盘,605303,2025-10-17 22:55:21
10:49:36,17.27,0.01,1,1727,买盘,605303,2025-10-17 22:55:21
10:49:39,17.27,0.0,8,13816,买盘,605303,2025-10-17 22:55:21
10:49:45,17.26,-0.01,6,10359,卖盘,605303,2025-10-17 22:55:21
10:49:48,17.26,0.0,2,3452,卖盘,605303,2025-10-17 22:55:21
10:49:51,17.26,0.0,1,1726,卖盘,605303,2025-10-17 22:55:21
10:49:54,17.26,0.0,12,20712,卖盘,605303,2025-10-17 22:55:21
10:50:27,17.26,0.0,16,27618,卖盘,605303,2025-10-17 22:55:21
10:50:30,17.27,0.01,15,25895,买盘,605303,2025-10-17 22:55:21
10:50:33,17.26,-0.01,4,6904,中性盘,605303,2025-10-17 22:55:21
10:50:36,17.27,0.01,6,10362,买盘,605303,2025-10-17 22:55:21
10:50:39,17.25,-0.02,110,189783,卖盘,605303,2025-10-17 22:55:21
10:50:42,17.27,0.02,5,8635,中性盘,605303,2025-10-17 22:55:21
10:50:54,17.24,-0.03,1,1724,买盘,605303,2025-10-17 22:55:21
10:51:03,17.23,-0.01,1,1723,卖盘,605303,2025-10-17 22:55:21
10:51:09,17.23,0.0,5,8615,卖盘,605303,2025-10-17 22:55:21
10:51:18,17.24,0.01,66,113723,买盘,605303,2025-10-17 22:55:21
10:51:21,17.22,-0.02,3,5166,卖盘,605303,2025-10-17 22:55:21
10:51:30,17.21,-0.01,2,3442,中性盘,605303,2025-10-17 22:55:21
10:51:36,17.23,0.02,79,136050,买盘,605303,2025-10-17 22:55:21
10:51:39,17.23,0.0,78,134401,卖盘,605303,2025-10-17 22:55:21
10:51:48,17.23,0.0,16,27575,卖盘,605303,2025-10-17 22:55:21
10:51:54,17.23,0.0,14,24124,卖盘,605303,2025-10-17 22:55:21
10:52:00,17.23,0.0,13,22399,卖盘,605303,2025-10-17 22:55:21
10:52:03,17.25,0.02,55,94842,买盘,605303,2025-10-17 22:55:21
10:52:06,17.27,0.02,5,8635,买盘,605303,2025-10-17 22:55:21
10:52:09,17.28,0.01,4,6912,买盘,605303,2025-10-17 22:55:21
10:52:12,17.29,0.01,120,207862,买盘,605303,2025-10-17 22:55:21
10:52:15,17.28,-0.01,82,141712,卖盘,605303,2025-10-17 22:55:21
10:52:21,17.28,0.0,10,17280,买盘,605303,2025-10-17 22:55:21
10:52:24,17.29,0.01,5,8645,中性盘,605303,2025-10-17 22:55:21
10:52:33,17.28,-0.01,1,1728,中性盘,605303,2025-10-17 22:55:21
10:52:36,17.29,0.01,10,17286,买盘,605303,2025-10-17 22:55:21
10:52:39,17.31,0.02,100,173054,买盘,605303,2025-10-17 22:55:21
10:52:48,17.31,0.0,2,3462,买盘,605303,2025-10-17 22:55:21
10:52:51,17.31,0.0,2,3462,买盘,605303,2025-10-17 22:55:21
10:52:54,17.31,0.0,2,3462,买盘,605303,2025-10-17 22:55:21
10:52:57,17.31,0.0,14,24234,买盘,605303,2025-10-17 22:55:21
10:53:03,17.31,0.0,5,8655,卖盘,605303,2025-10-17 22:55:21
10:53:06,17.31,0.0,20,34620,卖盘,605303,2025-10-17 22:55:21
10:53:15,17.29,-0.02,9,15561,卖盘,605303,2025-10-17 22:55:21
10:53:18,17.28,-0.01,2,3456,卖盘,605303,2025-10-17 22:55:21
10:53:36,17.27,-0.01,2,3454,卖盘,605303,2025-10-17 22:55:21
10:53:39,17.28,0.01,3,5184,买盘,605303,2025-10-17 22:55:21
10:53:51,17.27,-0.01,3,5181,卖盘,605303,2025-10-17 22:55:21
10:53:54,17.28,0.01,50,86396,买盘,605303,2025-10-17 22:55:21
10:53:57,17.28,0.0,2,3456,卖盘,605303,2025-10-17 22:55:21
10:54:00,17.29,0.01,1,1729,买盘,605303,2025-10-17 22:55:21
10:54:12,17.29,0.0,5,8645,买盘,605303,2025-10-17 22:55:21
10:54:24,17.29,0.0,14,24203,买盘,605303,2025-10-17 22:55:21
10:54:36,17.25,-0.04,171,295407,卖盘,605303,2025-10-17 22:55:21
10:54:39,17.28,0.03,20,34554,买盘,605303,2025-10-17 22:55:21
10:54:51,17.24,-0.04,8,13792,卖盘,605303,2025-10-17 22:55:21
10:54:54,17.28,0.04,67,115776,买盘,605303,2025-10-17 22:55:21
10:54:57,17.28,0.0,44,76078,卖盘,605303,2025-10-17 22:55:21
10:55:06,17.31,0.03,10,17305,买盘,605303,2025-10-17 22:55:21
10:55:09,17.3,-0.01,4,6920,卖盘,605303,2025-10-17 22:55:21
10:55:12,17.31,0.01,4,6922,买盘,605303,2025-10-17 22:55:21
10:55:18,17.3,-0.01,10,17300,卖盘,605303,2025-10-17 22:55:21
10:55:27,17.29,-0.01,2,3458,卖盘,605303,2025-10-17 22:55:21
10:55:30,17.29,0.0,2,3458,卖盘,605303,2025-10-17 22:55:21
10:55:36,17.29,0.0,60,103740,卖盘,605303,2025-10-17 22:55:21
10:55:45,17.29,0.0,134,231686,买盘,605303,2025-10-17 22:55:21
10:55:54,17.3,0.01,7,12110,买盘,605303,2025-10-17 22:55:21
10:55:57,17.3,0.0,4,6920,买盘,605303,2025-10-17 22:55:21
10:56:18,17.29,-0.01,26,44954,卖盘,605303,2025-10-17 22:55:21
10:56:21,17.3,0.01,50,86468,买盘,605303,2025-10-17 22:55:21
10:56:39,17.29,-0.01,54,93356,买盘,605303,2025-10-17 22:55:21
10:56:42,17.29,0.0,9,15561,买盘,605303,2025-10-17 22:55:21
10:56:45,17.3,0.01,1,1730,买盘,605303,2025-10-17 22:55:21
10:56:54,17.3,0.0,16,27680,买盘,605303,2025-10-17 22:55:21
10:56:57,17.3,0.0,10,17300,买盘,605303,2025-10-17 22:55:21
10:57:00,17.3,0.0,22,38061,卖盘,605303,2025-10-17 22:55:21
10:57:03,17.3,0.0,9,15570,买盘,605303,2025-10-17 22:55:21
10:57:06,17.3,0.0,1,1730,卖盘,605303,2025-10-17 22:55:21
10:57:12,17.31,0.01,17,29415,买盘,605303,2025-10-17 22:55:21
10:57:15,17.32,0.01,71,122902,买盘,605303,2025-10-17 22:55:21
10:57:18,17.33,0.01,15,25984,买盘,605303,2025-10-17 22:55:21
10:57:27,17.33,0.0,1,1733,卖盘,605303,2025-10-17 22:55:21
10:57:36,17.35,0.02,10,17350,买盘,605303,2025-10-17 22:55:21
10:57:39,17.35,0.0,1,1735,买盘,605303,2025-10-17 22:55:21
10:57:48,17.35,0.0,1,1735,卖盘,605303,2025-10-17 22:55:21
10:57:54,17.34,-0.01,2,3468,卖盘,605303,2025-10-17 22:55:21
10:57:57,17.33,-0.01,4,6932,卖盘,605303,2025-10-17 22:55:21
10:58:00,17.33,0.0,2,3466,卖盘,605303,2025-10-17 22:55:21
10:58:03,17.33,0.0,1,1733,卖盘,605303,2025-10-17 22:55:21
10:58:06,17.33,0.0,1,1733,卖盘,605303,2025-10-17 22:55:21
10:58:09,17.34,0.01,288,499395,买盘,605303,2025-10-17 22:55:21
10:58:12,17.35,0.01,33,57253,买盘,605303,2025-10-17 22:55:21
10:58:15,17.35,0.0,47,81545,买盘,605303,2025-10-17 22:55:21
10:58:18,17.35,0.0,7,12145,买盘,605303,2025-10-17 22:55:21
10:58:27,17.35,0.0,4,6940,卖盘,605303,2025-10-17 22:55:21
10:58:33,17.36,0.01,4,6943,买盘,605303,2025-10-17 22:55:21
10:58:45,17.35,-0.01,4,6940,买盘,605303,2025-10-17 22:55:21
10:58:51,17.35,0.0,1,1735,买盘,605303,2025-10-17 22:55:21
10:59:00,17.35,0.0,2,3470,中性盘,605303,2025-10-17 22:55:21
10:59:03,17.36,0.01,25,43399,买盘,605303,2025-10-17 22:55:21
10:59:15,17.33,-0.03,25,43338,卖盘,605303,2025-10-17 22:55:21
10:59:24,17.34,0.01,9,15606,买盘,605303,2025-10-17 22:55:21
10:59:27,17.33,-0.01,3,5200,卖盘,605303,2025-10-17 22:55:21
10:59:30,17.36,0.03,12,20831,买盘,605303,2025-10-17 22:55:21
10:59:33,17.36,0.0,2,3472,买盘,605303,2025-10-17 22:55:21
10:59:36,17.36,0.0,31,53816,买盘,605303,2025-10-17 22:55:21
11:00:03,17.4,0.04,141,245165,买盘,605303,2025-10-17 22:55:21
11:00:06,17.4,0.0,32,55676,买盘,605303,2025-10-17 22:55:21
11:00:09,17.4,0.0,17,29580,卖盘,605303,2025-10-17 22:55:21
11:00:12,17.4,0.0,9,15654,买盘,605303,2025-10-17 22:55:21
11:00:15,17.4,0.0,4,6957,买盘,605303,2025-10-17 22:55:21
11:00:21,17.39,-0.01,25,43475,卖盘,605303,2025-10-17 22:55:21
11:00:24,17.4,0.01,7,12177,买盘,605303,2025-10-17 22:55:21
11:00:30,17.4,0.0,36,62607,买盘,605303,2025-10-17 22:55:21
11:00:33,17.4,0.0,2,3480,买盘,605303,2025-10-17 22:55:21
11:00:51,17.4,0.0,20,34800,买盘,605303,2025-10-17 22:55:21
11:00:57,17.39,-0.01,49,85211,卖盘,605303,2025-10-17 22:55:21
11:01:00,17.39,0.0,4,6956,买盘,605303,2025-10-17 22:55:21
11:01:03,17.38,-0.01,5,8690,卖盘,605303,2025-10-17 22:55:21
11:01:06,17.37,-0.01,12,20852,卖盘,605303,2025-10-17 22:55:21
11:01:09,17.36,-0.01,2,3472,卖盘,605303,2025-10-17 22:55:21
11:01:15,17.38,0.02,38,66043,买盘,605303,2025-10-17 22:55:21
11:01:21,17.34,-0.04,2,3468,卖盘,605303,2025-10-17 22:55:21
11:01:27,17.34,0.0,13,22542,卖盘,605303,2025-10-17 22:55:21
11:01:36,17.34,0.0,9,15612,卖盘,605303,2025-10-17 22:55:21
11:01:39,17.34,0.0,9,15606,买盘,605303,2025-10-17 22:55:21
11:01:42,17.34,0.0,8,13872,买盘,605303,2025-10-17 22:55:21
11:01:45,17.34,0.0,34,59012,卖盘,605303,2025-10-17 22:55:21
11:01:48,17.37,0.03,2,3474,买盘,605303,2025-10-17 22:55:21
11:01:54,17.37,0.0,1,1737,卖盘,605303,2025-10-17 22:55:21
11:01:57,17.37,0.0,72,125089,卖盘,605303,2025-10-17 22:55:21
11:02:00,17.37,0.0,7,12159,买盘,605303,2025-10-17 22:55:21
11:02:03,17.37,0.0,13,22581,卖盘,605303,2025-10-17 22:55:21
11:02:06,17.35,-0.02,3,5205,卖盘,605303,2025-10-17 22:55:21
11:02:09,17.37,0.02,3,5209,买盘,605303,2025-10-17 22:55:21
11:02:12,17.37,0.0,13,22581,卖盘,605303,2025-10-17 22:55:21
11:02:21,17.34,-0.03,4,6937,卖盘,605303,2025-10-17 22:55:21
11:02:27,17.35,0.01,1,1735,卖盘,605303,2025-10-17 22:55:21
11:02:36,17.36,0.01,2,3472,买盘,605303,2025-10-17 22:55:21
11:02:45,17.36,0.0,13,22568,买盘,605303,2025-10-17 22:55:21
11:02:48,17.34,-0.02,12,20822,卖盘,605303,2025-10-17 22:55:21
11:02:57,17.34,0.0,8,13873,卖盘,605303,2025-10-17 22:55:21
11:03:06,17.34,0.0,10,17340,卖盘,605303,2025-10-17 22:55:21
11:03:12,17.34,0.0,7,12138,卖盘,605303,2025-10-17 22:55:21
11:03:15,17.34,0.0,2,3468,卖盘,605303,2025-10-17 22:55:21
11:03:18,17.34,0.0,5,8670,买盘,605303,2025-10-17 22:55:21
11:03:21,17.35,0.01,2,3470,买盘,605303,2025-10-17 22:55:21
11:03:24,17.35,0.0,6,10410,买盘,605303,2025-10-17 22:55:21
11:03:27,17.34,-0.01,1,1734,卖盘,605303,2025-10-17 22:55:21
11:03:30,17.36,0.02,5,8680,买盘,605303,2025-10-17 22:55:21
11:03:33,17.38,0.02,53,92085,买盘,605303,2025-10-17 22:55:21
11:03:42,17.38,0.0,8,13904,卖盘,605303,2025-10-17 22:55:21
11:03:48,17.38,0.0,5,8690,卖盘,605303,2025-10-17 22:55:21
11:03:51,17.39,0.01,10,17384,买盘,605303,2025-10-17 22:55:21
11:04:00,17.38,-0.01,24,41712,买盘,605303,2025-10-17 22:55:21
11:04:03,17.39,0.01,108,187756,买盘,605303,2025-10-17 22:55:21
11:04:30,17.37,-0.02,7,12159,卖盘,605303,2025-10-17 22:55:21
11:04:33,17.37,0.0,10,17370,卖盘,605303,2025-10-17 22:55:21
11:04:39,17.37,0.0,1,1737,买盘,605303,2025-10-17 22:55:21
11:04:42,17.35,-0.02,183,317505,卖盘,605303,2025-10-17 22:55:21
11:04:45,17.34,-0.01,7,12138,中性盘,605303,2025-10-17 22:55:21
11:04:48,17.35,0.01,10,17350,买盘,605303,2025-10-17 22:55:21
11:04:54,17.35,0.0,26,45066,买盘,605303,2025-10-17 22:55:21
11:04:57,17.33,-0.02,4,6932,卖盘,605303,2025-10-17 22:55:21
11:05:09,17.33,0.0,1,1733,卖盘,605303,2025-10-17 22:55:21
11:05:12,17.33,0.0,2,3466,卖盘,605303,2025-10-17 22:55:21
11:05:18,17.3,-0.03,20,34605,卖盘,605303,2025-10-17 22:55:21
11:05:21,17.3,0.0,2,3460,买盘,605303,2025-10-17 22:55:21
11:05:24,17.3,0.0,34,58820,买盘,605303,2025-10-17 22:55:21
11:05:27,17.3,0.0,17,29410,买盘,605303,2025-10-17 22:55:21
11:05:30,17.3,0.0,8,13840,买盘,605303,2025-10-17 22:55:21
11:05:33,17.29,-0.01,46,79536,卖盘,605303,2025-10-17 22:55:21
11:05:36,17.29,0.0,19,32851,买盘,605303,2025-10-17 22:55:21
11:05:39,17.29,0.0,2,3458,买盘,605303,2025-10-17 22:55:21
11:05:45,17.29,0.0,14,24206,买盘,605303,2025-10-17 22:55:21
11:05:48,17.29,0.0,5,8645,买盘,605303,2025-10-17 22:55:21
11:05:51,17.28,-0.01,8,13829,卖盘,605303,2025-10-17 22:55:21
11:05:54,17.29,0.01,3,5187,买盘,605303,2025-10-17 22:55:21
11:05:57,17.28,-0.01,5,8640,卖盘,605303,2025-10-17 22:55:21
11:06:03,17.28,0.0,6,10368,买盘,605303,2025-10-17 22:55:21
11:06:06,17.27,-0.01,6,10363,卖盘,605303,2025-10-17 22:55:21
11:06:12,17.27,0.0,1,1727,卖盘,605303,2025-10-17 22:55:21
11:06:15,17.27,0.0,5,8635,卖盘,605303,2025-10-17 22:55:21
11:06:18,17.27,0.0,2,3454,买盘,605303,2025-10-17 22:55:21
11:06:27,17.26,-0.01,5,8630,卖盘,605303,2025-10-17 22:55:21
11:06:30,17.26,0.0,2,3452,卖盘,605303,2025-10-17 22:55:21
11:06:33,17.26,0.0,1,1726,卖盘,605303,2025-10-17 22:55:21
11:06:36,17.26,0.0,10,17260,卖盘,605303,2025-10-17 22:55:21
11:06:42,17.26,0.0,1,1726,卖盘,605303,2025-10-17 22:55:21
11:06:45,17.26,0.0,63,108772,卖盘,605303,2025-10-17 22:55:21
11:06:57,17.24,-0.02,79,136208,卖盘,605303,2025-10-17 22:55:21
11:07:00,17.24,0.0,4,6896,买盘,605303,2025-10-17 22:55:21
11:07:06,17.25,0.01,2,3450,买盘,605303,2025-10-17 22:55:21
11:07:09,17.26,0.01,4,6904,买盘,605303,2025-10-17 22:55:21
11:07:12,17.26,0.0,14,24164,买盘,605303,2025-10-17 22:55:21
11:07:21,17.26,0.0,4,6904,买盘,605303,2025-10-17 22:55:21
11:07:24,17.26,0.0,3,5178,买盘,605303,2025-10-17 22:55:21
11:07:33,17.26,0.0,13,22438,买盘,605303,2025-10-17 22:55:21
11:07:36,17.26,0.0,5,8630,买盘,605303,2025-10-17 22:55:21
11:07:39,17.26,0.0,10,17260,买盘,605303,2025-10-17 22:55:21
11:07:45,17.25,-0.01,4,6900,卖盘,605303,2025-10-17 22:55:21
11:08:00,17.25,0.0,2,3450,卖盘,605303,2025-10-17 22:55:21
11:08:03,17.25,0.0,103,177647,卖盘,605303,2025-10-17 22:55:21
11:08:21,17.24,-0.01,2,3448,买盘,605303,2025-10-17 22:55:21
11:08:39,17.22,-0.02,57,98183,卖盘,605303,2025-10-17 22:55:21
11:08:45,17.22,0.0,1,1722,买盘,605303,2025-10-17 22:55:21
11:08:48,17.22,0.0,17,29259,买盘,605303,2025-10-17 22:55:21
11:09:00,17.22,0.0,82,141163,买盘,605303,2025-10-17 22:55:21
11:09:03,17.22,0.0,46,79144,买盘,605303,2025-10-17 22:55:21
11:09:06,17.21,-0.01,9,15489,买盘,605303,2025-10-17 22:55:21
11:09:09,17.2,-0.01,3,5161,中性盘,605303,2025-10-17 22:55:21
11:09:15,17.18,-0.02,200,343789,卖盘,605303,2025-10-17 22:55:21
11:09:18,17.19,0.01,1,1719,买盘,605303,2025-10-17 22:55:21
11:09:27,17.19,0.0,12,20628,卖盘,605303,2025-10-17 22:55:21
11:09:30,17.19,0.0,5,8595,卖盘,605303,2025-10-17 22:55:21
11:09:33,17.18,-0.01,12,20616,卖盘,605303,2025-10-17 22:55:21
11:09:36,17.19,0.01,6,10307,买盘,605303,2025-10-17 22:55:21
11:09:42,17.17,-0.02,65,111605,卖盘,605303,2025-10-17 22:55:21
11:09:45,17.16,-0.01,116,199056,卖盘,605303,2025-10-17 22:55:21
11:09:51,17.15,-0.01,3,5145,卖盘,605303,2025-10-17 22:55:21
11:09:54,17.13,-0.02,15,25709,卖盘,605303,2025-10-17 22:55:21
11:10:03,17.13,0.0,38,65150,卖盘,605303,2025-10-17 22:55:21
11:10:06,17.13,0.0,6,10282,卖盘,605303,2025-10-17 22:55:21
11:10:09,17.13,0.0,39,66807,卖盘,605303,2025-10-17 22:55:21
11:10:15,17.13,0.0,11,18843,卖盘,605303,2025-10-17 22:55:21
11:10:18,17.14,0.01,9,15426,中性盘,605303,2025-10-17 22:55:21
11:10:21,17.13,-0.01,3,5140,卖盘,605303,2025-10-17 22:55:21
11:10:27,17.14,0.01,6,10284,卖盘,605303,2025-10-17 22:55:21
11:10:30,17.15,0.01,14,24008,买盘,605303,2025-10-17 22:55:21
11:10:33,17.15,0.0,19,32585,卖盘,605303,2025-10-17 22:55:21
11:10:36,17.15,0.0,9,15435,卖盘,605303,2025-10-17 22:55:21
11:10:39,17.13,-0.02,88,150756,卖盘,605303,2025-10-17 22:55:21
11:10:42,17.12,-0.01,73,124976,卖盘,605303,2025-10-17 22:55:21
11:10:45,17.12,0.0,5,8560,买盘,605303,2025-10-17 22:55:21
11:10:48,17.1,-0.02,1,1710,卖盘,605303,2025-10-17 22:55:21
11:10:51,17.1,0.0,9,15390,卖盘,605303,2025-10-17 22:55:21
11:10:54,17.1,0.0,28,47880,卖盘,605303,2025-10-17 22:55:21
11:10:57,17.1,0.0,40,68387,买盘,605303,2025-10-17 22:55:21
11:11:00,17.09,-0.01,58,99176,卖盘,605303,2025-10-17 22:55:21
11:11:03,17.1,0.01,14,23940,买盘,605303,2025-10-17 22:55:21
11:11:06,17.09,-0.01,13,22217,卖盘,605303,2025-10-17 22:55:21
11:11:09,17.09,0.0,9,15381,买盘,605303,2025-10-17 22:55:21
11:11:12,17.09,0.0,1,1709,买盘,605303,2025-10-17 22:55:21
11:11:18,17.09,0.0,60,102539,买盘,605303,2025-10-17 22:55:21
11:11:21,17.09,0.0,1,1709,买盘,605303,2025-10-17 22:55:21
11:11:24,17.09,0.0,41,70069,买盘,605303,2025-10-17 22:55:21
11:11:27,17.09,0.0,11,18799,买盘,605303,2025-10-17 22:55:21
11:11:30,17.09,0.0,7,11963,卖盘,605303,2025-10-17 22:55:21
11:11:39,17.09,0.0,25,42729,卖盘,605303,2025-10-17 22:55:21
11:11:45,17.08,-0.01,1,1708,卖盘,605303,2025-10-17 22:55:21
11:11:48,17.09,0.01,5,8545,买盘,605303,2025-10-17 22:55:21
11:11:51,17.09,0.0,16,27344,买盘,605303,2025-10-17 22:55:21
11:11:54,17.08,-0.01,24,40992,卖盘,605303,2025-10-17 22:55:21
11:11:57,17.09,0.01,1,1709,买盘,605303,2025-10-17 22:55:21
11:12:03,17.09,0.0,19,32466,买盘,605303,2025-10-17 22:55:21
11:12:06,17.09,0.0,5,8545,买盘,605303,2025-10-17 22:55:21
11:12:09,17.1,0.01,8,13680,买盘,605303,2025-10-17 22:55:21
11:12:12,17.1,0.0,1,1710,卖盘,605303,2025-10-17 22:55:21
11:12:15,17.11,0.01,31,53040,买盘,605303,2025-10-17 22:55:21
11:12:18,17.11,0.0,17,29084,买盘,605303,2025-10-17 22:55:21
11:12:24,17.11,0.0,3,5133,买盘,605303,2025-10-17 22:55:21
11:12:27,17.1,-0.01,13,22230,卖盘,605303,2025-10-17 22:55:21
11:12:30,17.09,-0.01,51,87161,卖盘,605303,2025-10-17 22:55:21
11:12:33,17.09,0.0,58,99152,卖盘,605303,2025-10-17 22:55:21
11:12:36,17.09,0.0,26,44434,买盘,605303,2025-10-17 22:55:21
11:12:39,17.09,0.0,38,64937,买盘,605303,2025-10-17 22:55:21
11:12:51,17.1,0.01,33,56430,买盘,605303,2025-10-17 22:55:21
11:12:54,17.09,-0.01,16,27350,卖盘,605303,2025-10-17 22:55:21
11:12:57,17.11,0.02,2,3422,买盘,605303,2025-10-17 22:55:21
11:13:00,17.11,0.0,46,78706,买盘,605303,2025-10-17 22:55:21
11:13:03,17.1,-0.01,28,47890,卖盘,605303,2025-10-17 22:55:21
11:13:06,17.11,0.01,14,23954,买盘,605303,2025-10-17 22:55:21
11:13:18,17.12,0.01,35,59907,买盘,605303,2025-10-17 22:55:21
11:13:21,17.13,0.01,2,3426,买盘,605303,2025-10-17 22:55:21
11:13:30,17.13,0.0,37,63381,买盘,605303,2025-10-17 22:55:21
11:13:33,17.13,0.0,28,47964,卖盘,605303,2025-10-17 22:55:21
11:13:39,17.12,-0.01,13,22256,卖盘,605303,2025-10-17 22:55:21
11:13:48,17.13,0.01,2,3426,买盘,605303,2025-10-17 22:55:21
11:13:51,17.13,0.0,2,3426,买盘,605303,2025-10-17 22:55:21
11:14:00,17.12,-0.01,3,5136,卖盘,605303,2025-10-17 22:55:21
11:14:03,17.12,0.0,44,75348,卖盘,605303,2025-10-17 22:55:21
11:14:06,17.12,0.0,12,20545,卖盘,605303,2025-10-17 22:55:21
11:14:18,17.1,-0.02,50,85505,卖盘,605303,2025-10-17 22:55:21
11:14:27,17.1,0.0,12,20520,卖盘,605303,2025-10-17 22:55:21
11:14:30,17.13,0.03,20,34260,买盘,605303,2025-10-17 22:55:21
11:14:33,17.11,-0.02,1,1711,卖盘,605303,2025-10-17 22:55:21
11:14:36,17.11,0.0,4,6844,卖盘,605303,2025-10-17 22:55:21
11:14:42,17.14,0.03,51,87410,买盘,605303,2025-10-17 22:55:21
11:14:57,17.13,-0.01,1,1713,卖盘,605303,2025-10-17 22:55:21
11:15:03,17.13,0.0,6,10282,卖盘,605303,2025-10-17 22:55:21
11:15:06,17.13,0.0,1,1713,中性盘,605303,2025-10-17 22:55:21
11:15:12,17.13,0.0,2,3426,卖盘,605303,2025-10-17 22:55:21
11:15:15,17.13,0.0,1,1713,卖盘,605303,2025-10-17 22:55:21
11:15:21,17.12,-0.01,43,73652,卖盘,605303,2025-10-17 22:55:21
11:15:24,17.13,0.01,148,253437,买盘,605303,2025-10-17 22:55:21
11:15:27,17.13,0.0,5,8562,买盘,605303,2025-10-17 22:55:21
11:15:30,17.13,0.0,5,8565,买盘,605303,2025-10-17 22:55:21
11:15:33,17.13,0.0,1,1713,买盘,605303,2025-10-17 22:55:21
11:15:36,17.12,-0.01,2,3424,卖盘,605303,2025-10-17 22:55:21
11:15:45,17.12,0.0,3,5136,买盘,605303,2025-10-17 22:55:21
11:15:48,17.12,0.0,61,104426,买盘,605303,2025-10-17 22:55:21
11:15:54,17.1,-0.02,1,1710,卖盘,605303,2025-10-17 22:55:21
11:15:57,17.11,0.01,4,6844,买盘,605303,2025-10-17 22:55:21
11:16:00,17.11,0.0,1,1711,买盘,605303,2025-10-17 22:55:21
11:16:06,17.11,0.0,3,5133,买盘,605303,2025-10-17 22:55:21
11:16:09,17.11,0.0,11,18821,买盘,605303,2025-10-17 22:55:21
11:16:12,17.11,0.0,49,83839,买盘,605303,2025-10-17 22:55:21
11:16:15,17.11,0.0,1,1711,买盘,605303,2025-10-17 22:55:21
11:16:18,17.12,0.01,2,3424,买盘,605303,2025-10-17 22:55:21
11:16:24,17.12,0.0,5,8560,卖盘,605303,2025-10-17 22:55:21
11:16:30,17.12,0.0,8,13696,买盘,605303,2025-10-17 22:55:21
11:16:33,17.12,0.0,12,20544,卖盘,605303,2025-10-17 22:55:21
11:16:36,17.12,0.0,3,5136,买盘,605303,2025-10-17 22:55:21
11:16:39,17.12,0.0,5,8560,卖盘,605303,2025-10-17 22:55:21
11:16:45,17.12,0.0,5,8560,买盘,605303,2025-10-17 22:55:21
11:16:51,17.12,0.0,1,1712,卖盘,605303,2025-10-17 22:55:21
11:16:54,17.11,-0.01,9,15399,卖盘,605303,2025-10-17 22:55:21
11:16:57,17.12,0.01,6,10267,买盘,605303,2025-10-17 22:55:21
11:17:09,17.12,0.0,23,39376,买盘,605303,2025-10-17 22:55:21
11:17:15,17.13,0.01,30,51390,买盘,605303,2025-10-17 22:55:21
11:17:18,17.14,0.01,24,41115,买盘,605303,2025-10-17 22:55:21
11:17:21,17.14,0.0,4,6856,买盘,605303,2025-10-17 22:55:21
11:17:33,17.13,-0.01,12,20556,卖盘,605303,2025-10-17 22:55:21
11:17:42,17.14,0.01,5,8570,买盘,605303,2025-10-17 22:55:21
11:17:45,17.13,-0.01,10,17130,卖盘,605303,2025-10-17 22:55:21
11:17:48,17.13,0.0,21,35973,卖盘,605303,2025-10-17 22:55:21
11:17:57,17.12,-0.01,18,30816,卖盘,605303,2025-10-17 22:55:21
11:18:03,17.12,0.0,12,20544,卖盘,605303,2025-10-17 22:55:21
11:18:12,17.13,0.01,2,3425,买盘,605303,2025-10-17 22:55:21
11:18:21,17.13,0.0,29,49677,买盘,605303,2025-10-17 22:55:21
11:18:36,17.14,0.01,6,10283,买盘,605303,2025-10-17 22:55:21
11:18:39,17.14,0.0,4,6855,买盘,605303,2025-10-17 22:55:21
11:18:45,17.14,0.0,3,5142,买盘,605303,2025-10-17 22:55:21
11:18:48,17.14,0.0,1,1714,买盘,605303,2025-10-17 22:55:21
11:18:51,17.13,-0.01,9,15417,卖盘,605303,2025-10-17 22:55:21
11:19:03,17.14,0.01,9,15426,买盘,605303,2025-10-17 22:55:21
11:19:12,17.14,0.0,5,8570,卖盘,605303,2025-10-17 22:55:21
11:19:15,17.13,-0.01,8,13707,卖盘,605303,2025-10-17 22:55:21
11:19:18,17.15,0.02,52,89132,买盘,605303,2025-10-17 22:55:21
11:19:30,17.15,0.0,5,8575,买盘,605303,2025-10-17 22:55:21
11:19:36,17.15,0.0,3,5145,买盘,605303,2025-10-17 22:55:21
11:19:42,17.13,-0.02,216,370019,卖盘,605303,2025-10-17 22:55:21
11:19:45,17.11,-0.02,138,236230,卖盘,605303,2025-10-17 22:55:21
11:20:00,17.12,0.01,1,1712,买盘,605303,2025-10-17 22:55:21
11:20:09,17.11,-0.01,2,3422,卖盘,605303,2025-10-17 22:55:21
11:20:18,17.1,-0.01,94,160824,卖盘,605303,2025-10-17 22:55:21
11:20:21,17.1,0.0,71,121410,卖盘,605303,2025-10-17 22:55:21
11:20:33,17.1,0.0,81,138507,卖盘,605303,2025-10-17 22:55:21
11:20:36,17.1,0.0,49,83790,买盘,605303,2025-10-17 22:55:21
11:20:39,17.1,0.0,35,59850,买盘,605303,2025-10-17 22:55:21
11:20:42,17.1,0.0,28,47880,买盘,605303,2025-10-17 22:55:21
11:20:45,17.11,0.01,8,13688,买盘,605303,2025-10-17 22:55:21
11:20:48,17.11,0.0,25,42775,买盘,605303,2025-10-17 22:55:21
11:20:51,17.12,0.01,39,66730,买盘,605303,2025-10-17 22:55:21
11:21:00,17.12,0.0,3,5136,卖盘,605303,2025-10-17 22:55:21
11:21:03,17.11,-0.01,45,77039,卖盘,605303,2025-10-17 22:55:21
11:21:09,17.12,0.01,4,6848,买盘,605303,2025-10-17 22:55:21
11:21:12,17.3,0.18,328,565055,买盘,605303,2025-10-17 22:55:21
11:21:18,17.13,-0.17,37,63399,卖盘,605303,2025-10-17 22:55:21
11:21:24,17.19,0.06,10,17190,买盘,605303,2025-10-17 22:55:21
11:21:39,17.17,-0.02,13,22335,卖盘,605303,2025-10-17 22:55:21
11:21:51,17.19,0.02,1,1719,买盘,605303,2025-10-17 22:55:21
11:22:00,17.19,0.0,6,10314,买盘,605303,2025-10-17 22:55:21
11:22:03,17.2,0.01,21,36117,买盘,605303,2025-10-17 22:55:21
11:22:06,17.17,-0.03,4,6868,卖盘,605303,2025-10-17 22:55:21
11:22:09,17.2,0.03,31,53316,买盘,605303,2025-10-17 22:55:21
11:22:21,17.2,0.0,4,6880,卖盘,605303,2025-10-17 22:55:21
11:22:27,17.2,0.0,11,18920,买盘,605303,2025-10-17 22:55:21
11:22:30,17.18,-0.02,5,8590,卖盘,605303,2025-10-17 22:55:21
11:22:33,17.18,0.0,1,1718,买盘,605303,2025-10-17 22:55:21
11:22:39,17.17,-0.01,15,25755,卖盘,605303,2025-10-17 22:55:21
11:22:51,17.16,-0.01,4,6864,卖盘,605303,2025-10-17 22:55:21
11:22:54,17.17,0.01,20,34338,买盘,605303,2025-10-17 22:55:21
11:23:03,17.13,-0.04,29,49703,卖盘,605303,2025-10-17 22:55:21
11:23:09,17.14,0.01,6,10284,买盘,605303,2025-10-17 22:55:21
11:23:12,17.15,0.01,1,1715,买盘,605303,2025-10-17 22:55:21
11:23:15,17.16,0.01,1,1716,买盘,605303,2025-10-17 22:55:21
11:23:33,17.16,0.0,1,1716,买盘,605303,2025-10-17 22:55:21
11:23:36,17.16,0.0,19,32604,买盘,605303,2025-10-17 22:55:21
11:23:45,17.17,0.01,11,18887,买盘,605303,2025-10-17 22:55:21
11:23:51,17.17,0.0,1,1717,卖盘,605303,2025-10-17 22:55:21
11:24:00,17.17,0.0,3,5151,卖盘,605303,2025-10-17 22:55:21
11:24:03,17.17,0.0,21,36057,买盘,605303,2025-10-17 22:55:21
11:24:06,17.17,0.0,23,39491,买盘,605303,2025-10-17 22:55:21
11:24:12,17.17,0.0,8,13736,卖盘,605303,2025-10-17 22:55:21
11:24:15,17.16,-0.01,28,48049,卖盘,605303,2025-10-17 22:55:21
11:24:21,17.16,0.0,1,1716,卖盘,605303,2025-10-17 22:55:21
11:24:27,17.28,0.12,28,48167,买盘,605303,2025-10-17 22:55:21
11:24:33,17.16,-0.12,14,24045,卖盘,605303,2025-10-17 22:55:21
11:24:36,17.2,0.04,1,1720,中性盘,605303,2025-10-17 22:55:21
11:24:42,17.21,0.01,56,96372,买盘,605303,2025-10-17 22:55:21
11:24:45,17.18,-0.03,5,8590,中性盘,605303,2025-10-17 22:55:21
11:24:48,17.18,0.0,1,1718,买盘,605303,2025-10-17 22:55:21
11:24:51,17.18,0.0,5,8590,买盘,605303,2025-10-17 22:55:21
11:25:00,17.17,-0.01,50,85860,卖盘,605303,2025-10-17 22:55:21
11:25:09,17.18,0.01,5,8590,买盘,605303,2025-10-17 22:55:21
11:25:15,17.17,-0.01,7,12019,卖盘,605303,2025-10-17 22:55:21
11:25:18,17.16,-0.01,21,36036,卖盘,605303,2025-10-17 22:55:21
11:25:21,17.16,0.0,18,30878,买盘,605303,2025-10-17 22:55:21
11:25:24,17.15,-0.01,16,27440,中性盘,605303,2025-10-17 22:55:21
11:25:27,17.15,0.0,4,6860,买盘,605303,2025-10-17 22:55:21
11:25:30,17.15,0.0,1,1715,买盘,605303,2025-10-17 22:55:21
11:25:33,17.16,0.01,65,111534,买盘,605303,2025-10-17 22:55:21
11:25:36,17.16,0.0,5,8580,卖盘,605303,2025-10-17 22:55:21
11:25:54,17.15,-0.01,2,3430,卖盘,605303,2025-10-17 22:55:21
11:26:06,17.15,0.0,16,27433,买盘,605303,2025-10-17 22:55:21
11:26:09,17.16,0.01,6,10292,买盘,605303,2025-10-17 22:55:21
11:26:15,17.18,0.02,67,115007,买盘,605303,2025-10-17 22:55:21
11:26:30,17.2,0.02,16,27509,买盘,605303,2025-10-17 22:55:21
11:26:33,17.17,-0.03,56,96245,卖盘,605303,2025-10-17 22:55:21
11:26:36,17.17,0.0,249,427533,买盘,605303,2025-10-17 22:55:21
11:26:45,17.16,-0.01,17,29174,卖盘,605303,2025-10-17 22:55:21
11:27:00,17.16,0.0,338,583737,卖盘,605303,2025-10-17 22:55:21
11:27:30,17.18,0.02,1,1718,卖盘,605303,2025-10-17 22:55:21
11:27:36,17.26,0.08,15,25879,买盘,605303,2025-10-17 22:55:21
11:27:48,17.25,-0.01,69,119021,买盘,605303,2025-10-17 22:55:21
11:27:51,17.25,0.0,2,3450,卖盘,605303,2025-10-17 22:55:21
11:28:03,17.19,-0.06,4,6876,卖盘,605303,2025-10-17 22:55:21
11:28:06,17.19,0.0,1,1719,卖盘,605303,2025-10-17 22:55:21
11:28:15,17.18,-0.01,1,1718,卖盘,605303,2025-10-17 22:55:21
11:28:30,17.2,0.02,6,10320,买盘,605303,2025-10-17 22:55:21
11:28:39,17.22,0.02,31,53382,中性盘,605303,2025-10-17 22:55:21
11:28:54,17.22,0.0,8,13776,买盘,605303,2025-10-17 22:55:21
11:29:03,17.18,-0.04,5,8590,卖盘,605303,2025-10-17 22:55:21
11:29:15,17.22,0.04,108,185956,买盘,605303,2025-10-17 22:55:21
11:29:18,17.23,0.01,14,24066,买盘,605303,2025-10-17 22:55:21
11:29:24,17.23,0.0,8,13784,买盘,605303,2025-10-17 22:55:21
11:29:27,17.24,0.01,5,8620,买盘,605303,2025-10-17 22:55:21
11:29:30,17.23,-0.01,6,10338,卖盘,605303,2025-10-17 22:55:21
11:29:33,17.22,-0.01,6,10332,卖盘,605303,2025-10-17 22:55:21
11:29:36,17.23,0.01,15,25845,买盘,605303,2025-10-17 22:55:21
11:29:39,17.22,-0.01,34,58578,卖盘,605303,2025-10-17 22:55:21
11:29:45,17.22,0.0,10,17232,卖盘,605303,2025-10-17 22:55:21
11:29:48,17.22,0.0,1,1722,卖盘,605303,2025-10-17 22:55:21
11:29:51,17.22,0.0,10,17220,卖盘,605303,2025-10-17 22:55:21
13:00:06,17.18,-0.04,21,36137,卖盘,605303,2025-10-17 22:55:21
13:00:09,17.16,-0.02,147,253159,卖盘,605303,2025-10-17 22:55:21
13:00:15,17.2,0.04,69,118678,买盘,605303,2025-10-17 22:55:21
13:00:18,17.18,-0.02,25,42979,卖盘,605303,2025-10-17 22:55:21
13:00:21,17.18,0.0,7,12026,卖盘,605303,2025-10-17 22:55:21
13:00:24,17.21,0.03,18,30978,买盘,605303,2025-10-17 22:55:21
13:00:27,17.21,0.0,9,15489,卖盘,605303,2025-10-17 22:55:21
13:00:33,17.21,0.0,1,1721,卖盘,605303,2025-10-17 22:55:21
13:00:36,17.19,-0.02,6,10314,卖盘,605303,2025-10-17 22:55:21
13:00:42,17.18,-0.01,15,25770,卖盘,605303,2025-10-17 22:55:21
13:00:48,17.23,0.05,5,8608,买盘,605303,2025-10-17 22:55:21
13:01:03,17.18,-0.05,7,12026,卖盘,605303,2025-10-17 22:55:21
13:01:06,17.18,0.0,7,12026,卖盘,605303,2025-10-17 22:55:21
13:01:09,17.17,-0.01,3,5151,卖盘,605303,2025-10-17 22:55:21
13:01:12,17.17,0.0,27,46374,卖盘,605303,2025-10-17 22:55:21
13:01:15,17.21,0.04,12,20650,买盘,605303,2025-10-17 22:55:21
13:01:21,17.24,0.03,34,58564,买盘,605303,2025-10-17 22:55:21
13:01:24,17.25,0.01,4,6898,买盘,605303,2025-10-17 22:55:21
13:01:27,17.26,0.01,6,10352,买盘,605303,2025-10-17 22:55:21
13:01:33,17.27,0.01,1,1727,买盘,605303,2025-10-17 22:55:21
13:01:42,17.3,0.03,54,93346,买盘,605303,2025-10-17 22:55:21
13:01:48,17.36,0.06,591,1023873,买盘,605303,2025-10-17 22:55:21
13:01:51,17.38,0.02,129,224170,买盘,605303,2025-10-17 22:55:21
13:01:54,17.38,0.0,33,57346,买盘,605303,2025-10-17 22:55:21
13:01:57,17.36,-0.02,47,81602,卖盘,605303,2025-10-17 22:55:21
13:02:03,17.35,-0.01,8,13880,卖盘,605303,2025-10-17 22:55:21
13:02:09,17.35,0.0,19,32965,买盘,605303,2025-10-17 22:55:21
